4709 6767
355 509 407 568 bib

683 502 713 557 B.
735 501 860 560 nunant
881 501 990 558 tttdltt
1009 501 1167 558 suculae.
1191 500 1346 559 trudunt.
1366 501 1508 561 oeeutttt
1528 500 1617 561 esus
1637 501 1656 555 l.

1936 501 1984 557 bib

355 635 393 680 cst
414 620 552 683 Dorninur,
573 629 597 674 ct
617 618 702 672 cordis
722 620 778 686 ejus
796 628 928 672 scrutator
950 628 986 672 est
1014 634 1098 680 eurus,
1124 626 1146 669 et
1163 621 1185 677 A
1203 619 1382 689 iniquitatem,
1400 619 1457 672 odit
1472 619 1590 672 animam
1605 632 1693 682 suam,
1718 625 1753 675 do
1777 631 1833 689 quo
1854 625 1882 671 et
1900 617 1986 673 arnti-

355 712 453 780 linque
477 706 547 761 illius
560 705 675 757 arrditor.
699 704 760 758 llaec
778 704 910 759 sententia
926 704 1041 758 destruit
1067 717 1145 757 erro-

357 815 413 855 rcm
432 797 550 860 illorum,
568 794 613 863 qni
631 794 700 848 sicut
714 794 799 848 bonas
812 794 991 862 cogitationes
1006 794 1088 847 alico
1100 806 1148 846 uo-

357 893 399 946 bis
412 895 517 944 constat
530 885 666 955 inspirari,
682 885 719 938 ita
732 885 812 939 ctiam
827 886 913 939 malas
925 885 983 954 ipso
1002 884 1148 954 instigante

357 990 452 1051 putant
467 982 492 1032 in
509 987 601 1031 nostra
630 985 718 1031 metue
738 977 874 1048 generari,
901 991 961 1030 enm
977 975 1050 1030 nrrllo
1067 975 1148 1030 modo

357 1073 439 1136 bens,
455 1070 500 1139 qni
516 1082 621 1123 summo
633 1068 722 1122 bonus
734 1075 786 1132 est,
802 1076 828 1120 ct
847 1080 942 1120 ornnes
954 1066 1080 1120 homines
1091 1065 1149 1120 rnlt

356 1162 463 1226 salvari,
488 1169 570 1230 atque
597 1160 631 1215 ad
656 1159 822 1230 agnitionem
845 1159 969 1214 veritatis
995 1158 1147 1229 pervenire,

356 1255 546 1312 urceessitatem
561 1252 625 1307 mali
638 1252 713 1308 uerbi
727 1261 773 1305 aut
788 1251 862 1321 pravi
877 1261 954 1306 actus
968 1250 1046 1305 alieni
1062 1250 1149 1319 impo-

355 1358 413 1413 nat,
430 1362 480 1417 per
492 1361 572 1417 quem
584 1346 672 1416 perire
684 1345 780 1415 possit,
794 1345 865 1400 sicut
876 1344 992 1398 lacobus
1012 1343 1149 1413 apostolus

355 1437 473 1493 ostendit
497 1437 590 1492 dicens
605 1454 611 1489 ι
627 1434 711 1489 ll'erno
733 1450 794 1504 erqo
818 1448 876 1488 cum
902 1441 1034 1495 tentatur,
1056 1431 1149 1485 dicat:

357 1528 487 1595 Quoniam
502 1544 518 1580 a
531 1526 584 1581 Dea
596 1535 700 1589 tentar‚·
723 1523 792 1578 Deus
812 1524 880 1577 enirn
903 1523 1046 1577 intentutor
1067 1520 1150 1574 malo·

356 1635 414 1673 runt
431 1627 479 1683 est,
498 1618 552 1686 ipse
573 1619 640 1670 eninr
662 1615 792 1670 nerninem
807 1622 889 1667 tentat
903 1612 1007 1685 (Jacob.
1024 1612 1062 1680 1);
1079 1611 1149 1667 acsi

356 1710 459 1776 diecret
474 1727 481 1763 ι
497 1707 580 1762 Nemo
595 1723 656 1763 cum
681 1706 816 1777 rapinam,
831 1706 944 1770 turtum,
956 1703 1054 1760 salsum
1071 1704 1148 1759 testi-

356 1800 488 1864 moninm,
514 1798 700 1862 homicidium,
732 1805 868 1867 stuprum,
890 1795 1150 1865 velcaetcrahujus·

1201 717 1264 761 tur:

1235 796 1268 851 ln
1279 797 1478 868 coqitmionibus
1492 798 1561 851 enim
1576 798 1653 867 'impii
1665 797 1837 868 interraqatio
1849 797 1899 851 erit
1911 815 1920 863 ,·
1935 815 1987 853 ser·

1201 906 1305 943 ιιιοιιιιιιι
1321 899 1408 942 autern
1420 887 1492 941 illius
1504 888 1605 940 auditio
1618 887 1652 940 ad
1662 885 1805 941 Dominum
1818 888 1914 950 reniet,
1925 888 1991 942 etad

1200 979 1389 1049 correptionem
1409 980 1577 1050 iniquitatum
1590 977 1673 1031 illius.
1693 979 1825 1043 erarriam
1847 978 1922 1031 auris
1945 975 1992 1031 att

1200 1070 1274 1124 audit
1292 1070 1391 1131 omnin,
1405 1079 1429 1122 et
1450 1068 1577 1122 tumultus
1598 1070 1837 1122 murmurationum
1861 1085 1914 1122 nan
1935 1067 1993 1122 abs·

1200 1161 1335 1214 condetur.
1364 1159 1472 1214 Clamor
1498 1159 1677 1215 Sodomorum
1702 1169 1729 1214 et
1752 1157 1991 1214 Gomorrhasorura

1200 1253 1395 1324 multiplicatus
1408 1252 1483 1307 venit
1496 1252 1530 1305 ad
1546 1250 1891 1314 Dominnm,.etdescemlit
1910 1258 1943 1304 ιιι
1953 1250 1993 1303 ri·

1200 1346 1285 1409 deret,
1299 1354 1388 1399 utrum
1403 1342 1560 1406 clamorem,
1576 1342 1622 1411 qni
1634 1342 1707 1395 venit
1718 1341 1750 1394 ad
1765 1355 1804 1405 se,
1820 1354 1903 1411 opere
1915 1355 1992 1395 com·

1200 1436 1342 1505 plererint.
1367 1434 1451 1506 lgitur
1473 1433 1604 1488 Dominus
1631 1432 1699 1502 pluit
1725 1447 1807 1502 snper
1833 1439 1992 1502 peccatores

1200 1525 1314 1595 sulphur
1335 1533 1363 1580 ct
1377 1526 1467 1595 ignem
1488 1523 1640 1586 annrino,
1670 1531 1698 1576 et
1721 1523 1855 1577 snbvertit
1869 1523 1992 1577 ciritates

1200 1618 1250 1671 has
1278 1623 1426 1670 etomncm
1450 1614 1523 1669 circa
1546 1613 1693 1681 regionem.
1718 1611 1763 1667 Sic
1774 1619 1801 1667 et
1814 1614 1991 1669 nmrmuratia

1200 1706 1317 1762 filiarum
1332 1706 1415 1760 lsrael
1427 1703 1549 1759 ascendit
1574 1704 1608 1757 ad
1624 1703 1778 1768 llominum,
1805 1712 1833 1758 et
1843 1719 1908 1758 eece
1919 1702 1991 1760 saror

1201 1800 1307 1856 bomini
1319 1799 1471 1855 concitatus
1492 1799 1518 1853 in
1532 1797 1669 1867 populum,
1694 1797 1827 1865 percussit
1838 1812 1901 1851 curn
1914 1797 1991 1868 plaga

357 1893 428 1947 modi
445 1891 622 1955 commiserit,
650 1890 732 1953 dieat,
755 1889 883 1959 quoniam
902 1890 958 1945 Deo
971 1899 1084 1958 cogente
1102 1904 1148 1943 ue·
1201 1891 1402 1963 magnanimis.
1423 1890 1554 1944 Dominus
1575 1889 1647 1944 enim
1663 1888 1734 1943 Deus
1746 1888 1816 1958 ignis
1831 1901 1990 1943 consumens

357 1998 433 2038 cesse
447 1982 570 2037 lralruerit
583 1982 641 2036 lrsce
652 1990 773 2051 patrare,
783 1990 811 2034 et
821 1981 880 2035 idco
892 1979 1042 2035 nullatenus
1054 1981 1150 2035 horum
1165 1963 1188 2022 Β
1202 1989 1253 2048 cst,
1280 1982 1350 2037 Deus
1364 1981 1515 2045 emulator,
1540 1988 1568 2035 et
1580 1979 1675 2036 reddet
1686 1978 1834 2047 unicuique
1845 1978 1989 2034 secundun

356 2075 480 2131 ellectum
494 2074 613 2144 potuerit
630 2073 774 2127 declinare.
792 2071 861 2125 Dens
882 2073 950 2125 enim
963 2071 1093 2125 malorum
1109 2072 1150 2125 in-
1201 2089 1283 2144 opera
1290 2074 1469 2145 ejus,idcireo
1479 2072 1635 2128 necessario
1654 2080 1869 2127 noscommonct
1883 2071 1991 2143 Sapien-

357 2174 471 2219 tentator
487 2174 534 2228 est,
550 2163 721 2227 subauditur,
736 2169 965 2216 tentamentorum
986 2161 1062 2231 ;ipse
1080 2162 1150 2215 enim

359 2257 487 2310 nennium
503 2263 596 2317 tentent,
622 2267 654 2308 ea
667 2251 793 2307 videlicet
806 2252 965 2316 tentatione,
978 2266 1038 2320 qua
1050 2250 1151 2319 decipit

357 2346 472 2400 miseros
487 2350 515 2397 ut
528 2349 649 2413 peccent.
666 2340 770 2410 Uuplcx
790 2348 831 2395 est
842 2340 913 2394 enim
927 2353 1011 2410 genus
1025 2339 1151 2394 tentatio-

357 2436 410 2498 nis,
424 2446 508 2487 nnum
519 2428 591 2500 qnod
603 2428 714 2499 decipit,
738 2427 809 2482 alind
827 2428 900 2496 quod
915 2427 1028 2497 proliat;
1054 2441 1151 2481 sccun-

355 2524 420 2578 dnm
434 2524 485 2578 hoc
495 2521 566 2592 qnod
581 2520 690 2590 decipit,
706 2518 778 2573 Ucus
790 2518 925 2572 neminem
937 2525 1042 2582 tentat;
1056 2532 1151 2572 sccun-

275 2677 277 2682 ,
356 2618 419 2672 dum
436 2615 501 2670 illud
515 2612 587 2684 quod
598 2611 705 2683 probat,
725 2610 797 2664 Deus
819 2611 934 2663 tertiavit
946 2607 1095 2663 Abraham.
1112 2607 1150 2662 llo

356 2725 410 2780 qno
423 2717 451 2765 el
463 2707 598 2777 Propheta
609 2703 730 2776 postulat
742 2721 749 2757 ε
764 2701 853 2756 Proba
864 2718 911 2763 rue,
925 2700 1050 2765 Domine,
1061 2712 1085 2755 et
1095 2712 1150 2755 ten·

356 2813 383 2857 ta
394 2818 433 2855 nrc
449 2798 536 2871 (Paul.
553 2797 627 2868 ιιι).
641 2795 833 2865 Unusquisque
848 2809 911 2850 uero
926 2802 1073 2849 tentatura
1086 2810 1152 2850 oon-

356 2888 522 2960 cupiseentia
533 2903 581 2941 sua
593 2888 748 2940 abstractus
759 2892 787 2939 et
797 2884 917 2949 illectus,
930 2884 1034 2940 sciliect
1045 2886 1150 2939 abstra-

356 2991 417 3037 ctus
430 2995 445 3034 a
462 2988 536 3033 recto
554 2978 663 3041 itinere,
675 2986 702 3031 et
716 2975 821 3032 illectus
833 2976 859 3031 in
872 2976 972 3031 malum
993 2991 1047 3045 qno
1058 2985 1149 3031 tamen

355 3071 428 3142 justo
439 3070 484 3125 Dei
494 3070 596 3140 judicio
607 3068 774 3140 permittitur
785 3066 881 3123 cadere
892 3068 938 3138 qni
949 3068 1064 3138 Spiritui
1077 3068 1150 3122 ueri-

359 3165 422 3220 tatis
437 3163 653 3220 noluitobedire.

1203 2165 1239 2219 tia
1251 2166 1354 2221 dicens.

1542 2255 1633 2311 APUT
1654 2255 1696 2310 lli.

1203 2375 1339 2448 Sapientia
1353 2375 1427 2445 jubet
1447 2375 1613 2429 auditoribus
1637 2376 1692 2430 suis
1715 2385 1744 2429 ut
1762 2376 1953 2432 custodientes
1972 2393 1987 2431 a

1236 2447 1456 2507 murmuratione,
1479 2447 1676 2500 detractionem
1697 2447 1848 2512 mendacio,
1870 2448 1986 2518 quoniam

1232 2516 1341 2586 justitia
1368 2515 1525 2570 immortalis
1550 2524 1610 2580 est,
1630 2532 1676 2571 nec
1706 2517 1780 2588 impii
1800 2518 1986 2588 apprehendent

1238 2603 1305 2640 cam.

1238 2718 1373 2773 Custodite
1386 2734 1448 2789 erqo
1459 2735 1529 2773 uasa
1544 2721 1763 2785 murmuratione,
1783 2738 1844 2792 quae
1861 2721 1987 2793 uilrilpro·

1202 2811 1270 2875 dest,
1285 2818 1309 2864 et
1330 2809 1523 2864 udctractione
1543 2812 1642 2881 parcite
1661 2810 1768 2882 lirrqrrre,
1794 2814 1920 2883 quoniam
1940 2828 1987 2868 res·

1201 2916 1312 2971 pansum
1326 2898 1464 2954 obscurum
1479 2900 1508 2954 in
1536 2917 1645 2955 uacuum
1658 2918 1711 2956 non
1727 2901 1784 2957 ibit.
1801 2903 1888 2970 Quam
1904 2903 1987 2972 perni-

1202 2992 1283 3046 ciose
1310 2991 1365 3047 sint
1391 2992 1621 3047 murmurationes
1644 3001 1672 3046 et
1696 2993 1880 3050 detractiones
1902 2992 1987 3048 maltis

1203 3082 1344 3138 sententiis
1367 3097 1507 3137 sacrarum
1534 3082 1736 3152 Scripturarum
1755 3093 1838 3155 atquc
1866 3085 1987 3152 exemplis

1199 3174 1361 3245 judiciorum
1385 3173 1491 3228 Uonrini
1517 3159 1626 3245 probari
1653 3184 1757 3244 potcst;
1791 3177 1986 3233 maximorum

395 3276 527 3343 Quoniam
538 3276 646 3347 spiritus
659 3275 762 3330 Domini
780 3275 887 3347 replevit
905 3276 993 3331 orbem
1006 3285 1147 3331 terp-amm,
1178 3340 1184 3359 ἱ
1203 3266 1333 3322 Dominus
1345 3266 1402 3336 ipse
1422 3266 1558 3322 inuenitur
1578 3283 1660 3336 supet·
1670 3284 1858 3325 murmurosos
1878 3277 1906 3326 ei
1928 3283 1987 3339 qne·

358 3367 476 3438 Spiritus
490 3382 556 3438 ergo
568 3375 679 3422 sanctus
694 3366 740 3437 qui
755 3366 782 3419 in
797 3367 948 3436 primordio
960 3376 1149 3422 creaturarum
1163 3338 1185 3400 (Α

358 3459 485 3514 invisibili
508 3458 629 3530 potentia
643 3455 781 3513 lerobatur
798 3472 879 3528 snper
893 3474 988 3529 aqrras,
1007 3461 1151 3531 majestate

358 3565 406 3604 sua
426 3564 533 3605 omnem
550 3548 642 3619 implet
657 3557 684 3603 et
696 3548 816 3604 eontinet
830 3560 996 3617 creaturam,
1008 3552 1066 3606 sire
1079 3553 1151 3608 dono

358 3641 465 3695 uirtutis
482 3657 538 3696 sne
552 3640 639 3710 replet
648 3641 742 3696 orbem
753 3640 892 3706 Ecclesiae,
918 3643 944 3696 in
963 3658 1016 3713 quo
1030 3644 1151 3713 qnotidie

359 3730 479 3787 muneris
491 3731 533 3786 sui
548 3730 667 3787 ostendit
680 3729 842 3802 largitatem.
865 3731 929 3787 lndc
944 3736 1072 3804 estquod
1087 3736 1151 3790 sub·

355 3822 493 3895 jungitur:

394 3935 428 3990 Ει
440 3935 568 4006 lrocquud
589 3935 702 3990 continet
717 3939 804 3991 orrrrria
815 3938 952 3992 scientiam
977 3939 1052 3993 dabat
1069 3941 1150 4007 noeis,

357 4028 461 4098 quiunt
473 4027 572 4083 Paulus
589 4028 627 4082 ait
640 4045 646 4081 :

395 4140 448 4195 dlii
461 4137 646 4211 perspiritum
658 4108 832 4193 datursem'io
844 4140 990 4210 sapientire,
1006 4140 1054 4195 olii
1066 4157 1151 4197 scruta

358 4232 474 4287 scientie
485 4231 627 4285 secuudum
644 4230 763 4283 eurndem
783 4228 934 4301 Spiritum·
951 4230 1026 4285 alteri
1045 4231 1111 4301 fider
1124 4233 1152 4287 in

359 4321 448 4377 eedem
467 4317 579 4389 Spiritu,
602 4318 649 4372 olii
662 4318 747 4389 qratia
768 4318 911 4373 sanitatum
926 4321 954 4374 in
966 4337 1018 4374 urta
1038 4320 1152 4392 Spiritu,

360 4412 406 4467 alii
421 4412 537 4483 operatio
562 4409 696 4472 uirtutum,
723 4408 770 4463 alii
791 4409 946 4479 propinetis,
964 4410 1010 4465 alii
1029 4409 1152 4466 discretio

359 4503 510 4573 spirituum,
529 4499 576 4554 alii
605 4515 698 4570 qenera
719 4499 880 4569 linaearum,
904 4498 951 4553 olii
973 4500 1151 4571 interpretatio

359 4594 597 4651 sermonum:lnee
622 4593 690 4646 crtirn
711 4591 798 4645 omnia
831 4599 955 4661 operatur
978 4607 1047 4645 unus
1073 4601 1151 4663 atque

358 4685 429 4740 idem
450 4683 578 4756 Spiritus,
598 4680 716 4737 dividens
737 4679 850 4751 sinqulis
875 4689 954 4751 prout
978 4679 1030 4735 uult
1048 4679 1072 4753 (l
1086 4679 1149 4736 Cor.

360 4777 421 4850 ιιι).

395 4890 509 4961 Propter
528 4890 577 4943 boc
594 4887 639 4958 qui
658 4887 774 4957 loquitur
789 4886 880 4956 iniqua
904 4902 956 4940 nan
966 4896 1047 4956 potest
1058 4886 1150 4953 latere,

360 4996 407 5037 nee
420 4977 561 5051 preteribit
574 4976 649 5030 illurn
670 4976 814 5045 corripiens
822 4975 974 5045 judicium
1000 4977 1064 5045 quia
1079 4977 1150 5033 sieut

360 5069 439 5126 electi
457 5084 507 5140 per
521 5066 639 5136 Spiritus
661 5065 748 5121 sancti
764 5066 879 5136 gratiam
898 5067 1035 5137 accipiunt
1049 5068 1149 5124 donum

361 5160 482 5218 nienttae
492 5159 643 5230 etpietutis,
660 5159 700 5214 sie
711 5158 831 5214 lraeretiei
846 5166 926 5230 atque
938 5174 1032 5216 orrracs
1044 5162 1150 5230 reprobi

360 5255 471 5325 propria
484 5253 611 5323 superbia
628 5251 723 5318 inllati,
739 5262 821 5324 atquc
832 5268 847 5306 a
859 5254 976 5325 maligno
990 5254 1087 5325 spiritu
1109 5256 1151 5311 in·

362 5344 454 5413 stigati
465 5344 568 5398 erroris
585 5344 625 5397 sul
641 5343 788 5414 nequitiam
805 5359 886 5412 qnam
902 5345 1073 5414 impudenter
1086 5362 1151 5417 pro-

362 5436 464 5500 ferunt,
479 5451 572 5492 coram
585 5436 681 5505 spiritu
692 5434 741 5491 liei
752 5437 919 5493 abscondere
932 5449 1077 5506 nequeunt,
1089 5455 1152 5511 pro-

363 5527 426 5582 inde
443 5541 494 5581 nec
511 5524 592 5594 juste
613 5542 700 5597 paenae
722 5528 868 5582 uindictam
882 5528 997 5583 eradere
1018 5541 1150 5599 possunt;

363 5619 428 5691 qnia
441 5618 510 5673 sicut
523 5618 594 5673 oculi
607 5618 711 5673 Dounini
738 5631 819 5686 snper
829 5617 929 5686 justae,
952 5627 980 5672 et
993 5635 1073 5675 aures
1093 5620 1153 5690 ejus

363 5711 397 5764 ad
411 5723 506 5779 preces
525 5723 631 5775 eorrrm,
647 5709 684 5763 ita
697 5708 786 5763 rultns
802 5710 906 5764 lbomlni
928 5725 1009 5778 snper
1022 5711 1152 5767 facientes

363 5804 444 5869 mala,
460 5813 490 5857 ut
514 5802 610 5872 perdat
627 5803 660 5858 de
675 5809 745 5856 terra
762 5802 918 5856 memoriam
943 5817 1048 5858 eorum.
1061 5803 1153 5858 [bariti-

339 5931 343 5940 -
364 5909 415 5952 aus
432 5895 581 5967 interrogat
591 5892 695 5962 justum
709 5902 735 5947 ct
750 5892 872 5961 impium,
892 5893 938 5963 qni
962 5903 1052 5948 antem
1068 5892 1154 5964 diligit

1202 3356 1307 3412 rnlosos
1324 3357 1422 3426 sepius
1445 3356 1551 3413 misisse
1574 3358 1731 3412 vindictam.
1748 3358 1783 3413 Et
1800 3357 1939 3429 Scriptura
1953 3359 1988 3414 di·

1200 3449 1238 3505 cit
1251 3450 1322 3518 quod
1337 3448 1497 3502 abominatio
1514 3448 1620 3502 Uanrini
1638 3450 1671 3502 sit
1696 3449 1782 3503 amnis
1799 3448 1894 3504 illusor
1904 3447 1987 3521 (Pron

1201 3539 1255 3611 ιιι).
1282 3539 1352 3594 llicit
1366 3547 1394 3593 et
1418 3537 1586 3608 Apostolus:
1603 3536 1767 3592 susurrones
1790 3546 1815 3592 ct
1838 3539 1988 3593 detractores

1201 3630 1257 3684 lico
1268 3646 1324 3684 esse
1349 3629 1457 3684 odibiles
1475 3628 1564 3700 (Rom.
1582 3628 1613 3698 ι).
1630 3628 1699 3684 lline
1726 3636 1754 3683 et
1772 3629 1916 3699 psalmista
1930 3628 1987 3683 ait:

1202 3716 1386 3771 Detrabentem
1400 3717 1524 3771 aduersus
1538 3718 1686 3788 proximum
1704 3733 1783 3770 suum
1802 3716 1914 3780 occulte,
1926 3717 1988 3770 iisne

1200 3809 1382 3881 persequebar.
1401 3807 1478 3864 Unde
1489 3817 1517 3863 et
1530 3808 1594 3863 alibi
1610 3808 1707 3879 legitur
1723 3824 1730 3862 ι
1747 3808 1800 3874 Qui
1826 3809 1939 3863 detrabit
1950 3805 1989 3862 ut

1201 3903 1244 3955 eni
1273 3901 1310 3954 rei
1334 3900 1362 3955 in
1379 3901 1536 3971 futurumne
1556 3900 1665 3971 obliqat,
1686 3909 1711 3955 et
1734 3902 1804 3955 sicut
1824 3902 1926 3956 mordet
1944 3915 1989 3956 rer·

1201 4007 1265 4061 pens
1281 3991 1309 4043 in
1326 3989 1441 4054 silentio,
1465 3991 1503 4044 sic
1526 3990 1571 4053 qui
1590 3990 1689 4045 occulte
1706 3990 1822 4044 detrabit
1835 3989 1915 4060 fratri
1935 4005 1986 4045 rsa.

1202 4079 1276 4136 biars
1294 4091 1319 4136 et
1340 4082 1391 4135 nita
1412 4084 1439 4135 in
1452 4081 1572 4134 manibus
1583 4080 1689 4150 linqua.
1702 4081 1753 4148 Qui
1769 4083 1891 4151 peruersi
1908 4081 1987 4138 cordis

1201 4179 1253 4233 est,
1282 4186 1335 4225 non
1361 4171 1462 4225 inuenit
1498 4170 1610 4233 bonum,
1641 4179 1668 4224 et
1695 4172 1741 4241 qui
1770 4172 1853 4227 vertit
1877 4171 1986 4244 linguam

1202 4264 1297 4318 incidit
1317 4264 1344 4317 in
1358 4263 1469 4316 malum.
1487 4263 1520 4318 lit
1534 4264 1603 4318 bene
1618 4263 1718 4317 dicitur
1740 4264 1813 4334 qnod
1844 4275 1985 4335 responsus

1203 4352 1339 4407 obscurum
1362 4354 1389 4406 iu
1411 4368 1586 4406 nocuumnon
1609 4351 1665 4414 ibit,
1686 4353 1748 4422 quia
1762 4352 1869 4422 judicio
1892 4348 1986 4408 Domiti

1203 4444 1385 4499 reservabitur.
1401 4442 1477 4498 Unde
1491 4450 1534 4498 est
1547 4442 1880 4498 illanminicasententia
1893 4459 1900 4497 :
1913 4439 1985 4496 θιιιιι

1202 4532 1306 4587 terbum
1317 4534 1429 4586 otiosum
1446 4532 1516 4603 quod
1531 4532 1612 4585 loctrti
1623 4531 1721 4602 fuerint
1736 4531 1867 4596 bundare,
1887 4531 1984 4587 reddeat

1203 4626 1330 4679 rationem
1343 4626 1375 4680 de
1386 4626 1448 4679 eain
1462 4624 1619 4695 disjudicii.
1639 4624 1679 4678 Ex
1696 4626 1788 4680 veritis
1803 4627 1879 4681 enim
1893 4621 1983 4692 tuislu·

1164 4690 1191 4751 Ῑ)
1204 4715 1375 4781 stitlcaberis,
1389 4726 1417 4771 ct
1430 4732 1463 4771 ex
1477 4716 1566 4771 uerbis
1578 4715 1632 4770 tnis
1643 4715 1879 4773 condemnaberis.
1890 4718 1928 4774 lie
1939 4727 1982 4786 qm

1204 4812 1232 4861 et
1246 4804 1377 4859 subditur.

1239 4894 1275 4950 Os
1287 4907 1373 4950 autern
1390 4896 1460 4967 quod
1481 4898 1605 4951 anutitur
1624 4897 1719 4952 accidit
1735 4900 1864 4954 animam.
1891 4895 1981 4956 baetti

1202 5002 1314 5056 ergnos
1338 4988 1454 5044 mendax
1483 4989 1602 5043 animam
1624 4988 1709 5058 ipsius
1734 4991 1904 5057 mentientis,
1930 4987 1980 5060 quit

1203 5096 1332 5136 mucrone
1348 5081 1451 5152 peccati
1467 5081 1539 5135 illam
1553 5082 1775 5148 transverberat3
1791 5083 1864 5139 unde
1876 5093 1980 5139 sumno·

1202 5185 1266 5241 pere
1278 5170 1429 5226 carerrdum
1441 5178 1485 5225 cst
1494 5184 1575 5225 enine
1590 5172 1773 5233 mendacium,
1787 5174 1914 5241 quamuis
1926 5187 1981 5227 nor·

1203 5276 1340 5330 nunquam
1352 5260 1389 5315 sit
1399 5260 1507 5330 aliquod
1521 5261 1655 5316 mendacii
1674 5275 1759 5330 genus
1776 5261 1864 5331 culpae
1875 5261 1982 5317 levioris·

1203 5350 1226 5405 si
1247 5351 1389 5420 quisquam
1406 5350 1559 5419 praestando
1570 5350 1732 5405 beneficium
1745 5341 1987 5419 mauriannensi

1205 5447 1281 5508 pater
1295 5438 1461 5509 Augustinus
1476 5438 1545 5494 libro
1557 5441 1590 5494 de
1605 5440 1754 5506 blendacio,
1782 5442 1927 5497 manifeste
1942 5451 1989 5496 et·

1205 5526 1306 5596 primit,
1334 5541 1550 5583 commemorans
1563 5538 1626 5584 octo
1637 5545 1698 5585 esse
1712 5546 1811 5600 genera
1833 5532 1963 5588 mendacii
1982 5533 1993 5582 l

1205 5620 1277 5688 quod
1302 5620 1418 5689 qualiter
1443 5621 1582 5687 disseruit,
1611 5623 1656 5692 qni
1672 5623 1788 5677 voluerit
1812 5624 1849 5679 ibi
1873 5623 2000 5679 tancane

1205 5710 1312 5779 poterit
1341 5709 1392 5777 Qui
1409 5719 1499 5765 autem
1521 5712 1628 5781 aliquod
1649 5727 1734 5783 genius
1751 5714 1899 5778 mendacii,
1923 5695 2006 5784 qnttt¹

1205 5813 1346 5873 peccatum
1358 5817 1411 5857 non
1426 5804 1462 5858 sit
1472 5805 1617 5873 putaverit,
1636 5805 1735 5875 decipit
1753 5797 2008 5877 seipsamturpite‘

1207 5908 1268 5948 cum
1288 5894 1430 5948 lrnncstum
1443 5909 1472 5948 sc
1495 5910 1555 5950 esse
1571 5896 1740 5966 deceptorem
1754 5895 1903 5950 arbitratur·
1931 5895 2011 5950 aliv‘
