4709 6767
362 593 418 653 805
809 587 984 645 conssul.
1005 588 1039 644 tu
1057 588 1364 647 scelestasrtcuu.
1384 620 1420 633 -
1438 590 1503 647 ctu.
1523 590 1555 645 ll.
1952 594 2005 653 sud

362 706 431 760 leuis
455 716 547 767 noxae,
572 700 670 756 laisum
688 702 791 755 crimen
815 701 892 756 tratri
919 702 1074 772 imponere,
1090 717 1158 772 quo·
1171 707 1241 767 Aut
1267 702 1372 774 rugitus
1393 701 1480 757 leonis
1506 701 1543 754 ita
1570 710 1657 755 terror
1681 702 1781 771 regis:
1808 703 1854 775 qui
1874 718 2005 776 prouocat

361 793 435 848 uiant
450 792 528 847 testis
543 791 658 846 mendax
675 791 782 860 peribit.
806 789 881 847 Unde
896 792 924 845 in
937 791 1092 847 Proverbiis
1108 790 1158 847 Sa·
1208 809 1282 861 eum,
1294 802 1389 863 peccat
1403 793 1431 848 in
1450 794 1568 847 animam
1588 809 1664 848 suam
1679 791 1771 864 (Pron.
1791 796 1859 868 ιιιιι).
1884 817 1894 849 ι

361 884 464 956 pientia
480 884 547 938 dicit
564 881 859 938 :rsicutnoriusest
880 883 926 954 qui
950 883 1034 938 mittit
1048 882 1158 939 lanceas
1247 886 1393 942 «Humilia
1417 885 1495 941 valde
1524 885 1648 956 spiritum
1669 897 1745 941 tuum
1764 906 1771 940 :
1788 889 1917 958 quoniam
1943 892 2003 945 riu-

361 986 390 1034 et
402 977 516 1049 sagittas
526 976 555 1030 in
573 984 701 1040 mortem,
715 974 755 1030 sic
768 975 810 1028 vir
820 974 866 1045 qui
882 974 1067 1031 fraudulenter
1078 984 1158 1031 uocet
1211 994 1221 1028 ι
1240 976 1312 1032 dicta
1334 975 1426 1031 carnis
1439 973 1514 1044 impii
1535 974 1605 1044 ignis
1620 982 1648 1028 et
1660 974 1770 1029 vermis.
1791 994 1800 1026 ι
1825 973 1902 1032 Sicut
1914 980 2004 1034 orrtrris

361 1069 451 1123 amico
464 1082 530 1131 suo;
554 1073 581 1120 et
603 1081 666 1121 cum
688 1064 770 1121 luerit
784 1065 980 1135 deprehensus,
996 1065 1063 1121 dicit
1078 1080 1085 1119 :
1101 1065 1156 1119 Lu·
1206 1066 1311 1137 peccati
1324 1066 1431 1121 initium
1451 1074 1494 1120 cst
1518 1063 1656 1134 superbia,
1672 1064 1710 1118 ita
1731 1063 1837 1118 initium
1865 1067 2005 1136 sapientire

361 1160 430 1215 tiens
449 1156 501 1212 ieci
519 1154 719 1228 (Pronum).
737 1175 747 1207 ι
765 1155 800 1209 Et
823 1154 887 1211 alibi
910 1170 918 1209 ι
938 1173 948 1206 ι
967 1156 1006 1211 Ne
1023 1156 1155 1222 moliaris,
1207 1154 1346 1209 humilitas
1369 1163 1398 1210 et
1424 1155 1506 1208 timor
1532 1153 1590 1208 Uei.
1619 1153 1719 1208 Beatus
1745 1153 1816 1208 enirn
1848 1156 1929 1211 bomo
1956 1157 2003 1227 qui

361 1248 460 1319 inquit,
485 1247 575 1301 amico
596 1255 642 1301 tuo
673 1245 784 1312 malum,
813 1244 934 1300 cumiUc
957 1245 1056 1300 habeat
1082 1245 1109 1300 in
1130 1253 1156 1300 te
1206 1258 1313 1314 semper
1335 1244 1449 1316 pavidus
1471 1251 1513 1298 est
1538 1259 1545 1296 ε
1570 1242 1698 1313 quoniam
1723 1261 1732 1292 ι
1758 1242 1804 1313 qui
1832 1259 1862 1299 se
1888 1246 2003 1311 exaltat,

361 1336 489 1391 liduciam
506 1334 596 1407 (Pron.
609 1333 661 1405 ιιι).
681 1353 690 1387 ι
1206 1337 1408 1403 humiliabitur,
1428 1347 1456 1392 et
1478 1335 1524 1406 qui
1546 1351 1575 1392 se
1592 1335 1728 1400 humiliat,
1744 1336 1909 1391 exaltabitur
1925 1336 2002 1410 (datr.

400 1444 410 1476 ι
430 1426 488 1480 Noli
504 1424 572 1480 velle
584 1425 695 1479 mentiri
705 1439 786 1480 omne
800 1425 970 1480 mendacium
986 1443 992 1479 :
1009 1425 1156 1481 assiduitas
1206 1443 1269 1494 xrs,
1294 1427 1389 1499 xrrn).
1409 1447 1418 1479 ι
1436 1426 1563 1482 Vindicta
1585 1426 1675 1480 caruis
1697 1426 1772 1496 impii
1795 1427 1865 1497 ignis
1893 1436 1921 1481 et
1947 1443 2004 1482 rer·

362 1532 373 1567 r
396 1516 470 1571 euim
490 1515 561 1570 illius
587 1529 641 1569 non
666 1523 708 1569 est
730 1515 811 1570 bona
840 1537 850 1568 ι
874 1514 960 1571 Omne
983 1516 1155 1572 mendacium
1206 1534 1282 1585 mes,
1305 1511 1368 1588 qtiia
1392 1532 1457 1573 caro
1485 1527 1678 1588 peccatorum,
1696 1534 1757 1587 quac
1783 1517 1887 1572 luxuria
1910 1518 2004 1575 alllue·

360 1607 472 1663 noxium
483 1615 535 1671 est,
551 1606 614 1675 quia
626 1615 767 1676 peccatum
786 1615 837 1662 est.
852 1606 889 1662 Os
904 1607 976 1662 enim
988 1607 1060 1677 quod
1080 1623 1156 1662 meu·
1204 1610 1251 1665 bat
1269 1610 1296 1664 in
1320 1608 1431 1673 mundo,
1446 1608 1527 1664 simul
1553 1624 1615 1663 cum
1632 1608 1721 1662 anima
1746 1609 1835 1678 poenis
1854 1611 1962 1665 additur
1976 1613 2004 1667 in

359 1699 437 1763 titur,
455 1697 555 1753 occidit
577 1699 712 1764 animam;
737 1706 765 1751 ct
778 1706 880 1768 quanto
897 1699 959 1769 quis
981 1699 1047 1754 illud
1060 1700 1153 1765 usitat,
1206 1697 1309 1765 laturo,
1319 1710 1347 1755 ct
1363 1701 1425 1771 igue
1439 1699 1608 1755 cruciabitur
1617 1700 1755 1771 gehennae.
1768 1698 1893 1756 Vermem
1914 1711 2003 1758 autem

359 1796 437 1843 tanto
462 1786 614 1858 grariurem
639 1787 772 1843 sarcinam
797 1797 967 1858 peccatorum
992 1790 1153 1845 accumulat.
1205 1799 1234 1847 et
1246 1792 1334 1862 ignem
1347 1792 1372 1845 in
1389 1792 1511 1863 gehenna
1523 1806 1583 1846 esse
1597 1791 1654 1861 ipsc
1669 1790 1800 1846 Dominus
1809 1801 2004 1849 commemorat
2087 1799 2089 1804 '

359 1876 415 1932 Sed
432 1876 615 1933 licetdirersa
640 1893 739 1949 genera
759 1879 813 1933 sint
830 1880 1044 1945 mendaciorum,
1065 1892 1154 1936 tamen
1206 1880 1234 1935 in
1257 1881 1422 1952 Evangelio,
1447 1881 1564 1937 dicens:
1592 1899 1602 1932 ι
1626 1881 1705 1936 Etsi
1728 1881 1952 1938 scandalizaverit
1978 1893 2004 1940 te

358 1968 478 2037 primum
503 1981 536 2021 ac
560 1966 677 2038 capitale
702 1975 744 2021 est
762 1968 933 2023 mendacium
957 1968 1089 2040 longeque
1113 1969 1149 2024 lu·
1206 1985 1302 2025 marrus
1322 1979 1379 2036 tua,
1393 1971 1522 2026 abscinde
1534 1970 1628 2025 illam:
1647 1972 1800 2026 bonumest
1824 1970 1872 2026 tibi
1888 1972 2003 2028 debilem

358 2056 497 2130 mendum,
511 2058 582 2126 quod
605 2056 635 2111 lit
649 2058 676 2111 in
700 2056 823 2112 doctrina
842 2057 979 2129 religionis
1004 2076 1010 2111 :
1033 2059 1068 2115 ad
1081 2060 1153 2129 quod
1167 2057 1192 2116 B
1206 2058 1318 2115 introire
1344 2060 1371 2114 in
1395 2061 1494 2125 rium,
1509 2076 1590 2131 quam
1606 2062 1673 2116 duas
1692 2076 1788 2116 manus
1804 2060 1948 2116 habentem
1965 2062 2005 2118 ire

359 2146 531 2202 mendacium
546 2146 619 2202 nulla
630 2146 784 2202 conditione
796 2147 940 2217 quisquam
952 2147 1032 2202 debet
1046 2149 1153 2214 adduci,
1206 2150 1233 2205 in
1259 2151 1467 2221 gehennarum
1488 2151 1577 2220 iguem
1598 2149 1855 2220 inexstinguibilem,
1873 2150 1917 2204 ubi
1943 2166 2005 2205 rer-

358 2239 423 2308 quia
437 2253 486 2309 per
501 2240 554 2295 hoc
572 2240 755 2295 certissimum
780 2248 823 2295 est
847 2240 984 2295 hominem
1001 2256 1017 2295 a
1037 2240 1093 2297 Deo
1114 2257 1157 2297 sc-
1206 2242 1259 2297 mis
1272 2257 1366 2297 eorum
1390 2258 1443 2297 non
1458 2242 1582 2307 moritur,
1602 2250 1630 2296 et
1652 2242 1722 2314 ignis
1746 2256 1799 2295 nou
1823 2241 2004 2313 exstinguitur

356 2331 462 2402 parari.
493 2330 621 2401 Quisquis
643 2341 733 2387 autem
768 2332 877 2402 aliquod
903 2348 988 2404 genus
1021 2335 1154 2389 mendacii
1207 2332 1397 2406 (dirrumpe
1423 2333 1558 2388 interme
1582 2332 1752 2402 putredinem
1768 2332 1914 2400 gebcnnae.
1934 2331 2003 2386 sicut

358 2422 433 2491 quod
449 2431 592 2492 peccatum
611 2437 665 2477 uon
685 2424 720 2477 sit
734 2424 886 2493 putaverit,
909 2424 1024 2495 decipiet
1036 2426 1155 2496 seipsum
1206 2425 1234 2480 in
1250 2426 1311 2494 igne
1323 2426 1448 2480 ardorem
1461 2425 1601 2495 designat,
1623 2424 1680 2479 sire
1702 2438 1821 2477 vermem
1835 2423 1900 2478 dicit
1914 2438 2003 2477 seram

358 2513 485 2583 turpiter,
502 2529 563 2569 eum
586 2515 729 2569 honestum
755 2529 784 2569 se
809 2514 979 2584 deceptorem
1007 2515 1156 2571 arbitratur
1206 2515 1339 2571 scelerum
1354 2515 1569 2585 poenitudinem,
1595 2530 1655 2584 quae
1675 2529 1814 2583 nunquam
1829 2513 1857 2567 in
1883 2522 1988 2569 tormen

358 2603 486 2660 aliorum.
1204 2607 1242 2661 tis
1263 2606 1461 2661 conscientiam
1484 2604 1647 2662 afflictorum
1672 2605 1797 2660 mordere
1822 2603 1949 2671 cessabit,
1974 2616 2004 2658 ut

360 2683 365 2690 ’
401 2696 480 2754 «Noli
491 2700 623 2754 verbosus
631 2713 690 2754 esse
700 2698 727 2752 in
740 2698 912 2754 multitudiue
922 2699 1153 2769 presbyterorum,
1205 2697 1275 2768 ignis
1287 2697 1323 2752 sit
1339 2711 1420 2766 poena
1435 2697 1605 2752 extrinsecus
1620 2695 1744 2762 saeviens,
1759 2696 1861 2752 termis
1874 2695 1950 2752 dolor
1962 2697 2004 2751 iu-

362 2810 373 2845 ι
390 2800 418 2848 et
430 2807 483 2847 uon
494 2791 578 2847 iteres
592 2792 704 2847 uerbum
718 2791 745 2845 in
761 2800 806 2846 tua
821 2791 977 2846 orationes
993 2790 1060 2859 Quia
1076 2806 1156 2860 supe·
1206 2788 1291 2845 terius
1303 2804 1445 2845 accusans.

358 2881 419 2937 rius
438 2882 566 2946 tinuimus,
581 2880 696 2951 capitale
718 2894 778 2936 esse
796 2880 966 2935 mendacium
980 2879 1007 2933 in
1031 2879 1154 2935 doctrina
1244 2878 1517 2949 ‹Nolipraeraricari
1531 2879 1558 2934 in
1581 2878 1699 2934 amicum
1721 2877 1863 2948 pecuniam
1878 2875 2004 2933 dill'eren-

357 2973 509 3045 reiigionis.
525 2973 653 3043 Quisquis
667 2973 736 3027 hauc
749 2973 914 3028 sententiam
928 2976 1089 3038 servaverit,
1103 2973 1155 3027 lroc
1209 2986 1219 3020 ι
1237 2978 1304 3036 tem,
1319 2984 1408 3040 neque
1421 2968 1533 3024 fratrem
1546 2969 1739 3025 charissimum
1749 2983 1816 3023 auro
1828 2968 1974 3039 spreveris.
1991 2989 2000 3021 ι

357 3073 412 3130 est,
428 3064 474 3135 qui
490 3063 642 3119 doctrinam
662 3064 798 3118 seniorum
822 3063 909 3133 magis
930 3062 1025 3117 deuote
1049 3062 1153 3126 audire,
1205 3060 1280 3116 Uulti
1301 3062 1441 3132 perierunt
1471 3069 1582 3132 propter
1603 3061 1758 3125 auaritiam,
1776 3070 1804 3117 et
1829 3061 2003 3131 cupiditatem

357 3169 442 3225 quarn
466 3170 543 3210 suam
558 3155 728 3225 impudenter
748 3154 871 3225 prolerre
895 3153 1088 3224 delegerit‚ab
1103 3154 1155 3208 buc
1206 3160 1375 3207 terrenarum
1399 3169 1488 3209 rerum
1515 3153 1646 3207 babentes
1672 3153 1847 3221 proximum,
1875 3153 1926 3207 boc
1950 3161 2001 3220 est,

356 3244 481 3314 periculo
496 3244 601 3316 longius
616 3245 678 3299 erit.
694 3244 790 3299 Tutius
802 3245 874 3299 enim
898 3253 939 3299 est
960 3245 1055 3299 audire
1071 3259 1153 3314 quam
1205 3243 1352 3309 bominem,
1368 3244 1415 3313 qui
1440 3245 1473 3298 ad
1501 3243 1645 3315 imaginem
1668 3243 1715 3297 liei
1741 3242 1868 3298 conditus
1887 3251 1938 3310 cst,
1955 3260 2002 3298 nc-

357 3335 443 3407 iuqui.
459 3336 537 3392 Unde
551 3335 669 3392 lacobus
694 3337 721 3390 in
744 3336 865 3406 Epistola
888 3352 936 3391 sua
961 3337 1097 3400 admonet,
1114 3336 1154 3392 di·
1205 3333 1354 3404 glexerunt.
1379 3334 1441 3388 ideo
1466 3334 1544 3388 docet
1568 3342 1599 3386 ut
1620 3333 1707 3404 magis
1733 3332 1824 3403 diligat
1848 3334 2001 3403 proximum

357 3442 446 3483 cens:
465 3443 476 3478 ι
505 3425 546 3481 Sit
566 3436 656 3481 autem
684 3427 773 3482 omnis
792 3427 874 3481 homo
896 3425 974 3480 uelox
990 3426 1023 3480 ad
1040 3426 1153 3481 audien·
1167 3404 1190 3467 C
1206 3439 1287 3493 quam
1307 3424 1429 3493 pecuniae
1453 3425 1622 3479 thesaurum.
1641 3441 1650 3473 ι
1669 3423 1756 3478 Radix
1781 3423 1853 3479 enim
1880 3425 2001 3481 omniurn

357 3516 434 3583 dum,
455 3516 549 3573 tardus
562 3525 652 3572 autem
667 3517 701 3572 ad
712 3517 921 3587 loquendum,et
934 3517 1070 3572 tardusad
1084 3517 1153 3571 iram
1205 3516 1338 3572 malorum
1363 3524 1405 3572 est
1421 3516 1574 3587 cupiditas,
1599 3531 1681 3585 quam
1705 3516 1815 3586 quidam
1843 3525 2002 3587 appetentes

1205 3614 1394 3661 erraverunta
1410 3606 1474 3672 lrde,
1485 3615 1512 3660 et
1525 3606 1700 3661 inseruerunt
1714 3618 1743 3658 se
1757 3605 1896 3660 doloribus
1910 3607 2002 3661 multis

368 3608 431 3664 Juc.
452 3625 483 3663 t.
502 3628 512 3662 r

357 3608 368 3682 (
396 3715 406 3748 ι
425 3608 484 3752 llo)n
510 3698 601 3753 oderis
629 3697 763 3753 laboriosa
786 3710 880 3767 opera,
901 3704 928 3751 et
948 3696 1151 3752 rusticationem

360 3805 371 3840 a
390 3788 580 3844 abditissimo
600 3798 731 3845 creatam.
750 3808 760 3840 ι
780 3787 842 3843 Utili
868 3787 953 3842 labori
972 3788 1110 3852 insistere,
1126 3795 1153 3842 et

357 3878 524 3934 otiositatem
540 3877 643 3950 lugere,
659 3879 793 3935 laudabile
804 3880 857 3943 est,
871 3878 935 3948 quia
956 3879 1081 3935 otiositas
1100 3879 1152 3934 iui-

358 3969 430 4025 mica
444 3970 604 4025 estanimae.
620 3969 697 4025 Unde
711 3978 739 4023 et
754 3969 855 4024 Paulus
866 3968 1154 4024 Thessalonicensibus

359 4061 478 4131 scripsit,
503 4069 533 4115 ut
556 4077 618 4116 eum
642 4061 749 4116 silentio
773 4067 920 4130 operantes
947 4075 1025 4114 suurn
1054 4075 1152 4130 panem

358 4151 534 4220 manducent,
551 4153 603 4209 boc
616 4153 729 4219 addens,
752 4153 774 4207 si
790 4152 851 4222 quis
866 4167 919 4206 non
938 4149 1020 4205 vellet
1034 4150 1153 4220 operari,

358 4257 408 4300 nec
433 4243 629 4310 manducaret,
644 4259 721 4298 suum
748 4242 902 4312 exemplum
926 4241 966 4295 eis
987 4256 1151 4311 proponens,

1205 3695 1238 3769 (l
1259 3696 1326 3751 Tim.
1343 3698 1391 3768 rr).
1410 3717 1419 3749 ι
1437 3697 1470 3752 Et
1491 3698 1599 3763 merito,
1621 3696 1685 3767 quia
1700 3696 1844 3751 dilectione
1865 3697 1924 3763 Uei,
1942 3714 2002 3768 quac

1206 3788 1406 3844 firmamentum
1428 3799 1470 3846 est
1487 3789 1610 3859 justitiae,
1622 3788 1808 3861 perdiderunt.
1834 3788 2003 3860 Quapropter

1204 3878 1323 3935 loannes
1346 3880 1482 3945 bortatur,
1509 3880 1624 3934 dicens:
1644 3897 1653 3927 ι
1672 3877 1760 3932 Nolite
1785 3878 1897 3949 diligere
1923 3895 2002 3933 muo-

1204 3970 1281 4037 dum,
1298 3985 1385 4040 neque
1398 3986 1430 4025 ea
1446 3985 1505 4040 quac
1527 3969 1554 4023 in
1576 3969 1677 4023 mundo
1700 3976 1771 4023 sunt.
1797 3968 1825 4023 Si
1839 3968 1900 4038 quis
1914 3968 2002 4039 diligit

1205 4063 1345 4129 mundum,
1362 4078 1414 4118 uon
1430 4071 1472 4118 cst
1485 4063 1606 4118 ebaritas
1620 4061 1708 4116 Patris
1719 4062 1746 4115 iu
1757 4076 1789 4115 eo
1800 4060 1827 4133 (l
1840 4061 1971 4135 lucian).
1988 4082 1998 4114 ι

1204 4153 1238 4207 Ει
1250 4155 1315 4209 item
1332 4174 1339 4209 z
1358 4176 1367 4206 ι
1382 4155 1434 4223 Qui
1452 4156 1589 4219 babuerit,
1601 4155 1699 4224 iuquit,
1712 4152 1891 4208 substantium
1907 4154 1999 4207 mundi

1205 4251 1232 4297 et
1244 4242 1342 4297 viderit
1363 4242 1474 4298 tratrem
1491 4258 1569 4298 suurn
1592 4255 1704 4297 necesse
1717 4242 1827 4307 babere,
1851 4248 1879 4295 et
1897 4240 2002 4296 clause-

358 4336 487 4407 quoniam
509 4350 562 4391 non
576 4337 713 4407 inquietus
732 4336 783 4391 luit
794 4336 864 4391 inter
879 4350 936 4401 eos,
953 4348 1041 4403 raeque
1055 4347 1153 4404 panem
1205 4334 1241 4389 rit
1257 4335 1362 4392 viscera
1385 4351 1433 4390 sua
1457 4336 1491 4389 ab
1504 4350 1555 4400 eo,
1570 4334 1707 4405 quomodo
1730 4332 1849 4389 charitas
1873 4333 1919 4387 Uei
1943 4348 2000 4386 rna-

358 4425 443 4496 gratis
457 4425 492 4480 ab
506 4424 596 4495 aliquo
610 4426 798 4492 manducarit,
826 4423 873 4481 sed
889 4426 916 4480 in
932 4424 1025 4480 labore
1046 4432 1074 4480 ct
1092 4423 1154 4478 lati·
1205 4435 1252 4479 net
1266 4424 1293 4479 in
1315 4426 1366 4481 eo?
1380 4425 1406 4496 (l
1420 4426 1502 4480 loun.
1513 4424 1566 4497 ιιι.)
1580 4424 1630 4493 Qui
1646 4432 1756 4495 propter
1777 4424 1897 4479 amicum
1915 4423 2001 4495 negli-

358 4518 479 4587 gatione,
491 4527 572 4574 nocte
585 4528 613 4575 et
624 4520 667 4574 die
680 4535 810 4590 operans,
828 4535 862 4575 ne
875 4533 1039 4589 quemquam
1060 4531 1153 4572 eorum
1204 4516 1244 4586 git
1258 4516 1403 4582 damnum,
1416 4515 1507 4584 justus
1532 4525 1589 4584 est;
1605 4524 1633 4570 et
1646 4515 1692 4586 qui
1708 4515 1766 4571 odit
1789 4530 1913 4581 muuera,
1928 4515 2001 4569 rirct

358 4615 487 4678 gravaret
499 4607 541 4681 (ll
558 4608 649 4664 Thess.
670 4612 716 4682 ιι).
739 4610 815 4679 Quod
832 4619 923 4665 autem
949 4610 1153 4665 rusticationem
1206 4604 1298 4680 (Pron.
1312 4623 1360 4671 arr,
1382 4607 1438 4679 xv).
1455 4627 1464 4659 ι

358 4697 423 4753 dicit
445 4699 480 4754 ab
494 4699 634 4755 ditissimo
651 4710 782 4767 creatam,
807 4700 941 4771 signidcat
957 4699 1080 4771 peccanti
1104 4699 1192 4810 tro-D
1244 4718 1253 4749 ι
1267 4697 1326 4752 Noli
1343 4698 1507 4754 discederes
1522 4698 1634 4755 muliere
1654 4706 1761 4754 sensata
1777 4707 1806 4753 et
1816 4697 1903 4764 bona,
1919 4713 2000 4769 quam

358 4788 423 4843 mini
434 4788 506 4844 banc
519 4791 681 4845 sententiam
692 4792 794 4856 datam,
806 4800 837 4845 ut
850 4791 941 4845 labore
956 4806 1085 4845 manuum
1100 4790 1151 4845 sibi
1210 4807 1219 4839 ι
1238 4788 1350 4843 sortitus
1371 4804 1402 4845 cs
1417 4790 1443 4843 in
1460 4790 1558 4846 timore
1573 4789 1631 4844 Uei.
1650 4809 1659 4841 ι
1677 4788 1832 4844 Secundum
1859 4789 2001 4843 historiam

357 4881 458 4936 rictum
470 4890 605 4950 quaereret
620 4901 626 4936 :
640 4891 671 4937 ut
682 4891 724 4937 est
738 4882 803 4936 illud
813 4882 964 4937 Geneseos:
978 4899 987 4931 ι
1002 4881 1031 4935 ln
1042 4881 1149 4947 sudore,
1206 4877 1295 4933 leodos
1317 4876 1433 4949 conjugii
1452 4877 1613 4933 serrandum
1640 4877 1728 4942 docet,
1744 4892 1778 4932 ne
1792 4875 1871 4931 tacite
1884 4876 2001 4934 disrum-

358 4970 455 5041 iuquit,
471 4972 562 5027 vultus
577 4974 615 5028 tui
635 4975 755 5029 resceris
778 4989 867 5044 pane,
895 4974 981 5028 donce
1005 4974 1151 5028 revertaris
1205 4974 1296 5037 palor,
1311 4967 1388 5037 juxta
1412 4966 1476 5021 illud
1494 4966 1700 5038 evangelicum:
1718 4985 1727 5017 ι
1743 4965 1819 5033 Quod
1841 4966 1912 5020 lleus
1936 4981 2000 5020 con-

358 5061 384 5116 in
399 5073 502 5119 terram
516 5064 550 5120 dc
563 5080 615 5134 qua
631 5075 753 5135 sumptus
766 5079 796 5120 es
810 5080 817 5119 ι
833 5066 896 5135 quia
918 5064 1006 5135 pulvis
1020 5080 1061 5130 es,
1082 5071 1110 5118 et
1123 5065 1150 5118 ln

356 5152 496 5223 pulverem
507 5156 653 5211 reverteris
667 5153 742 5228 (Gen.
762 5157 814 5229 ιιι).
832 5176 842 5208 ι

394 5240 485 5297 «Non
512 5252 538 5298 te
565 5253 674 5314 reputes
694 5246 722 5300 in
743 5246 914 5302 multitudine
938 5246 1150 5318 indisciplinato-

361 5349 370 5383 ι
388 5348 464 5399 ιιιιιι;
490 5346 626 5393 memento
647 5339 704 5402 irae,
720 5339 849 5409 quoniam
866 5354 919 5395 non
935 5340 1060 5395 tardabit.
1078 5360 1087 5392 ι
1103 5339 1148 5393 ln-

357 5422 545 5494 discipliuatos
572 5437 649 5483 vocat
673 5430 808 5500 inquietos
829 5437 857 5484 et
881 5430 1076 5495 inobedientes,
1102 5431 1149 5500 qui

356 5516 499 5586 praecptis
514 5517 560 5573 Uei
575 5519 688 5576 obedire
708 5520 824 5576 nolunt:
845 5522 873 5576 in
889 5536 1005 5591 quorum
1019 5522 1149 5578 societate

356 5610 511 5665 caturersari
533 5611 714 5681 periculosum
729 5621 779 5677 est
802 5613 866 5683 quia
889 5612 986 5668 talibus
1009 5620 1081 5669 certa
1107 5628 1149 5667 rc-

1202 5058 1290 5131 juxit,
1304 5060 1385 5114 bomo
1400 5074 1453 5113 nou
1477 5067 1587 5128 separet
1607 5058 1715 5129 (dluttlr.
1730 5056 1799 5128 xix).
1818 5076 1828 5109 ι
1850 5056 1899 5111 Vel
1914 5057 2000 5127 magis

1200 5150 1279 5220 justa
1294 5152 1460 5223 allegoriam,
1474 5167 1489 5205 a
1505 5151 1633 5207 societate
1649 5150 1775 5206 Ecclesia
1785 5149 1890 5205 fidelem
1906 5165 2000 5219 quent·

1203 5243 1269 5299 libet
1280 5244 1405 5313 prohibet
1417 5244 1567 5308 discedere,
1582 5244 1645 5313 quia
1657 5253 1765 5314 pactum
1778 5243 1850 5313 quod
1865 5258 1928 5299 cum
1943 5245 1998 5299 Deo

1202 5339 1230 5393 iu
1246 5337 1408 5410 baptismate
1427 5337 1539 5408 pepigit,
1564 5336 1676 5392 omnino
1699 5350 1808 5392 necesse
1828 5343 1869 5391 est
1889 5343 1919 5391 ut
1941 5351 1999 5392 ser-

1201 5435 1265 5494 rct,
1287 5426 1415 5497 quoniam
1440 5442 1538 5498 magua
1553 5426 1736 5482 remuneratio
1759 5436 1888 5497 sequetur
1901 5425 1995 5488 illum,

1202 5520 1248 5591 qui
1263 5534 1333 5575 vera
1342 5518 1479 5589 religionis
1491 5518 1560 5574 ddus
1574 5526 1780 5574 estessecutor.
1794 5516 1870 5573 Unde
1886 5513 1996 5584 subjun-

1202 5611 1285 5681 gitur.

354 5700 509 5756 servabitur
527 5702 656 5769 vinidicta,
671 5718 752 5776 quam
766 5704 813 5760 irae
828 5705 937 5759 nomine
960 5711 1107 5773 nuncupat,
1125 5703 1148 5759 si
1240 5721 1250 5755 ι
1268 5703 1362 5760 Gratia
1385 5704 1458 5760 enim
1474 5703 1645 5761 verecundiae
1666 5702 1737 5758 iUius
1760 5715 1843 5772 super
1860 5713 1991 5754 aurum.»

355 5806 410 5846 ιιοιι
438 5807 468 5848 se
491 5794 525 5849 ad
553 5795 694 5852 meliorem
718 5797 802 5851 uitam
826 5795 1005 5853 correxerint.
1021 5793 1098 5851 Unde
1121 5794 1148 5849 in
1200 5813 1258 5846 -r
1277 5795 1346 5864 Quia
1359 5796 1454 5852 oeulos
1465 5812 1519 5852 non
1532 5796 1609 5862 vidit,
1620 5810 1672 5850 nec
1686 5794 1761 5848 auris
1773 5789 1886 5853 audivit,
1901 5788 1993 5844 necin

355 5877 511 5938 Proverbiis
522 5885 653 5955 scriptum
666 5895 709 5941 est
734 5903 740 5940 :
765 5904 774 5937 ι
791 5886 889 5941 Parata
904 5893 968 5942 sunt
981 5884 1149 5940 derisoribus
1200 5900 1249 5942 cor
1260 5885 1377 5941 bominis
1393 5886 1532 5951 ascendit,
1544 5902 1605 5958 quae
1615 5882 1779 5957 preparavit
1791 5879 1863 5938 oeus
1883 5878 1927 5935 bis
1945 5879 1993 5954 qni

353 5966 502 6039 iuducet
515 5974 606 6032 mallei
619 5978 802 6046 percutientes
816 5977 961 6033 stultorum
978 5976 1069 6034 corda.
1085 5975 1147 6032 Sic·
1200 5975 1314 6047 diligunt
1336 5976 1412 6031 illum
1435 5974 1468 6049 (l
1481 5974 1542 6031 Cor.
1565 5974 1607 6048 ιι).
1627 5994 1637 6029 ι
1654 5973 1736 6046 Potes
1759 5970 1830 6032 banc
1850 5968 1993 6028 mulierem
