4709 6767
368 630 403 687 st
685 623 715 678 b.
736 619 863 677 nstttb't
882 616 991 674 thtttttt
1008 610 1169 671 lectitet).
1191 608 1346 667 huuhnt.
1366 608 1509 667 deenen
1528 607 1619 665 etus
1638 608 1658 665 i.
1956 613 1990 669 itt

370 741 498 799 cisomtn.
528 736 654 793 Nonnihil
675 747 763 792 tamen
787 734 937 789 futurorum
961 729 1095 801 signihcat
1108 739 1151 781 res
1166 728 1192 787 Α
1205 739 1274 778 ιιιιιι.
1288 722 1380 793 Dagon
1395 724 1587 792 interpretatur
1596 722 1674 794 piscis
1691 723 1821 789 tristitie,
1834 725 1991 795 significans

372 830 429 884 haee
439 837 514 898 gesta
525 827 682 899 prophetice.
695 826 765 880 Arca
780 824 852 879 enim
877 822 922 877 illa
945 822 979 875 ab
998 818 1155 889 alienigenis
1205 813 1308 867 hostem
1320 813 1470 881 antiquum,
1481 812 1527 881 qni
1540 813 1566 867 in
1581 827 1657 867 mare
1669 811 1747 866 istius
1758 814 1850 868 mundi
1874 816 1991 883 positus,

346 923 349 928 “
372 927 467 989 capta,
482 918 617 972 indicabat
634 924 822 971 testamentum
851 911 899 966 Dei
922 910 1097 965 transiturum
1122 907 1155 961 ad
1205 905 1317 960 devorat
1329 904 1489 976 piscatores.
1502 904 1587 972 Quem
1599 903 1669 959 liber
1679 901 1730 959 tob
1741 902 1884 959 beeintlren
1901 915 1929 961 et
1940 906 1992 962 De-

370 1015 472 1078 gentes.
487 1007 600 1075 Quando
611 1007 683 1061 enim
706 1004 856 1058 rturttiatum
874 1010 916 1056 est
937 1001 995 1055 licii
1022 997 1155 1054 sacerdoti
1204 996 1472 1063 temnentemque
1505 995 1552 1069 ιι)
1568 1004 1714 1065 nuncupat.
1729 994 1783 1067 (Ee
1797 995 1924 1067 isidoro.)
1938 997 1991 1054 Sed

370 1106 474 1168 captam
490 1097 677 1152 luissearcam
691 1093 853 1156 Dei,eeeidit
868 1093 901 1148 de
915 1092 980 1147 sella
995 1099 1154 1153 retrorsum,
1204 1088 1322 1157 quidest
1336 1086 1483 1157 quoddum
1504 1085 1657 1156 posuissent
1683 1100 1775 1139 aream
1800 1084 1906 1141 Domini
1928 1086 1992 1141 Phi-

369 1195 528 1243 etmortuus
541 1196 593 1242 est.
607 1186 641 1240 Et
655 1186 760 1239 merito.
774 1184 841 1251 Quia
864 1182 985 1252 quisquis
1006 1190 1155 1236 retrorsum
1204 1176 1317 1233 listbiim
1342 1178 1369 1232 in
1390 1176 1518 1247 templum
1540 1175 1659 1250 Dagouis
1687 1175 1729 1232 dei
1756 1176 1815 1242 sui,
1830 1177 1992 1233 introierunt

369 1278 537 1333 convertitur
550 1292 567 1331 a
580 1276 632 1331 [lde
643 1283 671 1331 et
681 1275 805 1339 veritate,
816 1287 927 1328 necesse
940 1279 983 1327 est
996 1279 1026 1326 ut
1038 1272 1117 1326 eadat
1128 1277 1156 1324 et
1205 1268 1344 1338 templum,
1357 1275 1384 1323 et
1397 1269 1558 1323 invenemnt
1569 1267 1705 1340 Dagonem
1721 1274 1897 1337 prostratum,
1909 1276 1991 1338 atque

367 1369 495 1424 continuo
517 1367 658 1422 moriatur.
674 1366 786 1436 Mystico
799 1373 899 1430 autem,
915 1371 1072 1418 transeunte
1092 1375 1155 1416 area
1204 1358 1372 1415 confractum
1384 1359 1662 1430 eaputejus,uuaque
1674 1373 1769 1413 manns
1782 1358 1894 1413 abscisae
1909 1361 1991 1414 sunt?

368 1456 474 1512 Domini
487 1457 521 1511 ad
534 1462 641 1526 gentes,
655 1455 738 1524 periit
756 1461 838 1522 atque
857 1452 960 1507 interiit
973 1452 1155 1507 sacerdotium
1206 1449 1304 1506 Statim
1317 1459 1346 1505 ut
1358 1459 1550 1505 testamentum
1562 1451 1666 1505 Domini
1678 1450 1799 1521 pervenit
1813 1451 1840 1506 in
1854 1452 1990 1524 gentibus,

366 1545 532 1602 Judaeorum.
557 1544 615 1599 Duo
629 1559 736 1614 quoque
749 1542 795 1597 hlii
822 1541 881 1597 Heli
905 1550 1077 1607 corruerunt,
1088 1555 1156 1612 quo-
1205 1540 1348 1597 coulestim
1363 1541 1446 1614 idola,
1461 1557 1521 1612 qnae
1541 1542 1682 1613 deceptum
1695 1542 1868 1613 possidebant
1884 1544 1990 1605 orbem,

343 1694 349 1705 ,
368 1658 428 1698 rum
443 1641 522 1697 unius
540 1656 609 1695 uror
627 1640 752 1704 viduata,
766 1646 794 1693 et
814 1654 876 1694 mos
890 1637 918 1691 1ιι
942 1644 1023 1706 partu
1048 1643 1154 1690 mortua
1204 1632 1342 1687 destructa
1356 1640 1429 1696 sunt,
1440 1632 1582 1707 omnisque
1604 1647 1681 1687 error
1703 1633 1908 1688 simulacrorum
1927 1647 1989 1687 cor-

366 1740 532 1803 estpropter
552 1732 674 1787 eamdem
700 1728 942 1800 perturbationem.
960 1727 998 1781 De
1013 1724 1155 1796 quolose·
1204 1720 1271 1786 ruit,
1285 1721 1458 1790 presentiam
1470 1721 1576 1775 Domini
1592 1720 1664 1776 lerre
1684 1737 1737 1777 non
1759 1723 1904 1777 sustinens.
1923 1722 1991 1777 Nam

366 1827 437 1896 pltus
447 1826 485 1880 ita
500 1823 583 1880 relert
596 1841 603 1877 :
618 1841 628 1874 t
642 1820 709 1876 Cum
722 1821 765 1875 vir
778 1819 838 1874 Heli
857 1820 939 1875 etiam
955 1833 1046 1873 aream
1066 1817 1156 1871 audis·
1205 1813 1233 1867 in
1249 1813 1374 1868 manibus
1385 1813 1476 1885 Dagon
1490 1813 1626 1885 praescisis
1646 1828 1715 1884 opus
1729 1814 1886 1870 idololatriae
1900 1829 1991 1884 ampu-

366 1923 408 1971 set
422 1915 457 1970 ab
469 1913 593 1968 hostibus
607 1920 725 1981 captam,
737 1908 829 1964 dolore
851 1907 984 1972 turbatus,
999 1920 1033 1962 eo
1044 1905 1116 1976 quod
1128 1905 1154 1959 ei
1205 1912 1287 1970 tatur,
1302 1914 1330 1961 et
1343 1906 1471 1975 incapite
1484 1905 1542 1973 ejus
1564 1906 1689 1976 superbia
1713 1906 1810 1962 diaboli
1831 1906 1936 1962 abscisa
1956 1908 1993 1963 si·

366 2011 465 2076 preter
475 2017 550 2073 spem
563 2009 668 2056 tautum
687 2016 755 2054 onus
768 2006 932 2063 accesserat,
945 2011 1027 2052 ruens
1039 1996 1072 2053 de
1091 1996 1155 2051 sede
1205 1997 1361 2068 gnificatur,
1373 2014 1388 2051 a
1401 2014 1455 2068 quo
1472 1998 1579 2053 initium
1592 1999 1696 2068 peceati
1711 1999 1773 2054 luit.
1789 1999 1866 2067 Quod
1878 2016 1944 2055 uero
1965 2000 1991 2054 in

367 2091 511 2150 defunctus
523 2100 575 2157 est,
590 2090 653 2145 ditm
668 2104 717 2142 tnn
738 2098 766 2142 et
789 2103 822 2142 xc
841 2087 954 2142 vixisset
976 2100 1072 2150 annos,
1087 2100 1154 2154 quo·
1171 2068 1193 2125 Β
1207 2087 1309 2151 limine,
1321 2097 1351 2142 ut
1363 2096 1466 2143 certnm
1479 2088 1582 2144 scilieet
1602 2087 1819 2158 praehrritumque
1842 2089 1884 2146 sui
1908 2089 1993 2144 idolo-

369 2199 428 2242 rum
441 2200 474 2238 xe
489 2187 613 2238 tenuerat
622 2179 813 2250 principatum.
830 2177 866 2231 Ea
882 2174 1015 2246 siquidem
1036 2175 1079 2230 uie
1104 2176 1153 2230 de·
1205 2176 1283 2232 latria
1297 2178 1379 2233 senem
1402 2186 1570 2249 agnosceret.
1595 2178 1686 2233 Limes
1700 2179 1773 2235 enim
1792 2179 1872 2234 hnem
1887 2179 1993 2234 itineris

334 2249 337 2268 Ι
368 2275 460 2332 lttneta
475 2279 556 2328 estet
569 2268 795 2339 conjnbeinees
808 2265 866 2337 ejus
880 2266 938 2333 lilii,
955 2266 1019 2322 dum
1040 2280 1090 2336 per
1108 2280 1154 2321 oc·
1205 2268 1347 2338 significat.
1361 2268 1450 2323 Etiam
1460 2275 1488 2323 ct
1500 2268 1565 2324 illud
1579 2269 1612 2323 ad
1625 2284 1750 2340 maguam
1762 2270 1879 2339 pertinet
1892 2270 1993 2341 signib-

367 2382 461 2422 casnm
477 2365 567 2420 mariti
583 2376 752 2433 nequaquam
763 2360 855 2416 vivere
867 2358 1017 2423 tolerasset,
1030 2359 1073 2414 eui
1084 2373 1154 2430 prae·
1204 2358 1349 2422 sationem,
1357 2358 1384 2411 in
1395 2358 1454 2428 ipsa
1469 2358 1545 2412 ruina
1556 2358 1647 2428 Dagon
1660 2357 1702 2412 dci
1716 2358 1756 2413 sui
1768 2365 1848 2428 atque
1860 2356 1992 2423 fractura,

367 2458 460 2530 grtanti
480 2456 587 2526 quidem
611 2454 751 2508 nuntiatus
775 2459 817 2506 est
839 2450 927 2506 luctus
957 2449 1024 2513 riri,
1043 2448 1154 2519 'peperit
1204 2449 1275 2519 qued
1294 2449 1402 2504 dorsum
1427 2449 1500 2503 iilius
1519 2448 1606 2504 solum
1626 2449 1810 2514 inveniretur,
1823 2446 1915 2505 lraetis
1934 2447 1994 2518 ejus

367 2555 456 2606 antem
473 2546 556 2600 utinm
575 2552 676 2615 septem
691 2543 835 2607 rncnsium,
848 2555 928 2610 quem
950 2542 985 2595 ob
999 2540 1051 2596 boc
1063 2540 1154 2611 appel·
1204 2540 1330 2596 omnibus
1341 2540 1479 2596 membris.
1491 2540 1605 2595 Dorsum
1618 2541 1717 2612 quippe
1735 2541 1825 2613 lugam
1847 2541 1992 2613 signiheat.

367 2638 491 2694 laverunt
512 2636 638 2699 ichabod,
655 2634 727 2704 qnod
751 2649 849 2689 nomen
862 2634 985 2704 designat
998 2632 1152 2703 inglorium,
1205 2629 1363 2700 Quicunque
1376 2630 1449 2686 euim
1461 2630 1583 2701 lugiunt,
1598 2634 1822 2702 persequentibus
1846 2634 1911 2689 dant
1929 2635 1993 2691 der-

290 2794 293 2798 ,
366 2743 400 2784 ee
410 2728 481 2797 quod
492 2727 537 2781 illo
551 2735 672 2796 tempore
685 2724 816 2781 exercitui
826 2722 979 2793 hujusmodi
995 2723 1154 2779 deformitas
1205 2733 1275 2775 sum.
1288 2719 1365 2776 Unde
1375 2726 1403 2775 et
1414 2720 1545 2789 scriptum
1560 2729 1601 2775 est
1612 2720 1646 2775 de
1665 2721 1790 2777 hostibus
1806 2740 1813 2776 :
1833 2739 1842 2772 ι
1860 2722 1993 2790 Quoniam

366 2817 535 2874 accessisset.
552 2834 562 2868 t
1204 2824 1288 2879 pones
1302 2824 1348 2865 eos
1361 2812 1469 2865 dorsum
1485 2808 1639 2882 (Pactu).
1657 2829 1667 2863 r
1682 2810 1732 2866 Ubi
1744 2820 1808 2867 sunt
1818 2812 1891 2867 euim
1906 2812 1994 2869 idola?

400 2904 500 2960 llahuit
513 2912 603 2959 autem
619 2902 798 2973 principatum
810 2903 916 2972 primus
936 2901 995 2959 lleli
1019 2918 1054 2959 ex
1073 2904 1153 2958 domo
1203 2900 1354 2966 Perierunt,
1366 2904 1429 2958 etsi
1447 2903 1536 2974 aliqua
1553 2906 1721 2961 remanentia
1733 2905 1768 2961 ab
1780 2907 1915 2978 aliquibus
1931 2911 1994 2965 abs-

365 2995 546 3067 'thomamqui
559 2994 610 3049 luit
621 3009 691 3049 uuus
703 2994 819 3050 filiorum
829 2994 931 3050 Aaron.
947 2995 1014 3049 Nam
1028 2995 1153 3066 primitus
1204 2992 1366 3058 conduntur,
1379 2993 1496 3065 lugiunt.
1526 2995 1602 3063 Quod
1623 3004 1715 3051 autem
1733 2998 1857 3067 percussi
1881 3002 1993 3055 suntin

364 3088 400 3144 tle
418 3088 499 3142 domo
518 3086 641 3142 Eleazari
665 3087 819 3141 sacerdotes
831 3092 910 3140 erant
925 3104 931 3139 :
949 3101 983 3141 ex
1000 3101 1054 3156 quo
1068 3087 1154 3141 bono-
1204 3084 1401 3155 posterioribus
1416 3086 1444 3140 bi
1463 3086 1509 3156 qui
1523 3100 1615 3142 arcam
1636 3086 1684 3142 Dei
1707 3089 1922 3158 captivaverunt,
1936 3091 1995 3146 baec

365 3192 424 3234 rem
444 3177 515 3232 lilius
539 3193 554 3230 a
574 3185 652 3246 patre
675 3176 857 3247 percipiebat,
869 3184 897 3231 et
909 3176 1023 3230 Eleazar
1038 3175 1154 3232 Phinees
1204 3190 1284 3245 poena
1299 3176 1406 3247 signum
1418 3178 1536 3242 videtur,
1555 3179 1618 3248 qnia
1633 3179 1655 3234 si
1670 3180 1715 3250 qui
1730 3182 1898 3251 susceperint
1912 3191 1995 3238 testa-

364 3283 415 3324 suo
430 3267 485 3323 hlio
496 3268 615 3324 tradidit.
629 3267 694 3322 Post
707 3283 788 3336 quem
801 3266 917 3321 dbiezer
927 3267 985 3337 ejus
999 3266 1069 3321 filins
1081 3268 1153 3322 buno
1205 3274 1325 3322 mentum
1343 3265 1401 3333 Dei,
1415 3277 1442 3323 et
1456 3269 1608 3338 posteriora
1622 3269 1779 3336 dilexerint,
1793 3280 1820 3326 et
1834 3272 1995 3341 ipsisjnstis-

364 3357 496 3414 honorem
516 3358 631 3427 accepit,
643 3372 723 3428 quem
741 3357 789 3414 0zi
810 3373 859 3413 sno
871 3356 925 3412 stlio
937 3357 1089 3427 dereliquit.
1103 3357 1152 3413 Ceri
1205 3358 1274 3414 sime
1287 3358 1492 3426 emeiabuntur,
1511 3360 1569 3431 qui,
1586 3358 1993 3433 sieutApostolusffitilippnn),

364 3461 472 3502 rursum
487 3429 536 3503 Ozi
555 3446 626 3501 lilius
642 3447 773 3502 suecessit
794 3462 867 3502 suus.
881 3447 914 3501 Et
927 3455 988 3516 post
1004 3447 1077 3502 bunc
1093 3447 1152 3503 licii
1167 3415 1190 3477 C
1205 3450 1342 3505 aestimare
1355 3449 1555 3506 debentcadem
1571 3451 1650 3507 sicuti
1665 3460 1795 3508 stercora.
1806 3450 1857 3518 Qui
1871 3452 1943 3505 enim
1955 3453 1994 3506 sic

366 3537 453 3591 tenuit
473 3536 667 3602 sacerdotium,
682 3538 715 3593 de
734 3553 788 3607 quo
809 3553 881 3592 unm
903 3555 993 3595 sermo
1013 3539 1091 3594 nobis
1112 3548 1154 3595 est
1205 3546 1347 3594 assumunt
1362 3539 1483 3594 ditinum
1494 3540 1697 3597 Testamentum
1706 3551 1737 3596 ut
1747 3542 1898 3612 posteriora
1909 3543 1995 3612 respi-

365 3625 482 3682 hahitus.
498 3626 582 3695 Cujus
593 3644 680 3699 genus
694 3644 779 3698 usque
801 3630 835 3684 ad
860 3639 980 3702 tempora
999 3630 1153 3687 Salomonis
1205 3630 1318 3696 cientes,
1328 3632 1416 3686 ueteri
1428 3646 1458 3686 se
1472 3631 1592 3687 uanitate
1608 3647 1662 3687 non
1676 3640 1788 3698 exuant,
1804 3632 1907 3687 similes
1930 3642 1995 3687 sunt

365 3717 419 3774 hoc
447 3717 588 3772 babuerat.
614 3717 690 3773 Tune
714 3720 785 3774 enim
807 3720 988 3775 sacerdotium
1015 3736 1049 3775 ex
1072 3721 1153 3776 domo
1205 3720 1328 3776 hostibus
1342 3720 1395 3777 illis
1409 3720 1453 3791 qui
1474 3736 1565 3778 arcam
1583 3722 1738 3777 testamenti
1761 3723 1896 3792 captivam
1916 3721 1994 3790 junna

364 3806 487 3864 Eleazari
500 3809 589 3863 denuo
600 3793 771 3878 receperunt.
784 3808 837 3879 (Ec
849 3809 977 3880 isidoro.)
1003 3811 1081 3866 Unde
1097 3812 1160 3866 eti:
1205 3809 1277 3865 idola
1299 3826 1348 3864 sua
1365 3821 1524 3881 posuemnt.
1550 3812 1585 3867 Et
1608 3811 1654 3866 illa
1678 3813 1788 3882 quidem
1807 3821 1898 3868 vetera
1912 3814 1995 3868 etiarn

365 3898 438 3961 denti
451 3899 528 3970 signo
540 3899 871 3971 praesrguratunrest,pcst
885 3902 1050 3957 exstinctum
1066 3916 1154 3958 saeer-
1204 3902 1358 3957 nolentibus
1369 3904 1468 3958 eadunt
1484 3922 1490 3957 :
1505 3903 1568 3973 quia
1586 3921 1596 3955 t
1617 3904 1705 3959 omnis
1715 3918 1780 3959 caro
1791 3903 1894 3969 lenum,
1906 3913 1934 3959 et
1943 3905 1997 3960 cla·

365 3991 466 4048 dotium
478 3990 631 4048 ludaeorum
654 3992 789 4066 carnalem
811 3993 947 4049 interiisse
970 3995 1151 4066 synagogam,
1205 3992 1272 4048 ritas
1285 3994 1402 4048 bominis
1415 3993 1503 4049 utiles
1516 3992 1582 4049 leui.
1599 3994 1679 4049 hmit
1692 3994 1794 4061 lenum,
1810 3994 1931 4066 hessius
1950 3995 1997 4050 de-

365 4081 405 4138 illi
425 4083 572 4139 carnaliter
594 4084 788 4140 adherentem.
817 4087 1011 4158 Prostratoque
1038 4086 1097 4143 licii
1119 4088 1153 4143 de
1205 4083 1270 4139 cidit
1288 4083 1356 4155 (leo.
1381 4083 1439 4156 ιι),
1455 4103 1464 4135 ι
1480 4100 1543 4140 arca
1563 4084 1669 4139 Domim
1691 4094 1784 4140 manet
1806 4085 1833 4139 in
1854 4092 1995 4148 aeternurn,

365 4174 761 4247 sella,poutiflces1udaeorum
775 4180 865 4238 sedem
887 4181 1007 4237 habuere
1026 4196 1152 4247 vacuam,
1204 4184 1338 4231 secretum
1361 4176 1464 4231 seilicet
1490 4182 1683 4231 testamentum
1702 4176 1780 4247 regui
1795 4175 1938 4242 coelorum,
1950 4176 1994 4230 ubi

365 4273 394 4321 et
406 4265 520 4336 gloriam
535 4269 680 4324 sacerdotii
694 4270 823 4340 regnique
836 4272 1010 4326 exstinetam.
1204 4275 1248 4322 est
1259 4267 1373 4322 uerbum
1387 4268 1445 4323 Dei.

677 4382 791 4439 citent
811 4385 842 4441 t'.
1505 4378 1620 4437 CAPUT
1641 4378 1681 4434 l'l.

367 4485 408 4542 De
420 4504 451 4542 ro
461 4489 530 4556 qtted
545 4487 706 4546 Philisthiim
727 4494 905 4563 imposuerunt
927 4512 1016 4550 orcum
1030 4496 1078 4551 Dei
1092 4513 1154 4552 eon·
1205 4491 1283 4559 Quod
1295 4489 1444 4545 Pntttsttet
1454 4491 1579 4560 taetantes
1592 4490 1737 4555 claudium
1750 4505 1843 4548 nvttm
1857 4489 1942 4543 ”dveit
1957 4489 1971 4558 1
1983 4520 1995 4529 ·

400 4569 442 4614 tro
455 4560 625 4614 simulacrum
640 4562 747 4633 Dagon,
758 4575 863 4634 propter
874 4567 944 4637 qnod
958 4568 1084 4637 perressit
1099 4568 1153 4621 Do·
1240 4562 1273 4615 tis
1283 4562 1445 4614 trahentibus
1458 4561 1612 4614 remiserunt
1631 4576 1721 4613 urcem
1735 4558 1904 4624 Betbsmnet,·
1925 4569 1948 4613 ct
1963 4560 1995 4612 de

400 4630 485 4752 mines
497 4647 584 4685 earnes
598 4629 767 4688 I'ltilistlteos
782 4636 810 4688 1ιι
823 4636 1010 4703 posterioribus
1024 4639 1056 4690 od
1070 4637 1154 4691 insul·

401 4710 428 4753 tc
440 4716 535 4754 torem.

1239 4632 1297 4701 ejus
1309 4631 1345 4684 rei
1357 4631 1465 4700 ntgstice
1475 4629 1676 4699 significatione.

1165 4766 1193 4825 D
1241 4740 1316 4811 (Car.
1333 4741 1382 4808 ιι.)
1395 4759 1404 4791 ι
1419 4740 1482 4795 Fuit
1496 4755 1561 4810 ergo
1575 4756 1639 4795 arca
1655 4740 1762 4796 Domini
1773 4741 1800 4795 in
1814 4741 1924 4810 regione
1935 4739 1996 4794 Phi-

403 4812 478 4884 (Ctr.
491 4813 530 4885 r.)
550 4831 559 4864 t
575 4813 738 4870 Philistbiim
753 4823 843 4871 autem
859 4816 977 4871 tulerunt
987 4834 1079 4874 arcam
1093 4818 1152 4885 Dei,
1209 4850 1218 4883 4
1238 4832 1411 4887 qsqqnfflum
1424 4841 1528 4902 semem
1539 4832 1688 4898 mensibus,
1703 4851 1713 4885 ,
1729 4841 1782 4887 εις,
1800 4831 1908 4902 Septem
1921 4846 1997 4886 mc...

371 4921 382 4954 ι
403 4912 432 4960 et
448 4912 654 4974 asportaverunt
673 4918 760 4958 cama
780 4905 867 4974 lapide
889 4909 1016 4978 adjruorii
1039 4910 1067 4963 1ιι
1080 4909 1152 4965 bzo-

368 5008 379 5044 t
402 5000 468 5055 tunt,
485 5011 495 5044 t
511 4999 540 5046 et
557 4992 670 5061 reliqua.
691 4992 701 5064 (
711 4992 754 5047 Ee
773 4993 964 5070 Hieronymo.)
980 4997 1060 5071 Lapis
1074 4999 1153 5069 adju·

284 5113 287 5119 ·
368 5082 430 5138 terii
446 5083 545 5138 dicitur
556 5082 631 5138 loeus
644 5083 689 5138 ille
706 5084 734 5139 in
747 5101 802 5156 qno
815 5088 906 5156 posuit
916 5088 1025 5146 Samuel
1036 5091 1152 5163 lapidem

368 5189 449 5230 unttm
460 5176 531 5231 inter
544 5175 665 5245 blasphat
678 5185 707 5232 et
721 5178 791 5233 inter
804 5177 879 5245 Sem,
891 5181 961 5236 sient
973 5183 999 5237 in
1016 5184 1152 5254 sequenti-

367 5266 418 5321 but
434 5266 645 5321 demonstratur.
657 5267 768 5336 hzotus,
782 5285 842 5340 quae
856 5281 883 5326 et
895 5272 976 5329 dstro
990 5275 1099 5341 dicitur,
1114 5285 1157 5333 cst

367 5363 452 5424 utque
466 5354 545 5410 hodie
559 5356 647 5412 nobile
658 5360 833 5430 municipium
848 5361 991 5418 Palestinae
998 5367 1153 5434 procinctae,

367 5452 397 5500 et
409 5460 462 5500 una
474 5446 507 5499 de
519 5447 638 5518 quinque
650 5450 806 5507 ciuitatibus
818 5452 1032 5525 Allcphylorum,
1044 5456 1154 5512 decreta

367 5537 475 5607 quidem
490 5538 667 5608 tributum,
682 5558 735 5599 non
749 5552 854 5601 retentu
866 5559 958 5603 tamen
977 5551 1012 5606 ab
1034 5565 1077 5613 ea,
1090 5551 1154 5621 quia

368 5643 538 5699 nequicquam
550 5641 655 5689 veteres
668 5638 757 5705 potuit
778 5639 883 5696 accolas
896 5641 1041 5711 expellere.
1067 5641 1154 5697 Inter-

367 5730 490 5792 pretatur
509 5732 599 5780 autem
614 5726 683 5797 ignis
705 5730 789 5797 patris
805 5730 925 5795 mci,cel
947 5731 1106 5787 incendium.
1123 5734 1157 5789 Et

366 5812 437 5868 bene
447 5814 596 5871 incendium
609 5818 692 5888 petria
705 5818 781 5876 loeus
795 5821 840 5877 ille
861 5823 970 5888 dieitur,
985 5824 1030 5880 ubi
1054 5825 1155 5881 idolum

369 5899 459 5973 Dagon
474 5907 658 5962 consistebat:
672 5909 734 5978 qnia
749 5910 883 5968 adtentus
897 5928 967 5968 arere
985 5915 1031 5969 Dei
1046 5915 1073 5970 in
1085 5914 1156 5971 heo·

369 6000 436 6062 tum,
450 5994 603 6052 incendium
615 6006 675 6054 erat
686 5999 797 6067 diaboli,
814 6004 901 6073 pateis
917 6005 1036 6060 omnium
1050 6007 1157 6077 iniquo·

1206 4935 1260 4985 ses,
1276 4922 1375 4991 quibus
1395 4935 1459 4975 area
1484 4919 1533 4974 Dei
1554 4920 1626 4975 inter
1648 4929 1741 4993 gentes
1759 4919 1818 4985 luit,
1846 4920 1997 4991 figuraliter

1205 5014 1360 5085 exprimunt
1374 5014 1579 5070 universitatem
1591 5024 1753 5083 temporum,
1771 5029 1831 5084 que
1845 5013 1997 5082 septenario

1205 5121 1320 5162 numero
1332 5105 1437 5160 diemm
1451 5104 1590 5169 discurrit,
1604 5112 1632 5159 et
1645 5104 1780 5175 signifieat
1793 5103 1995 5159 Testamentum

1206 5196 1312 5251 Domini
1326 5211 1412 5266 usqne
1426 5194 1460 5250 ad
1474 5195 1735 5250 consummationem
1755 5193 1846 5250 seculi
1868 5194 1896 5248 iu
1907 5195 1997 5263 genti·

1205 5288 1258 5344 bus
1271 5302 1489 5358 permansumm.

1244 5394 1254 5427 t
1270 5376 1305 5431 Et
1320 5382 1536 5431 convocaverunt
1555 5373 1718 5429 Philistbiim
1738 5374 1893 5429 sacerdotes
1908 5381 1936 5428 et
1956 5373 1997 5427 di-

1209 5486 1219 5520 ι
1234 5467 1322 5530 vinus,
1334 5467 1456 5522 diceutes
1468 5483 1476 5520 t
1490 5465 1561 5532 Quid
1579 5464 1753 5521 iaciemusde
1770 5481 1834 5521 area
1845 5464 1910 5518 Dei?
1925 5463 1997 5518 indi-

1208 5565 1298 5613 recte
1323 5557 1401 5613 nobis
1425 5559 1562 5628 quomodo
1584 5560 1753 5614 remittemus
1769 5574 1828 5614 cam
1856 5559 1882 5612 in
1908 5557 1995 5611 locum

1210 5666 1220 5700 ι
1239 5648 1396 5716 ιιιιιιιιιριιί
1408 5648 1590 5704 dixerunt:Si
1600 5650 1738 5716 remittitis
1748 5665 1838 5704 aream
1847 5648 1894 5702 Dei
1904 5649 1995 5712 israel,
2078 5674 2081 5679 ·

1210 5756 1220 5790 ι
1238 5738 1321 5796 nolite
1331 5737 1469 5794 dimittere
1478 5753 1538 5794 eam
1550 5756 1674 5807 vacuam,
1687 5741 1735 5795 sed
1745 5739 1816 5808 quod
1826 5740 1929 5794 debetis
1940 5741 1996 5794 red-

1211 5845 1221 5879 ι
1240 5827 1296 5883 dite
1307 5828 1332 5882 ei
1344 5842 1394 5896 pro
1405 5836 1526 5898 peccam,
1550 5839 1578 5885 et
1593 5839 1657 5885 tuuc
1667 5829 1836 5894 curabimini,
1855 5839 1883 5885 ct
1904 5831 1996 5885 scietis

1211 5935 1221 5968 t
1238 5932 1323 5987 quare
1336 5931 1390 5972 non
1414 5917 1523 5975 recedat
1535 5934 1631 5975 manus
1641 5919 1701 5988 ejus
1721 5935 1736 5972 a
1750 5919 1837 5974 robis.
1851 5919 1902 5986 Qui
1921 5920 1997 5974 dite-

1212 6026 1222 6060 t
1241 6007 1402 6075 runtzhuid
1424 6016 1466 6065 est
1487 6008 1558 6078 qnod
1579 6023 1629 6078 pre
1652 6007 1750 6064 delicto
1774 6010 1884 6066 reddere
1897 6008 1996 6065 debca-
