4709 6767
370 597 424 656 m
668 633 675 654 .,
834 591 1011 649 contuntur.
1031 589 1066 646 ΙΝ
1085 586 1365 646 humunculum.
1384 619 1419 630 -
1438 588 1501 643 Lttt.
1522 588 1565 644 lll.
1962 594 2017 651 litt

369 718 453 768 uitem
464 708 582 782 quinque
592 708 692 764 cubitos
706 708 812 774 bobeno,
833 709 905 763 oborn
919 719 1035 780 tangeret
1058 708 1167 762 ulterius
1182 704 1286 772 Asuis,
1303 705 1438 774 diligendo
1450 718 1477 761 et
1490 707 1628 776 proximos
1647 715 1774 777 tartquam
1789 709 1903 779 seipsos.
1926 709 2016 766 l‘leui·

368 800 477 857 citerub.
490 797 622 854 Similiter
632 800 734 852 cherub
746 799 854 853 ulterius
868 798 912 853 olo
930 800 1044 870 quinque
1058 798 1168 852 hobcbot
1218 796 1282 851 tudo
1296 798 1368 851 enim
1391 800 1454 867 lepis
1469 798 1584 852 chorites
1604 807 1642 851 est
1667 797 1756 871 (llum.
1767 802 1840 872 xttt).
1856 801 2015 859 Proximum

368 893 481 956 arbiter,
492 900 517 944 et
527 890 649 960 tangebat
662 891 797 959 pariebant,
812 900 836 945 ct
849 889 893 944 niu
914 890 972 961 ejus
987 889 1071 943 uitem
1092 889 1169 959 quin·
1218 894 1308 941 autern
1319 902 1412 942 eorum
1424 896 1452 942 et
1464 887 1514 958 ipsi
1526 887 1684 945 adinvicem
1697 892 2015 963 suntmgetictspiritns,
2109 910 2114 917 ’

368 1002 419 1058 qur
428 984 578 1039 cubitorum
588 982 659 1037 olom
671 981 767 1036 cherub
778 981 885 1037 ulterius
897 983 1070 1051 continpcbot.
1082 980 1168 1050 lpitur
1217 985 1245 1030 et
1258 976 1381 1032 homiues
1396 977 1485 1042 electi,
1499 992 1594 1032 corum
1607 994 1683 1048 aeqtte
1696 982 1834 1038 concives.
1854 982 1931 1039 Unde
1944 992 2015 1040 utra·

369 1081 421 1135 ulcr
435 1082 574 1145 utrimque
586 1077 682 1131 cherub
696 1091 817 1145 erponem
828 1084 903 1128 erunt
921 1084 946 1128 et
964 1074 1169 1127 extendebantur
1217 1081 1270 1134 que
1292 1066 1335 1121 ala
1349 1067 1452 1122 cherub
1466 1067 1586 1137 ejusdcm
1611 1085 1745 1127 mensumn
1772 1088 1834 1129 csse
1856 1075 2014 1145 perhibetur

369 1188 415 1240 per
426 1170 529 1223 cubitos
543 1167 589 1232 20,
603 1166 654 1237 ipsi
676 1175 764 1220 nutem
785 1167 890 1220 stobont
908 1165 1000 1219 erectis
1012 1165 1131 1234 pedibus,
1143 1173 1167 1216 et
1222 1163 1288 1231 quia
1305 1162 1433 1217 uidelicet
1447 1161 1543 1214 cadent
1557 1162 1563 1213 i
1569 1177 1616 1229 psa
1628 1163 1845 1231 tterotiooequa
1860 1178 1919 1217 sese
1930 1163 2014 1216 ulter·

371 1260 452 1329 socier
475 1250 567 1315 cerum
587 1275 669 1313 oerrtu
688 1267 762 1312 erunt
776 1257 811 1311 od
830 1257 984 1311 exteriorem
997 1256 1113 1309 domum.
1131 1255 1169 1311 De
1224 1265 1316 1309 utrum
1331 1253 1357 1306 iu
1370 1252 1425 1306 lteo
1436 1252 1566 1322 illigant,
1579 1263 1699 1307 trustraut
1711 1269 1822 1323 quoque
1832 1252 1866 1307 ud
1879 1270 1908 1309 se
1918 1269 2015 1308 ascen·

371 1353 421 1408 hoc
444 1368 555 1422 quoque
574 1350 681 1422 plenius
705 1350 732 1403 iu
750 1349 820 1403 libro
839 1348 943 1419 Regum
966 1356 1102 1410 narratur,
1123 1345 1168 1400 ubi
1223 1345 1348 1400 dentium
1361 1345 1521 1398 societatem
1533 1342 1967 1415 desiderantfflcbruu).Sicque
1979 1350 2015 1399 si·
2054 1376 2057 1393 ι

371 1446 406 1501 ita
420 1447 554 1518 scriptum
570 1441 631 1502 est':
648 1444 725 1510 Quod
740 1444 800 1513 [ecit
813 1444 840 1497 in
853 1442 960 1498 oruculo
973 1443 1025 1496 dno
1036 1441 1169 1496 cherubim
1225 1440 1337 1494 utululre
1346 1441 1441 1495 decem
1452 1436 1783 1504 cubituscomplcnt,cutu
1795 1440 1821 1491 iu
1834 1442 1942 1508 gentina
1951 1441 2016 1493 cler>

371 1537 400 1591 de
411 1536 492 1608 lignis
511 1534 639 1590 obitorum
650 1535 737 1588 decem
750 1531 897 1587 cubitorum
912 1532 1069 1587 altitudinis.
1085 1531 1169 1598 Quin·
1226 1531 1496 1588 sitatiserhibitiene
1507 1530 1595 1599 augeli
1608 1528 1643 1583 tle
1656 1528 1858 1584 cotttlitorissui
1869 1534 2014 1598 prasentia

371 1642 416 1695 oue
434 1625 584 1680 cubitorum
599 1623 643 1678 ubo
659 1623 756 1677 cherub
771 1640 835 1687 unu,
846 1633 871 1676 et
890 1624 1003 1694 quinque
1021 1624 1168 1676 cubitorum
1218 1614 1353 1670 lunantur.
1369 1616 1467 1670 Decem
1480 1630 1587 1684 queque
1601 1615 1754 1670 cubitorum
1775 1622 1834 1670 erat
1854 1617 1897 1671 ala
1910 1616 2013 1672 cherub

373 1717 411 1772 ule
431 1717 530 1771 cherub
547 1715 642 1780 alteru,
659 1715 687 1768 id
710 1723 759 1780 ert,
784 1715 872 1768 decem
894 1715 995 1768 entitur
1016 1713 1169 1767 habenteso
1222 1705 1343 1769 secundi,
1357 1719 1484 1760 mensura
1499 1704 1570 1773 pari,
1584 1715 1612 1759 el
1625 1720 1693 1774 opus
1703 1721 1787 1760 11111111]
1801 1713 1861 1760 trab
1871 1706 1898 1759 in
1911 1707 2016 1762 duobus

373 1809 520 1860 summitate
542 1804 593 1859 olco
617 1821 698 1868 usone
719 1804 753 1858 od
780 1803 831 1859 ohe
847 1804 955 1858 ulterius
980 1805 1167 1859 summitatem.
1219 1798 1369 1854 cherubim.
1390 1799 1448 1852 Duo
1462 1806 1541 1853 erant
1560 1796 1631 1852 lbctu
1656 1797 1796 1853 cherubim
1819 1807 1930 1868 propter
1952 1814 2017 1855 eoir-

373 1895 463 1950 liecem
486 1912 589 1966 qnoque
612 1896 759 1949 cubitorum
782 1903 839 1949 erut
864 1896 959 1950 cherub
983 1897 1123 1963 morundus,
1140 1898 1169 1952 in
1219 1889 1333 1944 sortium
1348 1886 1481 1956 sslllSdefflu
1497 1889 1529 1944 (Ῐθ
1542 1904 1596 1958 (1110
1618 1888 1763 1959 loquimur,
1777 1889 1921 1944 Chafllblls
1934 1891 2016 1961 Signi·

373 2004 494 2042 mensuro
506 1989 576 2058 puri,
592 1998 616 2042 et
632 2005 696 2059 opus
712 2005 793 2042 unuin
805 1999 861 2042 erut
872 1990 900 2043 in
909 1989 1010 2044 duobus
1024 1990 1166 2056 cherubim,
1219 1976 1366 2042 fifflssdssms
1379 1979 1444 2047 quia
1457 1977 1547 2033 minus
1556 1994 1637 2047 (luam
1652 1979 1719 2034 ῑῦῑθῐ
1735 1980 1801 2034 [¹⁰0⁵
1813 1981 1932 2035 ⁰¹¹²?less
1943 1990 2017 2037 ⁸12¹ss

371 2081 394 2133 tt
409 2091 460 2145 est,
481 2079 650 2133 altitudinem
664 2079 774 2134 habebnt
789 2096 857 2134 unns
871 2081 966 2135 cherub
991 2082 1078 2135 decem
1090 2083 1165 2136 cubi·
1180 2069 1204 2128 Β
1217 2087 1271 2126 ¹¹0ss
1286 2079 1384 2142 potest.
1401 2071 1514 2127 Undeei
1529 2071 1654 2126 53113101
1674 2071 1753 2127 lll¹¹⁰⁵
1764 2072 1797 2126 id
1812 2073 2014 2142 predicandum

369 2178 465 2234 torum,
481 2178 507 2221 ει
528 2167 651 2221 similiter
663 2169 758 2221 cltcrub
780 2168 921 2223 secundus.
942 2168 1087 2241 Posuitqne
1107 2171 1169 2225 che·
1220 2165 1365 2234 discipulos
1389 2165 1498 2220 mittere
1522 2164 1628 2220 curauit
1653 2164 1810 2237 (blurc.vt;
1838 2165 1958 2236 Lunx),
1985 2176 2015 2220 ut

367 2261 454 2314 rubim
467 2261 498 2312 in
519 2259 606 2312 medio
619 2257 707 2327 templi
722 2259 862 2313 interioris.
886 2259 1068 2315 [intendebant
1082 2271 1169 2315 nutem
1220 2256 1303 2312 tacite
1317 2257 1427 2311 doceret
1439 2256 1481 2311 cis
1494 2255 1540 2324 qui
1555 2255 1744 2326 verbumttuei
1765 2257 1947 2325 praedicarent
1959 2257 2014 2310 uir-

361 2348 422 2402 tdor
441 2365 509 2402 uuor
522 2347 667 2412 clterubim,
681 2356 705 2400 ct
726 2347 848 2418 tonoebot
870 2347 914 2401 oio
930 2365 983 2403 nno
995 2351 1130 2419 parietem,
1144 2359 1168 2405 et
1219 2353 1306 2401 tutem
1321 2345 1474 2402 dilectionis
1489 2354 1552 2401 ante
1563 2346 1655 2401 omnia
1668 2358 1728 2401 esse
1744 2347 1899 2402 tenendam.
1918 2347 2015 2403 Unius·

360 2441 407 2494 otu
423 2441 524 2494 cherub
548 2440 657 2493 secundi
681 2440 801 2509 torpebat
820 2441 946 2510 porietem
961 2441 1093 2507 nherum;
1118 2442 1169 2497 olo
1220 2454 1272 2509 quc
1285 2452 1420 2493 mensurae
1444 2445 1473 2493 ct
1486 2438 1577 2507 operis
1603 2444 1682 2492 crant
1702 2437 1756 2492 cluo
1773 2436 1925 2504 cherubim,
1953 2438 2017 2509 quia

355 2543 456 2586 autern
468 2531 561 2585 olteroe
573 2532 601 2584 in
616 2531 702 2583 medio
716 2540 790 2599 porte
800 2531 888 2600 templi
901 2532 1050 2585 seinvicem
1068 2533 1170 2603 contiu-
1219 2529 1385 2599 disparilitas
1397 2529 1566 2584 voluntatum
1579 2530 1637 2585 siue
1654 2529 1844 2600 cogitationum
1859 2530 1887 2585 in
1900 2546 2017 2600 superna

354 2623 472 2692 nebant.
499 2621 574 2675 Terit
592 2637 694 2691 quoque
711 2620 844 2674 cherubim
871 2637 937 2675 oure
958 2620 1019 2693 (tlt
1040 2623 1104 2693 llep.
1118 2625 1167 2696 ur).
1219 2622 1307 2691 patria
1320 2620 1391 2676 nulla
1405 2631 1456 2688 cst,
1470 2622 1515 2676 ubi
1534 2637 1631 2678 omnes
1645 2638 1698 2677 uua
1720 2623 1869 2693 cademque
1883 2624 1930 2678 Dei
1944 2639 2016 2694 prm·

354 2712 533 2776 Cherubim,
559 2712 630 2766 sicut
658 2709 783 2765 Ezechiel
802 2720 895 2780 aperte
921 2711 1041 2767 declarat
1059 2712 1167 2784 (Erech.
1219 2711 1419 2766 seutisuisioue
1432 2720 1460 2766 et
1479 2710 1565 2782 gloria
1580 2710 1763 2766 illustrantur.
1787 2711 1934 2783 Posuitque
1952 2716 2017 2769 che·

354 2805 391 2874 x)
407 2803 545 2872 angelicae
568 2801 708 2872 dignitatis
735 2803 897 2858 uocabulum
923 2812 975 2871 cst,
1002 2821 1180 2876 numeroque,
1220 2803 1308 2858 rubim
1323 2803 1351 2856 iu
1367 2803 1456 2858 untedio
1475 2803 1568 2873 templi
1591 2803 1739 2859 interioris.
1759 2803 1948 2860 Extendebaut
1969 2822 2017 2862 au·

356 2894 504 2963 singulari
519 2893 615 2947 cherub
626 2892 735 2958 dieitur,
750 2893 847 2963 plurali
857 2895 1000 2950 cherubim.
1017 2895 1093 2951 Unde
1107 2905 1170 2967 apte
1223 2902 1278 2947 tem
1291 2893 1351 2947 alas
1361 2907 1425 2946 suas
1445 2893 1597 2958 cherubim,
1610 2900 1637 2948 et
1656 2894 1784 2964 tangebat
1805 2892 1848 2946 ala
1861 2909 1915 2948 una
1928 2895 2019 2964 pat-ic·

357 2985 391 3040 in
407 2985 507 3057 rigoris
520 2984 674 3052 cherubim,
686 3001 745 3054 qum
758 2996 838 3041 eram
851 2987 878 3041 in
891 2987 1002 3044 oraculo
1016 2989 1102 3057 torro,
1118 3007 1168 3046 an.
1221 2990 1288 3048 tem,
1303 2991 1330 3037 et
1344 2982 1387 3037 ala
1406 2984 1509 3038 cherub
1532 2982 1643 3039 secundi
1664 2985 1791 3054 tangebat
1806 2984 1939 3054 parietem
1953 2984 2019 3039 alte

358 3078 454 3149 gudiea
467 3078 631 3145 ministeria,
648 3093 708 3148 quse
721 3080 854 3136 conditori
869 3095 919 3136 suo
931 3082 959 3136 in
973 3081 1049 3138 cerlis
1062 3098 1170 3154 semper
1220 3089 1290 3128 tunt.
1312 3073 1369 3128 llhe
1389 3083 1479 3128 autem
1497 3073 1589 3129 alterae
1612 3074 1641 3129 iu
1663 3076 1752 3130 medio
1764 3075 1869 3146 pariete
1883 3077 1976 3148 templi
1988 3093 2018 3132 se

362 3169 513 3237 assistunt,
528 3177 641 3240 possum
655 3169 776 3240 inteligi.
805 3169 856 3237 Qui
883 3179 958 3227 recte
972 3172 1006 3227 de
1021 3172 1103 3245 lignis
1118 3174 1169 3228 oti.
1219 3164 1335 3222 inuicem
1349 3165 1552 3236 contingebant.
1579 3163 1750 3220 Manifestum
1774 3174 1817 3222 cst
1840 3183 1874 3223 ex
1900 3168 2019 3239 hisquae

363 3275 467 3316 uarum
483 3260 548 3316 laeti
564 3275 624 3316 esse
638 3263 825 3331 perhibentur,
839 3264 902 3332 quia
916 3264 1044 3319 nimirum
1056 3265 1169 3323 uirtutes
1218 3258 1347 3327 predicto
1360 3267 1434 3325 snut,
1460 3274 1545 3329 qutare
1560 3259 1700 3315 cherubim
1714 3261 1741 3316 in
1757 3262 1846 3317 utedlo
1869 3264 1961 3335 templi
1974 3267 2017 3319 iu·

367 3353 500 3424 angelicae
514 3353 601 3424 gratia
615 3351 733 3422 Spiritus
745 3353 842 3419 sancti,
852 3369 887 3408 ne
902 3369 1020 3424 unquam
1033 3355 1168 3411 abamore
1221 3350 1329 3406 terioris
1342 3352 1398 3407 siut
1410 3352 1503 3422 positi,
1527 3368 1643 3422 quorum
1656 3353 1790 3410 habitatio
1811 3370 1920 3426 semper
1931 3366 1974 3415 est
1990 3361 2016 3414 iu

368 3446 417 3501 lici
431 3455 571 3511 arescant,
591 3454 680 3501 uncta
694 3453 766 3501 sunt.
789 3446 888 3501 Decem
910 3455 1001 3502 autem
1013 3457 1077 3503 sunt
1090 3449 1167 3504 cubi·
1182 3422 1204 3484 C
1220 3443 1306 3498 coelis.
1321 3444 1511 3502 Extendebant
1526 3454 1617 3501 numm
1631 3446 1689 3501 alas
1710 3447 1862 3512 cherubim,
1878 3450 1956 3518 quusi
1982 3452 2017 3506 ad

373 3545 460 3591 torum
476 3535 638 3602 altitudinis,
653 3537 716 3606 quia
739 3537 851 3592 denarie
867 3538 931 3593 vitre
954 3539 1170 3596 eternaetroun-
1220 3533 1387 3601 volandum,
1417 3536 1481 3606 quia
1509 3537 1621 3606 spiritus
1645 3538 1759 3608 angelici
1786 3554 1893 3610 semper
1917 3542 2019 3599 habeut

373 3635 425 3690 tur,
441 3627 576 3681 babentes
589 3625 745 3681 inviolatam
760 3626 788 3681 in
803 3642 833 3682 se
845 3627 888 3683 sui
910 3630 1058 3685 conditoris
1072 3631 1170 3703 imagi.
1221 3624 1342 3679 animum
1365 3626 1399 3680 ad
1419 3627 1580 3696 obsequium
1595 3628 1693 3684 divina
1717 3629 1864 3686 uoluntatis
1882 3643 2016 3703 paratum.

374 3731 444 3780 rem,
459 3724 568 3772 servam
583 3725 714 3786 perpetuo
728 3718 885 3784 sonoritate,
896 3726 924 3773 or
934 3716 1050 3788 jusrirp,
1062 3732 1090 3777 er
1100 3724 1171 3778 perr.
1221 3713 1298 3783 Quod
1312 3731 1377 3770 uero
1396 3716 1439 3771 ala
1460 3732 1511 3771 urna
1526 3718 1655 3789 tangebat
1673 3720 1804 3788 parietem
1818 3729 1845 3775 et
1858 3721 1901 3777 ala
1915 3724 2019 3779 cherub

376 3813 437 3870 tate,
451 3819 534 3874 quam
557 3805 645 3875 prima
662 3806 816 3862 conditione
829 3817 1019 3878 perceperunt.
1037 3812 1172 3868 bonarios
1221 3809 1332 3863 secundi
1348 3809 1463 3864 alterum
1473 3812 1617 3880 parietem,
1632 3813 1668 3866 ad
1684 3812 1758 3868 illam
1772 3815 1916 3873 eharitatis
1929 3817 2016 3875 admi·

376 3908 491 3965 namque
503 3894 596 3950 decem
607 3895 695 3951 obolis
717 3904 834 3963 constat,
849 3905 877 3952 et
891 3900 1030 3956 contimre
1043 3902 1070 3957 in
1084 3917 1114 3958 so
1126 3919 1172 3959 no
1223 3898 1425 3965 nistratiouem,
1436 3915 1518 3970 quam
1529 3897 1748 3959 nebis'exhibeut
1758 3905 1857 3973 angeli,
1869 3908 2016 3976 pertinent.

376 4001 433 4041 uteo
448 3987 523 4059 regis
549 3994 577 4041 ει
604 3986 749 4060 imaginem
776 3990 927 4046 consuerit.
954 3990 1123 4065 Quapropter
1144 4003 1173 4051 et
1222 3987 1469 4055 Quodataeatterae
1492 3991 1521 4046 in
1537 3992 1800 4049 medioseiuuicem
1814 3986 2018 4067 contingebant,

377 4077 466 4150 figure
482 4079 559 4152 regni
573 4079 694 4136 coelestis
714 4081 853 4152 aptissime
871 4085 1006 4155 congruit,
1027 4088 1073 4142 ubi
1087 4095 1114 4142 ει
1124 4103 1173 4143 an-
1223 4095 1284 4135 eam
1296 4071 1447 4138 illectionis
1459 4083 1585 4153 gratiam,
1603 4099 1658 4153 qua
1677 4100 1707 4140 se
1720 4085 1881 4141 alterutrum
1897 4090 2015 4161 comple·

377 4172 423 4242 ccli
436 4173 525 4229 sancti
546 4173 573 4227 in
593 4173 710 4244 imagine
728 4176 770 4231 sui
784 4177 943 4244 conditoris,
958 4179 992 4234 atl
1007 4196 1088 4250 quarn
1109 4181 1172 4243 lacti
1224 4179 1342 4234 cu¹¹¹¹¹¹lr
1358 4172 1495 4241 ⁸¹l'flffli‘·
1514 4174 1587 4229 3⁰⁰⁸
1598 4183 1690 4229 aulem
1705 4177 1847 4245 ⁸0h¹¹il¹¹l³
1864 4177 1939 4234 stili
1953 4198 2019 4252 1110·

378 4273 448 4330 sunt,
461 4265 573 4334 'semper
595 4273 718 4332 manent,
736 4275 764 4323 ει
785 4268 864 4324 electi
888 4270 1012 4328 hominus
1026 4273 1172 4345 imaginem
1223 4275 1272 4329 ‘ili‘
1282 4258 1414 4312 ‘'limbi''
1428 4276 1503 4326 ⁶¹³⁰,
1518 4263 1581 4330 ί1υὶῖι
1598 4270 1627 4317 ⁰²
1639 4273 1762 4319 ¹¹²l¹¹l³¹¹¹
1776 4281 1872 4341 eorum
1888 4268 2019 4327 C⁰ssdl¹⁰l

379 4354 444 4424 ejus,
460 4371 545 4426 quam
559 4357 699 4427 peccando
711 4357 870 4425 amiserant,
892 4360 1035 4430 recipiunt.
1050 4363 1174 4434 Quinque
1224 4347 1371 4403 l¹¹¹¹¹¹⁰s²³¹l
1379 4351 1514 4406 0113111110
1527 4349 1691 4418 sublimavit,
1705 4362 1734 4407 θῑ
1746 4364 1864 4411 mentem
1878 4373 1941 4416 tera
1955 4361 2017 4418 dile·

382 4445 530 4501 cubitorum
544 4446 587 4500 ala
599 4447 701 4503 cherub
716 4463 780 4514 una,
794 4456 823 4505 et
834 4450 954 4520 quinque
967 4452 1118 4508 cubitorum
1129 4455 1173 4509 ata
1224 4445 1321 4499 ebionis
1338 4455 1420 4516 atque
1446 4446 1606 4502 humilitatis
1634 4447 1694 4504 luce
1716 4436 1839 4519 replerit.
1864 4450 2016 4510 Notandum

382 4536 590 4603 eborensium,
616 4539 643 4594 jd
670 4548 720 4604 esi,
752 4540 845 4596 (terem
869 4542 975 4597 cupreos
998 4542 1128 4600 panemos
1146 4545 1173 4600 ῑῃ
1224 4548 1301 4600 sanc,
1316 4536 1387 4604 quod
1398 4536 1513 4606 lloyses,
1528 4538 1592 4592 dum
1613 4540 1815 4596 tabernaculum
1830 4541 1938 4609 laceret,
1954 4544 2018 4601 iecit

384 4631 533 4686 summitate
555 4630 604 4685 alae
622 4630 758 4702 usquead
779 4631 829 4687 alae
849 4632 960 4689 alterius
980 4636 1182 4710 summitatem.
1223 4624 1329 4680 61111108
1352 4626 1493 4681 Cherubim
1514 4642 1621 4694 atheos,
1645 4645 1714 4700 (1⁰0⁵
1727 4632 1818 4701 posuit
1838 4633 1865 4687 in
1885 4635 2016 4703 propitia-

386 4719 433 4777 tto
450 4738 512 4778 cum
527 4722 555 4776 in
579 4733 734 4778 sanctorum
757 4724 896 4780 bominum
921 4725 1006 4798 figora
1026 4737 1171 4796 ponuntur,
1225 4720 1303 4783 torio,
1319 4719 1390 4787 «ruod
1404 4728 1465 4774 erat
1478 4735 1560 4790 super
1570 4737 1660 4776 arcam
1686 4723 1784 4795 (huod.
1802 4725 1917 4798 aratu).
1942 4725 2018 4781 Salo·
2043 4751 2046 4756 ·

387 4811 492 4868 ripum,
505 4812 661 4884 significum
674 4828 768 4869 eorum
783 4814 882 4884 quipus
900 4816 934 4872 ad
956 4815 1078 4873 coeresrja
1101 4833 1173 4873 sem.
1224 4817 1391 4863 mutuantem
1405 4810 1589 4866 addiditalios
1608 4811 1676 4867 duos
1699 4813 1785 4869 multo
1798 4816 1926 4886 tnajores,
1950 4834 2018 4888 ques

389 4905 528 4969 pervolare
540 4915 622 4976 atque
646 4906 674 4960 in
699 4905 741 4960 bis
760 4909 991 4964 conversationem
1015 4909 1172 4981 angelorum
1226 4900 1253 4954 in
1269 4900 1368 4969 templo
1380 4909 1503 4970 paueret,
1519 4903 1570 4957 sub
1589 4918 1705 4973 quorum
1717 4904 1767 4960 ulis
1780 4920 1873 4961 arcam
1888 4910 1915 4961 iu
1929 4910 2018 4965 medio

392 5005 514 5061 ponuntur
527 4995 587 5062 alre,
603 4993 675 5068 quid
682 4997 802 5067 apertius
821 5014 902 5069 quam
926 5002 1041 5071 gratiam
1063 5003 1173 5057 detnon-
1225 5004 1339 5066 poneret
1364 5010 1425 5050 cum
1448 4997 1636 5066 propitiatorio
1658 5008 1686 5055 ct
1708 5000 1848 5057 cherubim
1871 5005 2016 5073 prioribus.

385 5090 615 5158 ¹uruntperpeture
627 5095 655 5141 et
668 5088 836 5144 indelectiuae
850 5088 986 5146 felicitatis
1010 5107 1105 5147 eorum
1126 5093 1173 5163 qui
1226 5083 1325 5156 Sisque
1349 5084 1448 5141 iactum
1464 5094 1506 5142 est
1519 5095 1548 5141 ut
1568 5088 1596 5142 in
1612 5089 1785 5145 tabernaculo
1798 5092 1906 5160 quidem
1928 5105 2020 5150 esseut

397 5185 485 5245 temper
495 5178 522 5231 in
538 5177 693 5233 coelcstibus
708 5179 736 5232 in
747 5179 898 5235 ministerio
911 5181 951 5235 sui
966 5183 1115 5251 persistunt
1129 5199 1175 5237 au·
1226 5179 1366 5234 cherubim
1380 5180 1443 5241 (luo.
1459 5180 1486 5234 ln
1501 5181 1602 5252 templo
1620 5193 1710 5238 utitem
1732 5193 1857 5254 quatuor.
1872 5186 1913 5241 bd
1936 5203 2017 5243 uuam

398 5267 483 5320 dens?
497 5265 547 5321 Vel
558 5276 641 5331 certe,
656 5268 718 5337 quia
731 5267 839 5323 levitoco
852 5271 980 5339 spiritatis
993 5280 1097 5326 noturae
1111 5282 1174 5328 sunt
1227 5284 1292 5324 rere
1307 5269 1483 5340 camtleruque
1497 5273 1720 5342 significationem
1744 5278 1850 5347 utrique
1873 5281 2016 5349 pertinent.

400 5357 497 5424 prediti,
523 5359 562 5413 ita
584 5367 613 5414 ut
639 5360 792 5430 ubicunque
815 5361 958 5426 volueriut,
979 5363 1070 5417 statim
1095 5364 1174 5434 quasi
1228 5357 1282 5414 Sed
1295 5361 1439 5430 repetitum
1455 5370 1497 5417 est
1510 5377 1577 5434 opus
1595 5375 1675 5435 atque
1692 5369 1832 5436 augustius
1849 5369 1950 5426 lactum
1971 5388 2020 5443 per

401 5445 497 5506 trunto
522 5453 707 5520 praeu'euiant3
734 5462 761 5507 et
777 5454 822 5507 hic
849 5469 911 5507 cum
934 5455 985 5509 alis
1013 5455 1132 5527 bgurati,
1148 5465 1175 5513 ct
1227 5451 1410 5517 Salomonem,
1431 5460 1461 5507 ut
1474 5454 1563 5524 typice
1575 5457 1718 5511 doceretur
1738 5459 1820 5527 utrod,
1843 5462 2019 5532 utttltiplicatu

402 5539 518 5606 ttoptous
542 5557 604 5597 curu
626 5540 677 5595 alis
697 5543 810 5597 astensi.
841 5542 913 5597 liene
939 5555 1028 5600 autem
1054 5545 1173 5612 dicitur,
1227 5551 1289 5613 post
1315 5543 1530 5599 incarnationem
1564 5544 1731 5602 Dentiuicam
1766 5549 1912 5615 Ecclesia,
1939 5551 2019 5605 latius

403 5629 586 5702 bbodqrrinque
607 5633 759 5688 cubitorum
781 5635 824 5690 aba
850 5636 954 5691 cherub
971 5653 1035 5703 una,
1048 5647 1075 5694 et
1093 5640 1174 5710 quin·
1226 5643 1298 5689 esset
1311 5635 1436 5703 gentibus
1447 5635 1598 5691 sublimiias
1609 5637 1669 5693 Coell
1688 5640 1787 5694 civium
1807 5641 1956 5708 pandenda,
1972 5642 2016 5708 qui

403 5723 603 5778 ttecubitarum
629 5723 672 5777 ala
695 5725 796 5780 cherub
825 5726 921 5791 altera,
947 5729 1074 5796 quoniam
1089 5730 1175 5783 virtu·
1227 5724 1268 5778 sic
1280 5723 1454 5778 Conditorem
1469 5725 1502 5780 dc
1514 5726 1613 5783 collato
1636 5728 1687 5783 sibi
1713 5746 1824 5785 munere
1845 5730 2018 5790 beatitudiuis

405 5808 562 5885 usurgeticae
588 5815 675 5887 legem
702 5817 760 5881 Dei,
777 5833 837 5887 quoe
860 5819 887 5872 in
905 5819 1024 5889 qttinque
1037 5820 1114 5876 libris
1129 5823 1174 5877 de·
1226 5821 1390 5886 collaudant,
1407 5827 1435 5875 ut
1447 5819 1482 5876 tle
1502 5831 1595 5879 nostra
1614 5840 1721 5894 quoque
1740 5825 1877 5894 ereptione
1890 5833 1972 5892 atque
1984 5825 2018 5878 ad

404 5901 482 5971 scripto
501 5915 553 5969 cst,
565 5903 1028 5975 indefessadeuotionecustediunt,
1040 5909 1175 5981 diligendo
1226 5914 1349 5969 eamdem
1375 5913 1568 5970 beatitudinem
1597 5916 1795 5971 introductione
1819 5915 2015 5984 congaudeant.

324 6056 325 6063 ἵ
405 5990 663 6051 lldclicctlioutiuum
682 5995 766 6052 licum
786 6014 912 6055 suumeu
929 6000 1055 6055 omnibus
1072 6000 1174 6055 uiribus
1227 6002 1384 6059 Extenduut
1412 6004 1485 6059 cuim
1521 6005 1578 6060 alus
1609 6004 1759 6060 adiutricem
1791 6020 1872 6075 super
1898 6019 2016 6069 arcum,
