4709 6767
989 708 1045 718 -oa
1304 708 1354 718 -ι
1505 705 1576 718 ut·—

647 872 934 985 ΒΕΔἮ
969 868 1341 1002 datram
1376 872 1683 1004 metim

715 1099 909 1160 rdthdttsts
927 1099 1071 1156 taetris
1089 1098 1134 1155 ΕΤ
1153 1097 1343 1156 decutitur
1361 1098 1621 1158 aucutsetscom

403 1278 982 1416 COMMENTARIA
1030 1281 1109 1405 {N
1156 1277 1437 1407 LIBROS
1485 1282 1571 1409 IV
1618 1282 1923 1411 REGUM.

1063 1512 1184 1595 panno
1204 1513 1287 1594 set.)

1058 1656 1285 1674 μ

1016 1755 1318 1829 PRAEFATIO.

396 1990 511 2046 ltumino
536 1986 762 2044 reverendissimo
785 1992 815 2041 et
837 1984 865 2041 in
891 1984 1021 2040 membris
1044 1984 1146 2039 Christi
1158 1991 1183 2052 A
1196 1986 1343 2044 brerianrlo
1365 1987 1517 2060 explanavi.
1541 1983 1749 2066 Praenotarique
1769 1996 1798 2054 in
1817 2003 1985 2074 marginibus
2016 2039 2021 2048 ·

357 2083 505 2154 pluriruutu
519 2080 674 2135 uenerando
689 2087 770 2148 atque
784 2075 908 2142 colendo,
922 2077 997 2134 Patri
1015 2075 1147 2134 lltucotso
1197 2078 1353 2149 paginarum
1374 2079 1526 2151 aliquorum
1548 2099 1644 2140 eorum
1658 2086 1778 2154 domim,
1794 2089 1839 2146 uhi
1855 2106 1903 2147 sua
1918 2111 1983 2164 pro·
2054 2071 2069 2160 ³,

354 2172 495 2236 atrlrati‚et
508 2169 577 2225 sacri
593 2167 685 2239 palatii
696 2165 922 2236 archicapellano,
936 2165 1072 2231 Ronanus,
1086 2166 1146 2221 exi·
1197 2169 1256 2239 pria
1265 2171 1347 2226 rerba
1358 2170 1465 2244 suntin)
1474 2169 1483 2239 ;'
1493 2174 1611 2229 ubirero
1619 2189 1712 2231 eorum
1723 2192 1831 2236 sentum
1843 2184 1911 2238 meis
1924 2201 1986 2241 rer·

356 2278 427 2332 gnus
451 2275 595 2316 serrorum
613 2259 660 2315 liei
681 2272 785 2322 servus,
804 2256 832 2311 in
846 2257 1073 2312 Dominoaeterno
1085 2271 1146 2330 per·
1196 2254 1238 2310 bis
1249 2256 1381 2327 expressi,
1400 2265 1447 2313 aut
1459 2259 1503 2314 ubi
1514 2259 1591 2331 juxta
1608 2276 1705 2318 sensus
1718 2279 1812 2322 eorum
1827 2269 1983 2327 similitudi-

355 2364 466 2424 petuam
480 2352 607 2407 salutem.
1197 2361 1272 2409 uem,
1290 2356 1371 2417 prout
1391 2348 1483 2404 diuina
1505 2352 1593 2422 gratia
1616 2354 1683 2410 mihi
1704 2359 1854 2416 concedere
1876 2363 1985 2435 dignata
2051 2393 2057 2402 ,

391 2444 460 2499 Cum
472 2441 674 2498 venerationem
687 2447 874 2505 tuarn,sanote
888 2437 977 2506 Pater,
988 2439 1089 2510 ubique
1099 2452 1147 2494 ex·
1196 2443 1249 2502 est,
1271 2436 1305 2491 de
1323 2452 1393 2493 noro
1410 2439 1520 2506 dictari,
1535 2440 1562 2494 ld
1575 2440 1693 2499 litteram
1714 2444 1804 2503 linctu
1821 2464 1919 2507 nomen
1937 2469 1985 2508 ex·

355 2533 500 2590 cellentem
517 2531 677 2594 sentiamus,
694 2538 721 2586 et
735 2530 858 2599 pluribus
872 2528 1072 2600 profectuosam
1087 2542 1147 2585 esse
1197 2526 1368 2596 primentem,
1392 2531 1463 2597 (111011
1487 2530 1713 2600 11111118111111111111
1736 2534 1823 2591 beatae
1846 2542 1984 2597 memoriae

354 2634 524 2697 compertum
537 2624 694 2689 habeamus,
710 2622 738 2679 id
756 2623 842 2692 ipsum
860 2631 891 2676 ut
901 2621 991 2678 divina
1003 2620 1146 2677 clementia
1198 2613 1310 2669 ibinus
1328 2616 1396 2670 mibi
1409 2616 1516 2682 indidit,
1535 2628 1688 2688 praenotare
1702 2624 1808 2679 curavi.
1823 2633 1853 2680 ut
1870 2625 1986 2702 diligens

356 2720 462 2774 &udus
474 2718 532 2773 lieri
545 2717 723 2787 permittat,et
741 2715 888 2771 novissime
904 2723 1007 2770 aeterna
1022 2709 1147 2768 mercede
1197 2704 1283 2763 lector
1294 2708 1362 2764 sciat
1374 2710 1438 2779 quid
1453 2711 1567 2781 quisque
1580 2711 1615 2767 de
1630 2727 1680 2768 suo
1691 2715 1826 2783 proderat,
1844 2719 1942 2788 quidve
1957 2722 1984 2777 iu

357 2815 525 2873 remuneret,
542 2805 658 2861 assiduis
671 2804 797 2876 precibus
816 2804 950 2859 instanter
963 2802 1144 2873 deposcimus.
1197 2798 1311 2870 siugulis
1325 2800 1496 2856 sentiendum
1510 2801 1556 2867 sit,
1570 2801 1710 2858 decernat.
1725 2803 1862 2864 Praeterea
1878 2808 1983 2867 liebrrei

359 2897 401 2953 De
414 2907 512 2952 cetero
530 2910 639 2967 quoque
659 2895 724 2965 quia
743 2904 834 2951 rostra
849 2893 980 2949 sanctitas
989 2907 1040 2963 per
1049 2907 1145 2963 quem-
1196 2885 1338 2955 cujusdam
1366 2889 1503 2945 modernis
1532 2891 1698 2962 temporibus
1723 2893 1751 2949 iu
1774 2893 1842 2965 legis
1870 2898 1986 2956 scientia

357 2988 420 3043 dam
442 2987 553 3043 tratrem
571 2995 706 3053 nosmum,
721 3001 802 3057 quem
816 2984 851 3040 ad
865 2984 994 3056 palatium
1008 2982 1146 3053 praeterito
1198 2978 1323 3048 capitulis
1336 2980 1508 3038 traditionem
1523 2981 1698 3041 ilebraeorum
1714 2987 1813 3044 habere
1824 3004 1879 3045 non
1891 2994 1985 3062 paucis

355 3098 428 3138 arrato
441 3082 591 3138 direximus
621 3092 721 3137 nostrae
733 3080 862 3151 parvitati
876 3091 1020 3152 suggerere
1037 3078 1145 3150 dignata
1197 3071 1265 3128 loeis
1288 3072 1434 3147 [l’tmterca
1449 3091 1484 3131 ex
1499 3076 1624 3146 capitulis
1638 3077 1745 3134 ilehraei
1760 3075 1912 3153 eujusdam,
1927 3100 1986 3143 rno-

355 3184 400 3229 est
415 3181 550 3243 quatenus
569 3173 678 3243 aliquod
699 3173 824 3227 volumen
849 3171 927 3226 robis
943 3166 1008 3223 utile
1022 3168 1145 3222 mittere·
1198 3162 1289 3219 demis
1311 3165 1477 3236 temporibus
1491 3166 1517 3221 in
1531 3166 1598 3239 legis
1613 3169 1726 3224 seientia
1748 3172 1839 3241 periti,
1862 3175 1986 3231 traditio-

356 3280 437 3319 runs:
452 3280 503 3320 nos
516 3265 575 3319 haec
587 3263 724 3334 suggestio
736 3278 790 3317 non
802 3277 896 3333 parum
910 3257 1143 3317 sollicitosreddi·
1198 3267 1261 3310 nem
1280 3254 1455 3312 ilebraeorum
1470 3272 1522 3312 non
1537 3258 1631 3328 paucis
1646 3258 1722 3326 locis,
1737 3260 1984 3334 ete.],simulcunt
2049 3279 2057 3290 ·

356 3354 407 3416 dit,
429 3353 502 3423 quod
522 3353 608 3414 robis.
629 3354 675 3423 qui
694 3353 792 3408 divites
817 3352 885 3407 estis
908 3351 936 3406 in
958 3350 1095 3417 omnihus,
1116 3349 1145 3405 in
1158 3330 1183 3392 Β
1196 3355 1262 3404 nota
1274 3346 1459 3418 nominisejus
1471 3348 1584 3416 inserui,
1599 3365 1653 3404 non
1669 3351 1747 3421 quasi
1761 3351 1888 3423 ingerens
1900 3353 1984 3414 alicui

355 3445 431 3499 orani
445 3444 559 3499 seientia
573 3452 602 3500 et
619 3443 751 3509 doctrina,
775 3451 803 3498 et
822 3442 892 3513 apud
914 3453 1000 3512 quem·
1014 3440 1146 3496 librorum
1197 3439 1387 3495 auctoritatem
1406 3439 1507 3511 ipsius,
1534 3440 1582 3495 sed
1606 3440 1765 3511 simpliciter
1786 3443 1885 3513 potius,
1912 3444 1984 3515 quod

265 3565 270 3572 »
355 3536 475 3590 errarima
490 3536 570 3605 eopia
590 3544 643 3602 est,
667 3534 795 3605 placitum
808 3544 836 3590 et
858 3534 1020 3605 condignum
1040 3545 1148 3587 accom-
1196 3530 1326 3601 scriptum
1343 3530 1440 3601 reperi,
1461 3529 1519 3601 ejus
1540 3530 1727 3601 probationem
1749 3532 1857 3589 lectoris
1878 3531 1984 3602 judicio

356 3627 469 3681 ruodare
481 3641 632 3696 possemus.
646 3625 680 3680 m
693 3625 756 3695 quia
767 3640 814 3681 ros
825 3623 942 3694 aliquem
957 3622 1055 3677 librum
1066 3635 1147 3691 quem
1196 3619 1363 3690 derelinquo.
1385 3618 1456 3675 Ante
1478 3620 1569 3675 omnia
1593 3632 1684 3678 autern
1708 3623 1839 3692 deprecor
1863 3636 1893 3681 ut
1912 3641 1984 3697 prae·

356 3715 435 3770 vobis
447 3716 581 3770 mitterem
592 3717 751 3771 nominatim
766 3731 820 3771 non
831 3713 1016 3785 expressistis,
1030 3711 1145 3783 cogitari
1196 3709 1341 3779 sumptioni
1353 3725 1421 3765 mem
1431 3712 1538 3766 reniam
1551 3711 1663 3779 tribuas,
1677 3714 1750 3784 quod
1761 3722 1816 3771 mun
1830 3718 1981 3789 imperitat,

357 3819 464 3859 anesum
486 3805 514 3859 in
534 3806 731 3875 expositionem
748 3804 879 3860 librorum
895 3802 998 3873 liegum
1010 3802 1146 3872 quoddam
1196 3813 1249 3852 non
1275 3797 1360 3854 solum
1387 3815 1528 3866 sermone,
1552 3802 1599 3857 sed
1623 3803 1705 3858 etiarn
1726 3805 1851 3873 scientia,
1878 3817 1984 3865 tanturn
2076 3824 2081 3834 ·

358 3896 519 3964 opusculum
538 3895 681 3963 conicere,
700 3906 728 3951 et
742 3898 843 3953 nomini
862 3905 952 3952 restro
970 3896 1035 3952 illud
1051 3911 1148 3952 conm-
1195 3902 1263 3957 otius
1283 3887 1375 3944 subire
1393 3892 1564 3963 praesumpsi.
1585 3891 1644 3947 Non
1666 3894 1739 3950 euim
1752 3895 1786 3951 de
1800 3912 1872 3961 mee,
1888 3900 1935 3956 ted
1950 3901 1984 3958 de

357 4002 449 4052 erare,
463 3997 615 4058 vestr-eque
628 3989 779 4058 prudentie
792 3989 994 4059 approbandum
1009 3987 1147 4043 humiliter
1196 3975 1285 4032 (illini
1308 3978 1476 4036 0⁰¹¹ssl¹tib³¹li
1501 3984 1633 4052 Ρθῑθῦῑῑθ»
1656 3984 1902 4059 (111111111111111111
1918 4000 1981 4047 eiii

359 4079 412 4132 ,Μ
432 4078 558 4147 ῥίψω,
580 4078 658 4146 Quod
677 4074 851 4149 gepoecgfgo
866 4080 958 4134 ,nimo
975 4078 1145 4149 suscipiam,
1198 4065 1290 4133 ‹Quia
1314 4069 1447 4137 sapientia
1470 4074 1557 4144 aperit
1570 4088 1601 4128 os
1617 4085 1765 4137 mutorum,
1780 4086 1808 4132 et
1820 4078 1926 4152 linguas
1941 4082 1985 4140 in·

355 4183 414 4235 quo
429 4168 505 4222 robis
519 4168 584 4223 illud
603 4169 752 4224 transmisi.
772 4169 832 4225 Non
854 4169 927 4225 enim
945 4170 1063 4225 arbitror
1080 4169 1146 4223 illud
1196 4155 1309 4212 satillum
1333 4157 1399 4215 sicil
1417 4162 1534 4219 dimidii
1554 4161 1629 4235 (3⁰9-
1644 4164 1708 4239 x).r
1730 4165 1781 4235 0111
1795 4176 1823 4223 el
1838 4170 1983 4228 1111111111

358 4270 420 4308 esse
436 4255 512 4310 vobis
525 4255 698 4327 condignum,
715 4257 762 4312 sed
777 4271 812 4313 ex
826 4257 924 4313 devoto
941 4258 1032 4322 corde,
1050 4256 1145 4328 quale·
1196 4246 1260 4303 lecit
1286 4248 1403 4320 linguam
1433 4252 1544 4321 pecudis
1568 4268 1696 4309 resonare
1723 4255 1858 4325 loquelam
1885 4259 1981 4331 (Natu.

360 4361 467 4416 cunque
480 4346 527 4411 stt,
546 4355 636 4402 umen
653 4348 798 4418 prolatum,
815 4348 933 4404 AEsttrno
945 4350 1029 4407 enim.
1044 4349 1066 4403 st
1080 4348 1146 4404 ittud
1196 4341 1274 4412 nu).
1299 4340 1433 4411 degebam
1452 4343 1526 4396 enim
1544 4359 1605 4397 eum
1620 4360 1669 4415 ner
1681 4345 1844 4417 Pmoietam
1859 4350 1980 4407 dixisse:

359 4436 481 4504 relegere
499 4437 648 4502 uolueritis,
665 4441 818 4508 peremnia
833 4438 909 4496 vohis
922 4454 976 4494 non
989 4438 1144 4508 displicere,
1200 4431 1298 4500 ‘Aleti
1309 4447 1340 4486 ⁰⁸
1351 4439 1531 4504 1111111111ηο
1542 4434 1692 4505 adimplebo
1702 4436 1859 4512 dludU'ttd.
1870 4442 1979 4513 dxxxi.»

359 4540 422 4579 curn
445 4527 627 4595 cognoveritis
648 4544 692 4583 me
704 4529 737 4583 ad
754 4529 806 4583 hoe
818 4529 942 4584 laborare
959 4530 1028 4584 reite
1041 4537 1072 4584 ut
1084 4544 1146 4584 sau-
1196 4520 1230 4574 Εῑ
1243 4521 1326 4576 11Ιὶ1111
1346 4521 1510 4589 «proruam,
1535 4525 1631 4595 inquit,
1650 4526 1675 4580 111
1695 4542 1738 4583 ¹¹¹0
1759 4530 1888 4598 sperarit,
1914 4529 1983 4586 11111·

358 4622 465 4668 ciorum
480 4613 590 4674 Patrum
606 4618 689 4682 dicta,
705 4633 765 4687 qun
781 4618 814 4672 dc
828 4619 957 4687 praedictn
969 4619 1038 4675 libro
1058 4634 1143 4690 expo-
1197 4614 1349 4678 rabodum,
1364 4624 1391 4669 et
1408 4622 1546 4685 protegam
1561 4631 1635 4676 eum.
1652 4618 1779 4697 qponiam
1793 4622 1919 4691 cognorit
1933 4636 1984 4676 no-

358 4703 412 4756 sita
427 4704 452 4757 in
466 4703 587 4773 pluribus
599 4707 923 4778 exemplaribusdispersa
936 4717 1007 4772 sunt,
1023 4712 1049 4764 in
1060 4725 1144 4765 unum
1158 4685 1181 4746 C
1197 4719 1258 4758 1111111
1278 4719 1366 4759 meum
1390 4704 1476 4777 (Pud-
1491 4721 1524 4760 ¹ss
1543 4704 1563 4778 )·
1580 4727 1589 4759 r
1610 4706 1665 4761 Nec
1684 4708 1756 4762 0111111
1776 4708 1867 4765 diffidi)
1879 4709 1985 4780 aliquas

360 4793 396 4846 ob
425 4795 644 4852 commoditatem
674 4797 789 4869 legentis
814 4799 985 4871 colligerem,
1013 4811 1147 4870 quatenus
1198 4811 1258 4851 esse
1272 4796 1317 4865 qui
1332 4811 1408 4850 suam
1422 4795 1543 4850 volentes
1558 4806 1695 4852 ostentare
1707 4797 1842 4868 peritiam,
1860 4808 1982 4855 nostram
2100 4825 2102 4830 ’

360 4881 425 4949 quid
446 4884 561 4952 quisque
582 4900 676 4940 eorum
690 4887 719 4941 in
734 4889 876 4944 sententiis
891 4890 1006 4945 dirersis
1028 4891 1148 4948 historice
1198 4887 1388 4955 reprehensuri
1408 4888 1463 4941 siut
1482 4886 1617 4940 inertiam.
1639 4889 1742 4954 Quibus
1757 4903 1810 4943 non
1823 4889 1914 4955 meis,
1934 4888 1983 4944 sed

360 4970 465 5040 llegum
484 4988 534 5042 per
551 4974 658 5045 sirrgula
675 4975 735 5032 loca
754 4980 880 5042 senserit,
898 4981 1000 5048 pariter
1011 4989 1039 5036 ct
1051 4997 1148 5037 sccun·
1199 4977 1270 5031 beati
1286 4975 1440 5045 llieronymi
1463 4975 1632 5045 respondebo
1651 4977 1841 5032 seruronibus:
1859 4976 1984 5051 ‹Legant

359 5057 424 5116 duur
437 5066 559 5120 ordinem
572 5083 587 5121 a
602 5069 680 5127 nobis
694 5070 858 5140 dispositum¹
867 5073 1007 5142 reperiret.
1022 5074 1061 5129 lbi
1076 5076 1148 5129 cuim
1199 5068 1244 5139 qui
1255 5067 1369 5133 1’11111111;
1390 5065 1436 5135 itii
1447 5075 1537 5120 autem
1562 5065 1668 5131 ¹¹⁰¹t¹ssir
1692 5065 1829 5133 abjiciant,
1851 5077 1878 5121 et
1896 5067 1984 5124 renti-

361 5154 479 5210 inrcniet
496 5159 562 5228 qnid
580 5157 661 5216 Pater
672 5141 847 5231 Augustinus,
863 5163 963 5234 quidve
976 5164 1090 5235 insignis
1109 5165 1148 5218 tn.
1198 5157 1255 5214 lent
1272 5159 1373 5229 apices,
1400 5159 1506 5214 litteras
1528 5160 1735 5216 calumnientur.
1751 5182 1760 5214 r
1787 5161 1871 5234 blagis
1892 5174 1983 5219 restra

361 5254 466 5314 terpres
487 5249 638 5306 divinorum
653 5250 782 5308 librorum
799 5253 978 5325 llieronymus
992 5256 1144 5310 senserint:
1199 5253 1331 5305 charitate
1349 5252 1515 5323 provocabor
1535 5255 1568 5307 ad
1581 5254 1711 5317 eludium.
1721 5268 1802 5323 quma
1815 5254 1923 5309 illorum
1935 5255 1983 5309 dii·

358 5334 424 5402 quid
446 5352 514 5407 papa
533 5339 629 5394 heatus
643 5355 676 5395 ae
689 5343 865 5398 suavissimus
883 5343 978 5399 doctor
990 5344 1145 5416 Gregorius,
1197 5342 1330 5398 tructione
1343 5350 1372 5396 et
1384 5342 1446 5397 odio
1458 5342 1624 5399 deterrebor.
1647 5342 1677 5398 Si
1699 5345 1771 5398 enim
1793 5344 1850 5399 haec
1869 5358 1983 5414 parrae

361 5428 461 5495 quidue
493 5429 609 5485 isidorus
635 5431 802 5502 llispalensis
835 5435 998 5505 episcopus,
1028 5436 1147 5505 etquid
1198 5444 1286 5488 restra
1299 5443 1375 5503 grate
1390 5427 1516 5504 sdscepta
1530 5432 1630 5489 luerint
1641 5434 1751 5505 pictate,
1770 5433 1983 5505 Dominoopitu-

359 5514 444 5578 Beria,
469 5518 593 5589 magister
608 5520 717 5583 nobilis,
739 5537 772 5576 ae
795 5525 886 5578 coeteri
907 5524 1012 5589 Patres,
1031 5539 1145 5595 quorum
1199 5525 1281 5589 lante,
1297 5522 1385 5579 adhuc
1404 5524 1513 5593 aliquod
1532 5525 1598 5579 utile
1616 5526 1757 5581 elaborare
1769 5533 1797 5580 et
1809 5533 1906 5579 vestrae
1919 5540 1981 5579 san·

359 5606 469 5676 longuru
481 5618 523 5663 est
533 5612 640 5666 uomina
651 5628 801 5674 recensere,
814 5614 864 5669 rite
875 5614 1065 5670 intellexerint.
1078 5615 1148 5682 Quo·
1159 5596 1186 5656 Ῑ)
1198 5616 1287 5672 ctitati
1307 5624 1473 5687 praesentare
1496 5618 1624 5677 conabor.
1646 5617 1842 5672 beatitudinem
1865 5624 1982 5671 rostram

360 5712 423 5750 rurn
445 5699 564 5754 omnium
584 5702 745 5769 sententias,
766 5714 813 5758 aut
837 5704 916 5759 sicuti
941 5704 976 5758 ab
998 5704 1063 5774 ipsis
1084 5718 1148 5760 eon·
1197 5708 1323 5777 majestas
1347 5706 1437 5761 divina
1458 5707 1529 5764 felici
1542 5721 1669 5765 successu
1683 5708 1982 5779 pollentemperpotua-

360 5788 469 5857 scripte
491 5800 554 5845 suut
570 5794 659 5861 posui,
677 5801 724 5848 aut
746 5810 855 5852 sensnm
873 5810 967 5850 eorum
980 5797 1047 5854 meis
1060 5796 1148 5852 serbis
1198 5795 1261 5850 liter
1270 5810 1432 5850 conservare
1444 5796 1579 5867 dignetur.

396 5964 435 6036 (a)
454 5963 567 6023 bordino
582 5968 640 6024 baec
654 5984 704 6026 nos
717 5972 872 6041 parenthesi
888 5972 1012 6030 distincta
1026 5974 1055 6030 in
1070 5981 1145 6031 textu
1161 5971 1333 6029 inseruimus.
1354 5973 1432 6029 Eorr.

579 6083 716 6146 Parnes.
737 6084 820 6160 clx,

241 6202 542 6411 rard
