4709 6767
378 573 447 630 ιὲιὸ

731 579 906 637 cohuuur.
926 580 960 637 ιιι
978 580 1100 638 LIBROS
1120 582 1409 647 uacttantsouttlt.
1428 622 1465 636 ··
1480 595 1515 651 ut
1533 597 1598 653 hta.
1617 598 1649 655 ιι.

1936 612 2005 668 lrtt

373 701 434 742 runt
459 686 529 758 (stc),
552 700 612 755 quaa
632 690 666 744 ah
684 690 799 760 Amphio
813 701 841 746 et
863 691 963 758 Circio,
989 691 1309 759 mintuommqnlam,
1338 713 1399 766 quae
1426 699 1617 772 iuterpretatur
1650 722 1741 771 mare,
1771 710 2006 772 coelastitanorum

371 778 475 848 aurigis
491 776 588 842 hacta,
606 788 633 834 et
652 796 744 836 eorum
761 784 869 838 nomine
887 784 1006 838 Dioscuri
1026 783 1165 853 cognomi·

372 879 434 924 trata
455 878 506 923 est.
528 870 596 925 Nam
619 871 740 927 Dioscuri
761 874 896 944 plerisque
913 876 1013 946 aurigae
1031 875 1164 944 interpre-

372 971 477 1027 tantur;
503 973 567 1018 sunt
583 972 670 1020 atttem
688 966 804 1030 Gemini,
817 976 846 1021 ut
870 968 996 1031 diximus,
1020 968 1117 1021 Castor
1138 975 1165 1021 et

371 1052 474 1107 Pollux.
493 1053 569 1119 Quod
581 1064 669 1108 autern
688 1054 798 1126 Lysias,
820 1058 915 1110 timore
935 1056 1086 1136 iudaeorum
1100 1070 1165 1110 eon·

369 1144 476 1209 dinetus,
499 1143 632 1200 Antiocho
646 1148 779 1215 persuasit
790 1162 850 1201 eum
870 1145 969 1201 induis
981 1155 1089 1215 pactum
1110 1146 1163 1199 ini·
1181 1141 1203 1153 ⁴

369 1250 408 1300 rc,
434 1235 603 1290 demonstrat
626 1236 717 1291 hostes
741 1238 867 1292 Ecclesiae
888 1238 989 1292 virtute
1010 1237 1100 1291 divina
1113 1251 1162 1291 sae-

367 1341 401 1396 pc
420 1335 571 1396 superatos,
593 1326 696 1381 etlieet
714 1342 766 1382 non
789 1326 934 1390 roltmtate,
955 1334 1045 1380 tamen
1070 1339 1163 1381 neees-

367 1418 447 1472 sitate
466 1417 502 1471 illi
526 1417 632 1482 cedere,
656 1433 716 1472 eum
740 1418 766 1472 id
786 1419 857 1487 quod
878 1417 971 1474 nolunt
983 1416 1017 1470 ad
1036 1415 1161 1471 effectum

366 1508 514 1578 perducere
536 1523 590 1562 non
612 1517 734 1577 possunt.

402 1600 479 1655 Anno
489 1602 628 1656 centesima
637 1602 836 1672 quadruqesimo
847 1612 948 1667 octana,
963 1600 1075 1656 Pandici
1089 1617 1161 1655 men·

364 1692 401 1747 sis
415 1693 532 1761 septimo,
548 1694 672 1746 miserunt
686 1700 711 1745 ιι
726 1691 838 1746 Romani
852 1692 996 1763 epistolam,
1010 1700 1063 1748 ιιι.
1087 1690 1160 1746 Meu·

1217 785 1445 854 conciliabulum,
1462 791 1508 859 qui
1523 806 1629 862 semper
1649 795 1677 850 in
1699 804 1859 868 tempestate
1873 812 1947 869 suut,
1967 807 2007 861 in·

1217 877 1298 945 telligi
1321 882 1428 949 poterit.
1454 881 1578 939 Schisma
1594 900 1679 956 ergo,
1703 898 1733 944 ιιι
1757 892 1866 959 quidam
1893 896 2005 964 solunt,

1216 968 1367 1024 abscissura
1384 980 1677 1045 estmorumlracatnm
1691 997 1698 1033 ε
1713 982 1807 1038 eodem
1830 986 1904 1049 euim
1919 991 2005 1057 cultu,

1214 1059 1308 1113 eodem
1336 1061 1388 1115 ritu
1414 1062 1508 1128 credit,
1524 1065 1558 1120 de
1587 1077 1696 1135 cautem,
1715 1072 1773 1127 solo
1788 1080 2019 1148 congregationis*

1215 1145 1363 1201 delectatur
1380 1138 1490 1206 dissidio
1505 1170 1511 1205 :
1528 1152 1558 1208 lit
1577 1165 1667 1212 autem
1686 1160 1804 1217 schisma
1825 1179 1886 1219 cum
1910 1166 2005 1227 dieunt

1213 1252 1306 1294 omnes
1319 1256 1369 1295 nos
1381 1243 1581 1301 sanctificamus
1602 1248 1767 1317 immundos,
1786 1254 1871 1310 ethis
1893 1258 2001 1316 similia.

1212 1327 1356 1398 Cognoscit
1370 1340 1459 1387 ιιιιιιι
1469 1331 1552 1390 iudas
1568 1336 1765 1410 lamnitaspari
1782 1344 2004 1406 madefacerent
2050 1342 2055 1351 ’

1211 1416 1334 1488 loppitm,
1347 1422 1495 1478 machinari
1513 1425 1624 1483 iusidias
1635 1428 1734 1487 iudaeis
1751 1448 1841 1489 secum
1856 1436 2002 1493 habitanti-

1211 1511 1277 1576 bus,
1303 1528 1364 1567 cum
1394 1516 1520 1571 doctores
1540 1521 1626 1575 saneti
1649 1522 1740 1577 dolum
1763 1524 2000 1586 schismaticorum

1210 1601 1298 1657 iraath
1311 1605 1498 1661 haereticorum
1514 1609 1628 1665 similem
1642 1615 1849 1683 comperientes,
1864 1617 2001 1689 deceptio-

1210 1712 1271 1750 nem
1290 1697 1324 1751 ah
1345 1697 1385 1751 eis
1405 1707 1528 1754 metuunt
1550 1702 1667 1757 bdelium
1683 1723 1689 1755 ε
1704 1714 1799 1760 contra
1817 1723 1885 1777 quos
1900 1709 2000 1767 hollant

365 1784 403 1839 sis
423 1782 559 1838 Pandicus
577 1782 648 1852 apud
670 1782 849 1839 Athenienses
873 1784 929 1853 ipse
952 1793 994 1838 est
1018 1783 1064 1853 qui
1090 1781 1160 1850 apud
1209 1796 1328 1853 movent,
1337 1796 1366 1841 et
1377 1788 1403 1842 in
1419 1789 1537 1845 tenebris
1548 1794 1748 1861 superstitionis
1758 1812 1806 1850 cos
1821 1798 1999 1862 invenientes,

365 1891 414 1930 nos
428 1876 527 1945 Aprilis
537 1884 709 1946 nuncupator
720 1884 748 1929 et
759 1874 830 1944 apud
845 1874 970 1929 Hebraeos
981 1871 1072 1937 Nisan,
1088 1869 1159 1940 apud
1209 1881 1287 1934 simul
1299 1897 1360 1935 cum
1373 1884 1507 1939 machinis
1521 1900 1614 1940 eorum
1641 1903 1691 1956 pot·
1712 1891 1798 1959 iguem
1815 1892 2001 1948 excommuni-

365 1980 448 2035 qum,
467 1965 543 2034 juxta
562 1966 627 2035 legis
645 1974 824 2035 emerium,
845 1964 915 2018 idem
934 1963 1034 2017 1110ῡὸἱῦ
1053 1961 1158 2033 prituus
1208 1973 1323 2028 cationis
1338 1983 1471 2041 exurunt;
1486 1976 1522 2030 ita
1541 1985 1569 2030 ut
1585 1977 1737 2032 incendium
1752 1995 1844 2034 eorum
1871 1991 2001 2051 appareat

365 2066 407 2113 est
428 2058 455 2113 in
477 2058 615 2114 mensibus
637 2058 712 2113 anui.
736 2058 763 2111 in
791 2071 840 2112 run
860 2057 942 2111 etium
965 2055 1068 2111 Pascha
1089 2057 1159 2113 cele·
1172 2049 1196 2106 B
1208 2059 1395 2131 ierosolymis.
1408 2064 1435 2116 id
1449 2073 1509 2128 cst,
1528 2073 1558 2118 ut
1576 2080 1670 2119 eorrrm
1686 2069 1787 2122 erroris
1813 2070 2001 2127 manifestetur

365 2150 455 2204 beans,
1207 2146 1344 2203 damnatio
1362 2152 1486 2205 omnihus
1500 2152 1647 2207 cultoribus
1663 2170 1735 2210 vene
1756 2157 1903 2226 religionis.
1922 2160 2001 2218 Unde

668 2235 781 2313 CAPUT
800 2236 856 2291 llll.
1207 2248 1236 2293 ιι
1247 2237 1346 2294 Paulas
1358 2240 1478 2295 scribens
1492 2242 1526 2295 ad
1539 2241 1710 2298 Timotheum
1723 2245 1904 2313 insipientium
1926 2264 2000 2306 erro·

362 2350 476 2421 Joppittr
490 2348 550 2404 doio
563 2349 712 2402 occiderunt
727 2347 835 2402 Jndoeor
846 2346 980 2412 ducentos,
998 2359 1023 2403 ct
1041 2349 1088 2403 bos
1102 2350 1158 2404 uin-
1207 2346 1251 2385 ¹⁸⁰⁸
1272 2330 1468 2387 ¹¹¹³¹¹is³⁵¹³¹¹d⁰
1482 2333 1519 2386 ‘¹5²
1534 2350 1540 2384 ³
1557 2333 1600 2403 (Η
1625 2334 1692 2388 Tim·
1708 2336 1761 2406 ἰιι
1777 2337 1835 2391 Ηθΰ
1848 2347 1936 2392 “uim
1947 2340 2000 2395 ὅθι·

398 2422 493 2475 dicauit
507 2419 603 2473 ιιιιιιι.
620 2418 659 2471 ιιι
669 2417 786 2471 Arabum
808 2419 869 2471 uiris
884 2418 989 2472 demotis
1006 2418 1156 2474 Timotheus
1206 2430 1258 2474 tote
1271 2421 1341 2491 quod
1361 2423 1389 2475 in
1408 2423 1554 2476 namssimis
1573 2422 1663 2476 diebus
1678 2424 1811 2479 instabunt
1824 2436 1940 2496 tempora
1954 2445 1999 2498 ps·

398 2489 495 2544 “bida
507 2497 679 2559 ‘silwim'-
694 2487 731 2581 De
745 2487 881 2556 ‘Mididi‘
895 2488 1155 2557 9r⁰d²b¹¹d⁶¹5520²⁰0
1207 2509 1331 2577 riculosa,
1356 2521 1381 2564 et
1403 2520 1478 2565 crunt
1501 2512 1617 2567 homines
1634 2514 1731 2582 seipsas
1746 2525 1877 2576 untantcs,
1897 2516 1997 2583 cupidi,

397 2599 509 2669 Iuppiter
520 2614 580 2652 nero
590 2597 642 2651 tale
650 2596 781 2667 quoddam
793 2598 922 2667 qiaqitium
934 2608 1155 2668 perpetraverunt:
1205 2604 1277 2668 elati,
1292 2604 1405 2675 superbi,
1420 2605 1577 2675 blasphemi,
1592 2606 1743 2675 parentibus
1757 2605 1942 2672 inobedientes,
1955 2607 1997 2661 in-

363 2697 517 2762 requaerunt
540 2687 649 2742 Jadoeos
666 2703 724 2741 cunt
741 2685 833 2757 quibus
850 2687 1001 2740 lrabitabunt
1017 2688 1156 2742 ascendere
1206 2694 1284 2763 qrati,
1295 2693 1406 2759 scelesti,
1421 2695 1478 2748 sine
1491 2694 1640 2763 affcctione,
1652 2695 1707 2747 sine
1718 2710 1791 2762 pace,
1806 2694 1994 2757 critninatares,

362 2779 481 2849 scaphas,
492 2794 558 2849 quas
573 2786 738 2847 parauerunt,
757 2794 816 2839 mam
827 2777 952 2831 uectibus
963 2787 987 2831 et
1000 2776 1074 2845 liliis,
1091 2795 1157 2849 qua·
1205 2782 1402 2847 incontinentes,
1423 2783 1550 2848 irrtmites,
1565 2783 1621 2836 sine
1633 2783 1789 2853 beniqnitate
1802 2791 1826 2836 et
1840 2784 1994 2852 proditores,

362 2871 385 2923 si
395 2868 473 2922 nullis
488 2867 631 2921 inimicitiis
646 2868 714 2920 inter
729 2867 984 2935 cossubjacentibns.
1005 2866 1155 2922 Secundum
1205 2876 1335 2945 protervi,
1352 2876 1465 2941 tumidi,
1485 2874 1646 2944 uoluptatum
1667 2884 1796 2928 amatores
1819 2875 1903 2943 ntaqis
1916 2891 1995 2945 quant

362 2972 496 3012 commune
508 2957 595 3026 itaque
605 2955 734 3009 decretum
744 2955 864 3019 civitatis,
876 2966 899 3009 et
911 2956 973 3026 ipsis
989 2957 1155 3026 acquiescen·
1207 2962 1254 3015 Dei
1260 2979 1270 3027 ,·
1288 2962 1410 3016 habentes
1429 2962 1533 3032 quidem
1549 2964 1659 3031 speciem
1677 2963 1795 3031 pictatis,
1816 2962 1934 3016 uirtutem
1947 2980 1997 3018 utt-

361 3047 430 3101 tibus
440 3045 560 3116 pacisque
574 3061 655 3098 causa
674 3043 738 3096 nihil
756 3054 900 3114 suspectum
913 3044 1083 3110 linientibus,
1097 3062 1156 3098 cam
1205 3060 1256 3105 rens
1267 3052 1324 3120 ejus
1336 3052 1501 3120 abneqontcs.
1518 3051 1550 3104 ιιι
1565 3053 1611 3105 itas
1632 3052 1716 3105 deutra
1728 3069 1738 3106 .·
1751 3069 1783 3105 ca
1794 3052 1834 3105 tis
1849 3053 1917 3107 enim
1934 3063 1995 3108 sunt

362 3143 391 3197 in
405 3141 487 3195 ailam
496 3140 678 3211 processissent
689 3140 880 3193 subnecrserunt
893 3156 944 3193 non
960 3142 1045 3196 urinas
1057 3142 1155 3198 ducen-
1205 3142 1249 3210 qai
1266 3151 1399 3210 penetrant
1414 3142 1521 3205 dantes,
1535 3151 1559 3195 et
1572 3143 1688 3212 captiuas
1705 3143 1803 3197 ducunt
1826 3143 1996 3199 mulierculas

362 3242 412 3298 tos,
423 3241 475 3288 etc.
487 3230 600 3302 ioppitae
611 3246 674 3285 rem
685 3230 739 3295 isti,
751 3231 784 3285 de
794 3232 890 3300 quibus
900 3241 993 3286 narrat
1005 3231 1154 3304 Scriptura,
1206 3242 1328 3287 oneratas
1338 3232 1461 3302 pcccatis,
1473 3249 1531 3304 qum
1541 3233 1673 3286 ducuntur
1682 3235 1761 3288 uanis
1771 3234 1922 3289 desideriis:
1930 3251 1997 3289 sent·

361 3324 525 3380 habitatores
549 3320 659 3376 luerunt
678 3321 767 3392 oppidi
793 3320 941 3377 Palaestinae
963 3324 1034 3392 quod
1057 3324 1156 3380 dicitur
1206 3322 1389 3392 perdiscentes
1402 3332 1425 3375 et
1438 3339 1569 3393 ttunqaam
1585 3321 1619 3376 ad
1632 3323 1767 3377 scientiam
1778 3325 1896 3379 ueritmis
1907 3342 1996 3396 perue-

360 3415 456 3485 ioppe,
471 3422 498 3469 ιι
511 3423 553 3470 est
569 3412 734 3484 maritimum
752 3412 780 3466 in
796 3413 865 3468 tribu
884 3413 941 3468 llan
956 3416 1151 3470 constitutum:
1167 3397 1190 3459 C
1206 3415 1314 3469 trientes.
1334 3413 1560 3479 Quemadmodum
1579 3425 1667 3468 autem
1689 3413 1798 3469 damnes
1819 3426 1842 3468 et
1863 3415 1995 3471 biumbrer

361 3515 388 3561 et
410 3514 440 3560 ιιι
460 3505 494 3561 de
511 3505 649 3577 gentilium
665 3502 764 3559 sabulis
781 3503 881 3574 aliquid
895 3506 1090 3576 perstringam,
1116 3506 1154 3561 ihi
1206 3506 1354 3560 restiterunt
1368 3503 1464 3574 Magri,
1478 3506 1516 3558 ita
1527 3513 1550 3558 et
1562 3504 1605 3558 isti
1617 3504 1740 3558 resistunt
1753 3505 1996 3561 ueritati:hontinss

361 3613 447 3667 usque
458 3598 609 3653 hodiesaxa
621 3595 919 3665 monstrantpraecelsa,
933 3596 960 3650 in
971 3596 1154 3652 littoremaris
1206 3598 1321 3667 corrupti
1331 3638 1338 3660 ,
1355 3607 1439 3652 niente
1459 3598 1559 3666 reprobi
1578 3599 1648 3652 circa
1669 3598 1758 3657 fidem.
1784 3597 1837 3652 Sed
1853 3597 1922 3651 ultra
1942 3613 1996 3656 nan

360 3692 423 3755 sita,
443 3691 469 3745 in
483 3690 580 3760 quihus
594 3686 764 3743 Andromeda
784 3687 905 3758 religata,
926 3685 1054 3742 aPersco
1068 3702 1153 3756 quon·
1205 3687 1340 3757 proficient
1355 3704 1365 3740 .·
1378 3687 1528 3755 insipiemia
1547 3686 1616 3740 enim
1641 3702 1731 3739 eorum
1754 3685 1921 3754 manifestata
1945 3685 1995 3740 erit

361 3781 424 3836 dam
438 3778 523 3835 icitur
543 3778 654 3833 liberata
668 3775 760 3831 luisse.
781 3775 932 3830 Secundum
951 3783 1040 3829 autem
1062 3775 1154 3844 mysti-
1206 3777 1340 3841 omnibus,
1357 3777 1424 3829 sicut
1443 3785 1467 3830 et
1481 3775 1587 3830 illorum
1600 3776 1659 3845 [uit.
1683 3774 1814 3831 Similiter
1829 3784 1856 3830 ct
1871 3776 1998 3846 princeps

361 3889 422 3933 cum
443 3887 568 3938 sensum,
590 3870 670 3925 iidem
693 3868 805 3940 loppitm
823 3870 885 3938 qui,
908 3869 1058 3924 habitantes
1077 3867 1154 3937 juata
1206 3864 1399 3931 apostolorum,
1412 3878 1587 3918 commonens
1606 3864 1696 3917 dolum
1712 3864 1888 3919 nefandorum
1909 3864 1995 3920 homi-

361 3977 446 4026 tuaac,
464 3958 562 4015 iudaeis
585 3959 740 4015 scandalum
755 3958 885 4024 fecerant,
900 3957 1052 4029 significant
1066 3957 1153 4011 bare-
1206 3967 1270 4006 uum
1286 3943 1561 4021 praecavendumest
1581 3951 1673 4007 lideles
1694 3952 1732 4006 ait
1756 3951 1804 4022 (ll
1828 3951 1900 4007 Pete.
1927 3954 1991 4025 rui:

362 4051 430 4104 tisms
448 4062 529 4119 prope
543 4044 639 4101 fluctus
657 4045 803 4101 turbulenti
820 4045 911 4104 secun
930 4045 1093 4109 habitantes,
1108 4044 1154 4114 qui
1209 4040 1261 4096 Vos
1273 4057 1345 4118 erqo,
1362 4041 1466 4110 iratres,
1483 4042 1647 4111 prescientes
1666 4042 1807 4107 custodite,
1823 4059 1854 4096 ne
1873 4044 1997 4114 insipien-

361 4137 472 4201 iudmls,
498 4137 550 4193 boe
562 4143 604 4191 cst
616 4135 689 4189 reris
703 4134 904 4191 confessoribus
920 4134 1033 4201 Christi,
1049 4147 1156 4203 semper
1205 4132 1270 4185 tium
1281 4146 1369 4184 errore
1378 4130 1492 4183 traducti
1504 4131 1631 4184 excidatis
1644 4131 1774 4201 aproprin
1787 4131 1921 4199 firmitate.
1931 4130 1995 4190 cre-

362 4227 533 4293 iusidiantur,
548 4234 575 4280 et
588 4240 760 4296 quoscunque
775 4236 897 4299 possunt,
910 4227 943 4281 de
956 4242 1049 4282 eorum
1061 4241 1155 4281 nume·
1206 4221 1269 4275 scits
1282 4237 1340 4275 aero
1359 4220 1388 4274 in
1408 4220 1494 4291 qratia
1510 4229 1533 4275 et
1548 4220 1693 4289 cognitione
1708 4220 1813 4275 bomini
1826 4222 1918 4276 nonai.
1939 4220 1996 4293 ipsi

362 4332 393 4371 ro
409 4316 435 4370 iu
449 4316 549 4371 erroris
565 4316 607 4371 sui
623 4315 726 4371 iuream
744 4318 901 4391 pertrahere
923 4325 1058 4389 satagunt.
1073 4317 1155 4385 Quasi
1207 4310 1290 4381 diutia
1302 4319 1326 4364 et
1338 4326 1406 4368 nunc
1418 4319 1442 4363 et
1457 4309 1484 4363 ιιι
1497 4309 1818 4364 stantemstantem.

362 4406 475 4476 scaphas
490 4420 555 4478 crgo
570 4404 683 4478 loppitm
698 4408 872 4473 constituunt,
888 4408 915 4462 in
928 4410 1025 4479 quihus
1038 4406 1154 4476 lusimus,
1244 4412 1266 4467 ιι
1269 4413 1318 4468 nde
1329 4428 1388 4467 cunt
1397 4412 1455 4481 iant
1467 4411 1590 4465 abihsent
1603 4426 1690 4464 nouem
1702 4409 1805 4474 stadiis,
1821 4419 1845 4464 et
1862 4411 1912 4464 iter
1923 4410 1996 4479 [acs-

361 4511 375 4553 n
397 4495 486 4551 littore
509 4496 649 4564 abductos,
663 4498 689 4550 in
710 4496 871 4567 profundum
888 4485 1068 4573 demergunt,
1094 4516 1156 4555 curn
1208 4515 1264 4560 rent
1277 4505 1311 4559 ad
1328 4504 1501 4568 Timotheum,
1515 4513 1568 4559 ιιι.
1582 4502 1700 4566 Arabes,
1717 4503 1763 4572 qui
1782 4502 1997 4572 interpretantur

361 4587 490 4652 haeretici,
501 4588 624 4659 dogmata
638 4589 728 4657 iniqua
740 4591 895 4654 condentes,
906 4590 1019 4660 pulchro
1031 4607 1156 4649 sermone
1207 4593 1317 4648 tramites
1330 4593 1389 4647 sire
1401 4592 1583 4655 occidentales,
1599 4599 1714 4661 possunt
1725 4605 1772 4645 eos
1784 4591 1938 4661 significare
1949 4590 1995 4660 qui

360 4693 391 4733 ea
416 4680 575 4734 adornant:
598 4681 670 4749 quod
691 4681 759 4736 bene
781 4681 933 4752 signillcare
954 4692 1044 4755 potest
1065 4685 1157 4756 iuppi-
1209 4684 1373 4739 mundanam
1397 4691 1478 4751 atque
1500 4680 1655 4737 saecularem
1680 4680 1840 4750 sapientiam
1861 4679 1995 4750 diligunt;

361 4780 448 4829 tarum
464 4787 576 4838 nornen,
595 4772 789 4843 interpretatur
803 4775 873 4830 enim
888 4776 1072 4843 pulclirituda,·
1091 4794 1158 4848 qua-
1172 4768 1197 4828 D
1210 4789 1269 4845 qua>
1283 4773 1381 4828 merito
1394 4772 1503 4827 humilis
1513 4779 1541 4826 et
1553 4770 1728 4826 occidentalis
1740 4770 1856 4834 dicitur,
1874 4770 1937 4840 quia
1951 4783 1997 4825 re·

359 4872 439 4919 tcum
459 4861 564 4918 facilius
583 4863 717 4933 simplices
731 4880 852 4936 quosque
869 4865 966 4937 lingum
986 4868 1153 4924 volubilitate

358 4951 503 5022 decipiant,
524 4968 665 5023 quoscum
681 4970 696 5007 a
711 4955 857 5011 stabilitate
875 4966 956 5011 rectae
975 4956 1036 5013 hdei
1050 4960 1155 5014 abstra-

358 5044 454 5098 hentes
472 5043 522 5098 sibi
542 5042 742 5109 coadunarunt,
767 5046 794 5098 in
819 5045 976 5115 perditionis
997 5048 1153 5103 barathrum

357 5136 481 5190 incautos
499 5135 677 5205 praecipitant.
702 5135 754 5189 Sed
777 5135 860 5191 itrdns
884 5138 990 5208 typicus
1012 5138 1063 5193 hoc
1085 5139 1154 5192 mul·

357 5234 416 5278 tum
431 5223 489 5280 lonc
503 5240 556 5279 non
570 5226 634 5279 sinit
647 5240 654 5277 :
668 5224 732 5293 quin
747 5226 836 5294 potius
851 5226 998 5281 homicidas
1012 5226 1039 5281 in
1054 5228 1155 5283 erroris

356 5316 398 5370 sui
416 5314 534 5369 tenebris
554 5314 691 5370 latitantes
711 5315 859 5385 reperiens,
886 5314 967 5383 justae
981 5316 1091 5370 ultiouis
1104 5331 1152 5369 er·

354 5405 462 5461 cruciat
474 5405 604 5470 vindicta,
616 5420 764 5474 eommque
779 5404 887 5459 iraudes
897 5414 1027 5475 perpetuo
1039 5405 1093 5476 igni
1107 5406 1154 5460 ιιι-

355 5496 428 5550 hitas
446 5494 636 5560 manifestans,
656 5510 716 5550 curn
733 5494 798 5563 ipsis
814 5493 969 5549 auctoribus
988 5494 1151 5563 prevarica-

356 5587 439 5642 tionis
458 5587 636 5642 auathematis
652 5586 740 5656 gladio
751 5595 825 5641 recte
838 5586 964 5656 percutit,
987 5600 1036 5640 uec
1058 5600 1151 5642 eorum

356 5676 467 5731 mahtim
486 5676 560 5731 virus
573 5676 686 5731 ulterius
705 5676 839 5731 occultum
859 5676 943 5730 latere
964 5677 1105 5745 permittit.

392 5764 446 5822 Set
458 5783 518 5822 curn
533 5769 691 5839 cognovisset
705 5777 729 5822 et
747 5786 790 5823 eos
803 5769 848 5838 qui
870 5779 943 5822 arunt
958 5766 1073 5822 damnine
1088 5768 1151 5823 uelle

357 5860 416 5929 pari
430 5860 507 5914 stede
519 5860 606 5930 [arere
617 5860 822 5915 inhabitantibus
839 5875 926 5915 secum
945 5858 1063 5925 iudeis,
1074 5859 1150 5913 Jam-

357 5950 431 6010 niam
441 5961 465 6005 ct
478 5959 581 6020 parturn
593 5966 651 6008 curn
663 5952 768 6007 nauibus
779 5951 927 6018 succendit,
941 5957 993 6004 etc.
1007 5948 1059 6005 Per
1073 5949 1150 6006 iaru-

1204 4880 1262 4920 ram
1282 4861 1460 4932 sapientiam,
1478 4876 1539 4931 qum
1553 4860 1587 4915 de
1609 4858 1765 4915 caelestibus
1784 4858 1873 4922 venit,
1895 4856 1995 4913 inuitari

1204 4957 1299 5011 nescit.
1311 4956 1382 5026 Ergo
1393 4954 1488 5009 intcnti
1501 4963 1595 5008 contra
1606 4951 1702 5006 ludam
1712 4961 1739 5007 ct
1751 4952 1840 5007 socios
1851 4950 1921 5019 cius,
1932 4965 1995 5006 curu

1204 5047 1324 5116 quinque
1337 5044 1456 5100 millibus
1469 5043 1601 5108 vicorum,
1623 5049 1650 5096 et
1671 5040 1806 5109 equitibus
1829 5039 1994 5110 quirrgoutis,

1205 5134 1350 5204 corrhigont
1363 5150 1369 5188 :
1386 5133 1448 5203 quia
1464 5132 1554 5188 carnis
1568 5131 1692 5187 sensibus
1704 5145 1737 5185 ae
1750 5128 1848 5185 studiis
1861 5127 1994 5198 impliciti,

1205 5242 1284 5281 orurre
1299 5225 1369 5295 quod
1382 5240 1431 5294 per
1445 5226 1570 5280 doctores
1583 5231 1692 5278 sanctos
1702 5223 1743 5277 eis
1757 5220 1887 5291 spiritalis
1900 5234 1996 5278 sensus

1206 5318 1351 5388 ingeritur,
1367 5317 1443 5386 quasi
1458 5316 1625 5371 contrarium
1644 5329 1677 5369 ac
1692 5314 1834 5385 profanum
1847 5326 1909 5368 esse
1923 5311 1995 5367 ride·

1205 5418 1258 5463 tur.
1282 5407 1359 5463 Unde
1378 5415 1405 5461 et
1425 5405 1556 5461 rebellare
1578 5406 1619 5462 eis
1640 5403 1832 5460 contendunt:
1849 5404 1895 5459 sed
1915 5402 1995 5457 dure-

1203 5495 1521 5552 scenteneritatedevicti
1532 5535 1540 5561 ,
1553 5509 1585 5549 ac
1599 5494 1749 5550 constantia
1760 5503 1914 5550 sanctorum
1925 5505 1994 5562 praa·

1204 5589 1354 5643 dicatomm
1366 5586 1501 5656 superati,
1519 5586 1630 5641 dextras
1641 5585 1692 5641 sibi
1707 5593 1801 5656 petunt
1818 5582 1893 5646 dari,
1910 5580 1946 5633 ita
1964 5586 1994 5634 ut

1203 5692 1311 5733 errores
1335 5692 1398 5731 suos
1417 5676 1632 5747 derelinquentes
1645 5671 1993 5732 cathohcaehdeirirtotem

1203 5776 1345 5839 appetant,
1369 5781 1452 5836 seque
1466 5765 1667 5821 corilessoribus
1682 5761 1782 5818 christi
1797 5759 1932 5813 associare
1945 5759 1993 5815 ιιι·

1204 5860 1332 5915 siderent.
1347 5857 1450 5924 Quibus
1461 5857 1589 5929 spiritalis
1603 5851 1807 5919 lodesindae
1822 5865 1870 5907 eos
1883 5851 1910 5905 in
1924 5840 1990 5907 mul·

1204 5949 1239 6003 tis
1259 5947 1339 6003 utiles
1353 5946 1411 6001 ficri
1431 5960 1510 6017 posse
1529 5942 1716 6017 [ar-hitratus],
1739 5941 1873 6017 promittit
1886 5956 1992 6014 punctu,
