4709 6767
389 570 447 628 w
713 563 746 621 tt.
765 560 893 620 matut
912 556 1203 619 numeraliter.
1224 562 1379 623 ttoddnr.
1399 565 1542 624 ornatu
1561 565 1651 625 PARS
1668 567 1691 625 Ι.
1970 574 2024 633 m

393 684 463 741 tulit
475 681 592 754 abiegnis
603 677 664 755 (lll
677 677 743 748 lieg.
755 676 805 750 rt).
817 675 894 732 llnde
905 682 990 746 patet,
1002 675 1066 746 quia
1072 672 1185 767 tabulas
1196 676 1221 739 Α
1234 693 1351 750 namque
1369 690 1481 737 vocatur
1493 682 1550 752 ipsa
1563 683 1670 750 domus,
1695 698 1756 754 quat
1773 692 1801 741 et
1812 694 1904 742 sorcin
1918 701 2026 745 sancto·

396 778 533 848 abiegnas,
556 773 655 845 quibus
674 770 857 842 pavimentum
878 776 993 839 tegeret,
1013 782 1184 839 nequaquam
1234 787 1293 825 rttttt
1305 772 1414 838 dicitur,
1430 774 1545 845 quiavel
1564 776 1655 830 divina
1669 775 1832 846 hominibus,
1843 779 1888 835 vel
1903 794 2025 853 evange-

397 870 424 923 in
439 878 511 924 terra
518 863 626 936 posuit,
647 861 695 917 sed
707 859 796 931 primo
808 858 874 915 illud
891 873 1028 914 marmore
1047 857 1183 928 praeterit,
1228 858 1285 915 lica
1298 859 1424 916 allocutio
1437 878 1499 917 cunt
1513 872 1678 919 secretorum
1699 880 1805 936 queque
1826 869 2026 927 revelationum

396 976 427 1014 ac
445 957 542 1013 deinde
561 952 666 1008 tabulas
687 949 815 1006 marmori
831 950 1011 1021 superposuit,
1026 964 1059 1004 ac
1074 947 1184 1004 tertium
1234 951 1362 1020 mysterio
1374 953 1539 1007 conceditur.
1553 953 1630 1010 Unde
1647 955 1716 1010 bene
1727 957 1865 1012 oraculum
1881 958 1909 1014 in
1924 962 2025 1032 adytis,

397 1049 438 1104 ltis
451 1045 555 1103 duobus
568 1042 627 1098 auri
638 1041 765 1097 vestitum
779 1040 974 1110 superaddidit,
987 1047 1018 1093 ut
1030 1039 1057 1093 iu
1071 1051 1186 1106 sequen-
1233 1037 1285 1094 ltoc
1299 1047 1350 1102 est
1363 1040 1390 1094 iu
1404 1040 1526 1096 interiori
1544 1042 1623 1099 domo
1646 1043 1746 1100 laetum
1767 1055 1828 1114 est;
1851 1050 1916 1118 quia
1938 1051 1965 1105 itt
1979 1067 2028 1106 su-

397 1141 467 1195 tibus
478 1137 587 1208 legitur.
601 1132 678 1190 Sicut
689 1139 780 1188 autem
797 1131 912 1187 latitudo
929 1130 1041 1201 parietis
1052 1130 1078 1184 in
1099 1128 1184 1183 altum
1232 1143 1315 1200 perna
1332 1131 1420 1199 patria
1432 1139 1461 1186 ct
1470 1131 1626 1201 angelorum
1639 1136 1716 1190 nobis
1737 1137 1806 1192 visio
1826 1146 1908 1208 atque
1921 1139 2038 1195 alloctt-=

395 1244 551 1300 exsurgens,
577 1235 658 1296 atque
679 1240 766 1296 usque
791 1224 825 1279 ad
851 1223 989 1294 laquearia
1011 1223 1184 1293 perveniens,
1233 1220 1387 1291 tio‚etipsa
1399 1220 1447 1278 Ilei
1460 1225 1601 1292 prasentia
1624 1226 1797 1282 revelabitur.
1817 1228 1893 1297 Quod
1908 1230 1976 1286 dicit
1989 1230 2030 1287 2⁰

393 1322 533 1394 „sorec-tus
545 1320 686 1384 virutturn,
701 1318 800 1388 quibus
810 1316 890 1372 electi
901 1316 934 1372 ad
949 1331 1062 1386 reguum
1072 1315 1185 1372 coeleste
1233 1312 1338 1368 cubitos
1366 1313 1528 1380 altitudinis,
1552 1315 1683 1385 parietem
1710 1318 1843 1388 significat
1870 1310 2027 1384 cedrinum,

396 1414 565 1487 perveniunt,
577 1410 620 1467 vel
630 1418 705 1465 certe
718 1409 792 1478 ipsos
805 1408 952 1463 electorum
966 1408 1063 1464 choros
1075 1407 1185 1462 sibimet
1228 1404 1279 1474 qui
1289 1404 1438 1470 oraculum,
1453 1405 1479 1459 id
1493 1413 1543 1472 est,
1559 1415 1652 1463 sancta
1665 1418 1821 1465 sanctorum
1831 1411 1867 1467 ab
1878 1412 1936 1467 aede
1947 1421 2027 1468 exte·

395 1520 444 1575 per
469 1513 590 1573 tempora
606 1498 740 1554 variantia
764 1497 939 1553 succedentes
966 1496 1118 1567 significan
1146 1495 1184 1550 ita
1232 1497 1304 1552 riore
1316 1497 1484 1568 segregabat.
1497 1497 1641 1553 oraculum
1656 1515 1733 1567 vero,
1748 1502 1794 1557 ubi
1804 1513 1865 1559 erat
1880 1518 1956 1568 arca,
1972 1506 2025 1561 lta·

395 1592 534 1665 aequalitas
547 1588 694 1661 pavimenti
709 1587 871 1643 concordem
893 1587 1050 1643 eorumdem
1075 1588 1185 1643 humili·
1232 1586 1432 1643 bebatricenos
1445 1589 1551 1644 cubitos
1563 1589 1590 1644 iu
1612 1589 1778 1661 longitudine
1791 1601 1820 1648 et
1838 1593 1983 1650 latitudine
1996 1604 2026 1651 et

396 1689 490 1751 tatem,
505 1698 559 1754 qua
576 1679 757 1751 intemporali
782 1680 834 1736 ltae
858 1679 913 1734 vita
938 1678 1020 1749 positi
1045 1679 1185 1735 socialiter
1233 1676 1384 1744 altitudine,
1399 1678 1490 1745 idest,
1503 1695 1552 1750 per
1570 1681 1714 1750 quadrum,
1727 1685 1790 1753 quia
1805 1686 1832 1740 in
1848 1701 1967 1757 superna
1978 1685 2025 1742 illa

395 1777 523 1840 invicem,
537 1771 671 1829 charitate
689 1771 818 1833 dictante,
840 1776 1046 1832 conversantur,
1065 1782 1119 1823 nen
1131 1768 1184 1822 im·
1232 1767 1329 1835 patria,
1340 1768 1387 1824 ubi
1395 1782 1485 1839 regem
1495 1767 1632 1825 Christum
1645 1770 1672 1825 in
1680 1774 1777 1828 decore
1787 1786 1836 1829 suo
1847 1774 1940 1830 vident
1950 1775 2025 1830 oculi

397 1868 493 1924 merito
503 1866 679 1922 demonstrat.
690 1861 773 1929 ¹(duod
783 1859 910 1916 videlicet
925 1859 1108 1929 pavimentum
1121 1873 1185 1928 pro·
1232 1865 1399 1922 sanctorum,
1417 1858 1475 1913 sola
1496 1859 1565 1915 visio
1586 1860 1727 1918 charltatis
1740 1862 1838 1918 divinae
1850 1879 1883 1919 ac
1896 1863 2026 1921 fraternae

396 1956 543 2017 tiosissimo
562 1962 625 2011 erat
652 1965 789 2008 marmore
814 1958 932 2006 stratum
953 1948 1052 2005 decore
1078 1949 1182 2016 multo,
1231 1948 1384 2018 peremnia
1406 1946 1498 2020 fulget.
1519 1949 1596 2017 Quod
1617 1952 1793 2022 sequentibus
1811 1967 1918 2023 quoque
1932 1956 2027 2021 verbis

394 2049 519 2116 idemque
530 2057 651 2100 marmor
668 2055 732 2097 mor
745 2039 845 2096 tabulis
856 2045 957 2095 tectum
972 2038 1105 2110 abiegnis,
1117 2037 1182 2108 quia
1196 2015 1220 2075 Β
1233 2040 1373 2104 astruitur,
1388 2054 1451 2094 cunt
1462 2040 1579 2096 dicitur:
1595 2040 1630 2094 Et
1650 2043 1755 2097 lutrinis
1769 2045 1857 2098 aureis
1873 2045 1937 2100 terit
1952 2062 2024 2101 cont.

393 2136 523 2192 nimirum
538 2132 737 2203 vitajustorum
748 2130 837 2202 primo
854 2128 915 2185 ddei
927 2128 1181 2197 drmitatepraamu-
1232 2129 1309 2197 Quod
1322 2137 1364 2184 est
1375 2139 1468 2200 aperte
1487 2131 1589 2197 dicere,
1605 2132 1668 2202 quia
1680 2147 1804 2203 supernae
1825 2136 1916 2190 munia
1933 2136 2027 2192 citari-

393 2227 490 2284 uienda
503 2227 531 2282 iu
544 2225 635 2290 corde,
648 2238 682 2280 ac
695 2222 792 2279 deinde
802 2221 965 2293 spiritalium
976 2221 1107 2276 virtutum
1121 2219 1182 2276 lati·
1232 2221 1297 2276 tatis
1310 2221 1439 2293 implevit.
1458 2222 1536 2290 Quod
1560 2231 1651 2278 autent
1672 2224 1805 2290 subditur,
1819 2226 1896 2296 quoti
1916 2225 2027 2281 talentis

394 2320 486 2376 tudine
499 2325 542 2375 est
553 2315 708 2372 adornanda
724 2313 752 2369 in
770 2328 863 2384 opere.
887 2312 1014 2383 Alioquin
1030 2311 1093 2381 qttid
1108 2309 1182 2366 utili·
1230 2312 1368 2378 testantis,
1383 2311 1411 2367 iu
1425 2311 1516 2366 talenti
1536 2313 1655 2379 nomine,
1675 2329 1730 2383 quo
1743 2313 1874 2384 perfectio
1894 2317 2026 2385 ponderis

392 2499 633 2563 tabulisobtectus,
643 2495 667 2550 si
679 2509 733 2550 uon
744 2495 889 2565 mysticum
899 2493 999 2564 aliquid
1008 2493 1089 2547 tacite
1101 2491 1182 2563 signi·
1230 2494 1368 2567 tercentis)
1385 2496 1546 2563 insinuatur,
1567 2497 1613 2553 ubi
1630 2498 1803 2553 centenarius
1823 2512 1955 2554 uumerus
1974 2506 2037 2570 per·

390 2592 497 2659 dmbat,
507 2591 683 2647 acbonorutn
694 2586 887 2658 plenitudinem
900 2600 1011 2655 operum
1024 2584 1181 2640 tortitudine
1230 2587 1366 2642 senarium
1380 2586 1574 2656 multiplicatus
1583 2595 1699 2643 constat.

391 2683 452 2738 lidei
466 2683 634 2737 intemerate
647 2677 850 2734 suffulciendam
867 2691 927 2731 esse
949 2674 1085 2731 docebat?
1097 2673 1181 2730 Abies
1266 2678 1354 2735 Sedet
1368 2678 1453 2733 clatos
1467 2679 1528 2749 {ecit
1541 2695 1644 2744 aurcos,
1660 2680 1696 2732 ita
1714 2688 1742 2732 ot
1754 2677 1851 2749 sitaquli
1864 2677 1932 2733 clari
1944 2677 2025 2735 titios

389 2785 455 2827 vero
466 2778 576 2840 propiet·
588 2767 755 2821 altitudinem
772 2766 826 2831 sui,
845 2772 873 2820 ei
886 2765 1024 2820 lobdrdiu
1046 2763 1179 2830 durabile,
1229 2770 1423 2843 quinquaqertos
1442 2770 1634 2841 appendentur,-
1655 2772 1838 2841 coenqcuiqqqg
1857 2772 1922 2826 tegit
1944 2789 2022 2828 aum,

391 2866 509 2915 mentem
521 2857 670 2912 electorum
681 2854 774 2909 infima
792 2869 899 2924 quoque
910 2853 1043 2910 desideria
1053 2868 1182 2924 spernen-
1228 2858 1464 2931 Quinquagenario
1475 2875 1593 2929 namque
1604 2876 1717 2915 numero
1736 2860 1805 2916 solet
1822 2861 1850 2915 iu
1872 2861 2025 2932 scripturis

390 2946 661 3014 teat,etcoelestium
683 2944 903 3016 contemplationi
917 2959 1023 3014 semper
1035 2945 1177 3011 intentam,
1229 2949 1552 3020 remissiopeceatorum,
1570 2958 1597 3004 et
1620 2950 1708 3020 gratia
1737 2949 1854 3020 Spiritus
1877 2953 1977 3018 sancti,
1995 2961 2025 3010 ct

389 3039 490 3093 virtute
513 3050 622 3108 quoque
642 3035 782 3106 patientiae
806 3034 979 3106 singulariter
1002 3034 1178 3090 excellentem
1229 3040 1337 3110 requies
1349 3049 1449 3094 aterna
1475 3039 1596 3110 figurari.
1621 3039 1655 3094 Et
1669 3040 1921 3111 quinquagenorum
1942 3050 2024 3098 erant

390 3143 443 3185 uon
454 3131 602 3199 incongrue
616 3128 793 3185 demonstrat.
806 3127 873 3182 Auri
887 3136 977 3181 autem
989 3125 1104 3190 laminae,
1118 3142 1179 3196 quae
1229 3129 1356 3186 siclorum
1374 3129 1442 3185 elavi
1459 3129 1567 3200 singuli,
1595 3130 1693 3199 quibus
1710 3130 1817 3187 laminae
1842 3133 1904 3187 auri
1924 3132 2021 3203 alltge-

390 3221 518 3279 utarmori
531 3229 579 3277 aut
591 3221 692 3277 tabulis
706 3228 768 3275 suni
781 3218 902 3290 abiegnis
915 3217 1101 3288 superposita,
1117 3217 1178 3286 ipsa
1228 3221 1328 3277 bantur
1342 3222 1368 3276 iu
1381 3221 1531 3292 parictibus
1547 3221 1643 3276 domus
1666 3222 1782 3287 Domini,
1805 3223 1869 3292 quia
1887 3223 2022 3278 nimirum

388 3322 430 3370 esi
447 3312 561 3368 lttitudo
575 3310 710 3366 charitalis
727 3310 759 3364 de
783 3307 861 3364 cortis
878 3325 955 3379 pttro,
980 3318 1004 3362 et
1019 3307 1177 3362 conscientia
1229 3315 1311 3370 verba
1325 3313 1455 3380 caelestia,
1468 3313 1566 3384 quibus
1579 3313 2023 3384 inamorebonprumqperumpro-

389 3404 467 3469 iota,
481 3411 506 3456 et
519 3400 572 3471 fide
587 3417 638 3455 nort
653 3399 715 3469 ficta
727 3397 753 3472 (l
769 3397 837 3453 Tira.
851 3398 883 3469 t).
904 3397 973 3464 Quia
993 3397 1063 3452 sicut
1080 3412 1177 3451 aurunt
1195 3430 1196 3434 =
1230 3401 1336 3458 lieimus
1358 3409 1386 3456 et
1408 3414 1610 3466 conservamur,
1636 3399 1742 3455 vertiam
1764 3399 1843 3455 nobis
1859 3399 2025 3469 promittunt

389 3493 450 3549 aliis
471 3491 617 3563 pretiosius
641 3498 684 3545 est
709 3488 835 3556 metallis,
862 3489 900 3544 ita
928 3489 1047 3545 ebaritas
1072 3489 1179 3545 catenis
1229 3500 1400 3563 pcccatorum
1421 3506 1470 3561 per
1491 3491 1607 3561 gratiam
1621 3489 1739 3560 Spiritus
1764 3489 1863 3554 sancti,
1882 3498 1912 3544 et
1926 3488 2025 3545 sabba-

389 3568 505 3639 exintior
514 3580 697 3638 virtutibusiu
710 3580 810 3650 templo
825 3579 872 3635 bei
883 3578 1012 3650 singulari
1024 3579 1085 3634 luce
1097 3577 1180 3634 relul·
1230 3586 1339 3640 rismum
1353 3584 1379 3638 itt
1398 3583 1489 3639 loturo
1509 3582 1670 3654 pollicentur
1686 3590 1817 3639 aeternum
1840 3581 1920 3654 (lani.
1934 3581 2023 3652 uxvt).

387 3684 441 3748 got.
456 3675 493 3729 lle
506 3689 561 3744 quo
575 3678 772 3742 consequenter
784 3670 974 3741 subiungitur:
1229 3676 1263 3730 Et
1277 3676 1305 3731 lti
1321 3676 1429 3746 quidem
1446 3683 1510 3731 sunt
1530 3674 1599 3732 clavi
1611 3675 1772 3731 dilectionis.
1797 3673 1868 3730 Sunt
1882 3689 1949 3729 vero
1974 3673 2022 3729 alii

424 3764 509 3819 Porro
522 3779 617 3818 aarum
633 3771 690 3817 crat
700 3761 924 3831 probatissimum,
943 3761 1059 3831 derupta
1072 3759 1179 3819 inmittit
1230 3766 1297 3822 clavi
1313 3767 1430 3832 timoris,
1442 3767 1541 3836 quibus
1560 3766 1720 3837 incipientes
1736 3766 1847 3836 quique,
1861 3776 1890 3822 et
1906 3767 2024 3823 necdum
2051 3770 2058 3793 “·

388 3856 580 3923 tcaitdontttnt,
594 3865 619 3910 et
638 3855 722 3910 trader
743 3853 801 3924 sitta
813 3863 838 3908 et
859 3863 955 3924 portet,
976 3862 1001 3907 et
1021 3853 1178 3923 parietes,et
1229 3858 1269 3913 ad'
1279 3856 1471 3926 perlectionem
1484 3857 1634 3922 venientes,
1655 3856 1797 3913 illecebras
1819 3858 1950 3913 vitiorum
1965 3871 2024 3913 car·

388 3947 466 4002 attia.
477 3945 600 4002 Parietes
613 3943 705 4016 templi
725 3942 852 3999 Salomon
868 3957 935 3998 auro
948 3942 1023 4007 terit,
1039 3957 1100 3997 cttm
1123 3941 1178 3996 lle·
1228 3946 1384 4017 naliumque
1407 3948 1573 4018 voluptatum
1603 3947 1787 4025 mortificant,
1815 3947 1868 4003 illis
1897 3947 2023 4003 videlicet

388 4041 626 4110 demptorctcum
644 4036 729 4091 filium
749 4035 851 4091 lumine
868 4034 1006 4105 sapientia
1019 4042 1100 4104 atque
1114 4036 1180 4090 elta
1229 4038 1399 4094 sermonibus
1423 4038 1547 4094 veritatis
1572 4037 1682 4104 conlisi,
1706 4053 1823 4108 quorum
1851 4032 2022 4093 instinctione

390 4132 478 4187 cilitiis
490 4129 634 4185 illustravit
646 4145 654 4194 i
665 4137 694 4185 0⁸
711 4127 813 4193 Uellei·
837 4140 898 4182 01¹1]
923 4134 1031 4181 83110108
1052 4125 1179 4182 ἆθῡῑθΐθῦ
1228 4147 1333 4186 curnem
1347 4140 1463 4186 nostram
1479 4131 1630 4201 crucifigere
1650 4146 1711 4184 cum
1723 4129 1824 4184 uitiiset
1837 4130 2029 4201 cumspicere--

388 4224 484 4278 eodem
507 4219 648 4293 sapientiae
670 4218 772 4275 lumine
793 4226 875 4288 atquc
899 4216 1133 4288 contemplationis
1150 4224 1179 4271 et
1228 4221 1273 4276 tiis
1295 4221 1440 4278 edocenm
1464 4218 1534 4292 (Gal.
1553 4220 1591 4290 v).
1622 4219 1695 4288 Quos
1720 4219 1821 4275 habere
1848 4220 2022 4276 desiderabat

388 4312 540 4369 dilectionis
550 4310 653 4368 honere
667 4310 802 4382 precipue
811 4308 976 4364 sublimarit.
992 4306 1072 4363 lesit
1085 4315 1178 4376 postca
1227 4311 1373 4382 Propheta,
1386 4326 1447 4366 cunt
1458 4310 1515 4365 ait:
1530 4308 1636 4380 Confige
1645 4308 1725 4364 cloria
1739 4325 1755 4362 tt
1767 4309 1861 4363 timore
1870 4319 1917 4363 tna
1930 4324 2021 4363 corner

388 4416 416 4459 ct
430 4403 510 4470 ostia,
526 4416 588 4456 cunt
614 4400 723 4470 adytum
739 4400 811 4462 lldei,
832 4397 891 4468 ipso
916 4397 1029 4453 Domino
1043 4397 1178 4468 pandente
1228 4417 1318 4468 metu
1333 4418 1349 4455 u
1357 4400 1468 4468 judicias
1486 4400 1556 4454 enim
1574 4401 1626 4454 tuit
1645 4400 1719 4454 timui
1740 4398 1827 4470 (Ptol.
1840 4399 1947 4470 cuvttt).
1969 4398 2021 4466 ont

388 4514 441 4568 qtta
454 4495 568 4552 veritate
582 4491 710 4557 reluceat,
735 4490 861 4546 omnibus
874 4489 900 4543 itt
913 4487 1062 4543 Ecclesiam
1075 4487 1178 4543 iutran-
1227 4506 1335 4547 rursum
1346 4492 1379 4546 ad
1394 4488 1558 4562 perfectiora
1569 4490 1729 4560 perveniens
1739 4489 1804 4545 dicit
1815 4489 1848 4545 de
1863 4488 1944 4546 clavo
1956 4489 2019 4545 dilc-

321 4609 323 4615 ’
387 4590 459 4644 tibus
484 4585 612 4643 ostendit.
640 4582 745 4639 Ostium
771 4596 836 4653 ergo
857 4580 948 4652 templi
974 4580 1103 4635 Dominus
1123 4587 1175 4647 est,
1227 4580 1342 4636 ctionis:
1363 4579 1430 4634 dlilti
1450 4584 1538 4633 ttttte'm
1551 4578 1684 4634 odboerere
1706 4578 1866 4634 Deodottttrtt
1880 4577 2017 4652 cst(l‘tol.

388 4678 449 4748 quia
472 4692 552 4733 uento
567 4675 640 4730 venit
652 4672 686 4728 atl
699 4672 819 4739 Patrem,
838 4671 888 4727 nisi
903 4686 951 4742 per
973 4673 1061 4742 ipsum
1083 4669 1174 4741 (donn.
1228 4667 1324 4740 utxtt).
1349 4666 1425 4736 Quod
1452 4675 1543 4723 autem
1575 4667 1714 4723 coenaeula
1735 4682 1844 4738 quoque
1868 4676 1942 4725 tecta
1965 4669 2020 4725 siut

385 4772 451 4840 ttv).
467 4768 500 4822 Et
517 4767 588 4823 sieut
601 4765 666 4821 alibi
677 4765 764 4820 dicit:
781 4763 837 4834 Ego
855 4780 914 4818 sunt
933 4764 1045 4828 ortium,·
1068 4778 1115 4833 per
1134 4779 1175 4818 ota
1229 4775 1304 4823 auro,
1321 4759 1356 4814 ad
1369 4757 1494 4814 eumdem
1520 4772 1630 4813 sensum
1654 4757 1773 4827 respicit.
1790 4755 1955 4814 sicutenim
1978 4758 2020 4812 in·

386 4859 476 4927 siquis
490 4858 630 4923 introierit,
650 4853 806 4919 salvabitur,
820 4862 844 4908 ct
866 4852 1037 4922 ingredietur,
1059 4860 1083 4906 ct
1097 4868 1172 4923 egre·
1228 4849 1314 4905 terior
1325 4847 1432 4916 domus,
1447 4853 1541 4903 sancta
1558 4855 1726 4912 sauctorum,
1743 4847 1789 4902 ubi
1807 4855 1867 4902 etat
1886 4861 1964 4911 area,
1975 4847 2019 4902 itt·

383 4952 482 5016 dictur,
494 4959 518 5004 et
531 4963 629 5019 pascua
643 4941 907 5015 insanissimum).
1229 4949 1333 4995 ternam
1345 4944 1499 4994 sanctorum
1510 4937 1595 4992 vitam
1614 4937 1641 4992 iu
1658 4945 1802 5007 conspectu
1813 4936 1855 4992 sui
1869 4937 2021 4994 conditoris

420 5041 567 5098 Etcoeiuoit
589 5036 721 5094 alterutrim
734 5036 764 5090 in
778 5033 932 5107 parietibus.
948 5032 1006 5088 lloc
1028 5040 1079 5099 est,
1094 5046 1177 5104 ange·
1227 5043 1256 5090 et
1283 5031 1461 5103 redemptoris
1484 5030 1625 5103 significat,
1650 5028 1726 5098 iuxta
1755 5028 1820 5084 illud
1843 5027 2018 5087 Psalmistar:

386 5133 465 5189 licam
478 5124 1028 5187 conversationemformavitinhominum
1042 5123 1174 5191 moribus,
1227 5124 1375 5180 Abscondat
1392 5139 1436 5179 cos
1453 5122 1480 5177 in
1500 5118 1588 5177 obdito
1611 5121 1697 5176 uultus
1719 5121 1757 5174 ttti
1778 5138 1794 5173 a
1819 5121 2020 5179 conturbatione

383 5223 492 5279 utsicut
503 5220 538 5276 ab
548 5218 652 5290 augelis
663 5217 714 5273 sibi
734 5215 903 5272 laudabiliter
916 5215 1032 5271 servitur
1041 5215 1069 5270 in
1087 5215 1172 5281 coelis,
1227 5216 1360 5272 bominum
1373 5212 1459 5287 (Psoi.
1474 5211 1559 5284 xxx);
1575 5212 1612 5267 ita
1626 5211 1764 5267 caenacula
1779 5210 1807 5265 in
1821 5210 1877 5266 alto
1894 5213 2019 5269 mmdcta

346 5344 360 5365 .
383 5316 420 5370 ita
435 5325 463 5370 et
478 5313 513 5369 ab
529 5310 682 5368 hominibus
693 5310 788 5365 devote
808 5308 861 5363 sibi
884 5307 1018 5362 serviatur
1041 5307 1067 5362 itt
1082 5307 1171 5362 terris.
1226 5305 1321 5368 vitatu,
1336 5304 1388 5359 hoe
1401 5310 1452 5368 est,
1471 5303 1499 5356 in
1518 5301 1594 5358 coelis
1610 5308 1788 5366 esseorum
1807 5300 1837 5354 in
1850 5301 1905 5357 hoc
1918 5303 2020 5360 mundo

419 5404 494 5460 Fecit
505 5419 607 5476 qaoque
625 5401 732 5456 domant
750 5400 834 5454 tancti
854 5408 1015 5462 sanctorum,
1030 5396 1173 5468 longitndi-
1226 5394 1380 5466 designant,
1393 5393 1499 5448 dicente
1513 5391 1660 5462 Apostolo:
1678 5389 1742 5456 Quo
1757 5407 1862 5445 sttrsttm
1873 5402 1936 5448 aaut
1949 5409 2020 5465 qua·

383 5515 452 5563 rust,
462 5496 542 5567 juata
564 5490 730 5549 latitudinem
748 5489 1011 5555 dementationes
1032 5488 1133 5558 uiginti,
1147 5497 1172 5542 rt
1225 5487 1285 5551 rite,
1300 5486 1344 5539 rbi
1357 5482 1474 5538 Citristttr
1496 5491 1544 5548 est,
1565 5483 1592 5536 in
1616 5482 1723 5535 deutero
1745 5480 1794 5535 Dei
1816 5481 1922 5537 ndens.
1953 5481 2020 5549 Ωιι

382 5588 547 5644 iotitttdirtettt
568 5585 688 5641 similiter
708 5583 798 5654 uiginti
828 5581 995 5645 cubitorum,
1020 5589 1043 5632 et
1066 5579 1171 5633 luntt'rrit
1224 5593 1328 5633 tttrsurtt
1345 5585 1405 5630 sunt
1420 5576 1513 5644 sopite,
1528 5589 1579 5627 non
1598 5589 1656 5644 qttoe
1671 5581 1858 5643 superterram
1873 5571 1947 5642 (cot
1965 5574 2018 5649 stt).

383 5685 470 5738 ouras
487 5680 548 5734 texit
561 5693 628 5743 com,
642 5677 717 5748 quari
731 5676 835 5731 talentis
857 5675 993 5730 sexcentis.
1018 5673 1085 5730 llinc
1105 5662 1171 5744 qtto-
1258 5665 1282 5720 F
1284 5668 1332 5721 tct‘i
1351 5666 1429 5721 eliam
1452 5667 1479 5717 itt
1501 5663 1578 5717 d⁰1²1⁰
1603 5662 1686 5716 ssssbs'll'
1709 5670 1861 5715 mmmmm
1884 5663 2019 5717 cltervbim

382 5790 434 5843 que
448 5774 474 5828 in
489 5770 592 5843 Regum
606 5770 642 5824 ita
655 5769 784 5838 scriptum
797 5775 858 5822 est:
876 5763 960 5818 l'orro
971 5764 1106 5819 oraculum
1125 5765 1172 5818 lta-
1222 5761 1275 5814 duo
1289 5776 1365 5830 opere
1376 5757 1514 5821 statuario,
1534 5765 1558 5811 et
1572 5755 1635 5809 tcait
1652 5770 1695 5808 cos
1707 5768 1783 5807 aare.
1806 5753 1864 5809 Alte
1884 5756 2020 5810 cltrrttbt'itt

384 5864 456 5918 belot
472 5861 507 5917 20
520 5861 620 5916 cubitos
635 5857 816 5928 longitudinis,
831 5863 855 5908 et
875 5854 910 5908 20
929 5854 1028 5908 cubitos
1051 5852 1171 5906 tattttdt'-
1223 5851 1312 5924 tr'qinti
1326 5851 1420 5906 cubitis
1434 5847 1648 5909 extendebantur,
1674 5847 1712 5900 ito
1733 5855 1761 5899 ut
1785 5862 1839 5900 arro
1852 5846 1897 5901 ula
1912 5848 2018 5903 ltnbcrrt

384 5954 433 6016 tt's,
448 5962 471 6006 et
486 5953 630 6007 austrinos
643 5946 791 6003 altitudinis
807 5942 868 6013 (tlt
886 5942 948 6015 llcq.
963 5944 1012 6013 rt).
1025 5944 1169 6002 Otacttlum
1223 5942 1445 6012 cubitosqttittque
1467 5951 1490 5991 rt
1520 5947 1636 6010 torperet
1662 5938 1787 6007 parictem
1813 5937 1958 6001 dentatae:
1976 5938 2019 5995 ulo
