4709 6767
349 542 402 597 lbi

751 534 929 593 colitiani.
950 537 982 591 lh'
1004 537 1125 591 intuitis
1144 539 1176 591 ll'
1198 538 1328 595 ttllctflt.
1347 571 1381 580 —
1400 540 1432 593 ΙΝ
1449 540 1511 594 tin.
1532 539 1575 594 lil.

1923 542 1973 596 leb

345 649 495 707 bonriuieae
509 648 642 720 passionis
660 647 793 713 imbutus,
809 650 966 720 ingreditur.
986 648 1062 703 Unde
1079 649 1136 718 ipse
1151 657 1174 712 ,ι
1192 673 1199 701 ι
1218 650 1350 715 lomonis,
1376 662 1429 706 etc.
1449 654 1568 706 ›llrrmia
1591 667 1654 706 vasa
1675 668 1733 721 quae
1757 651 1865 706 Pacifici
1889 657 1973 710 nostri

345 744 404 797 ait:
420 762 429 793 r
443 739 499 795 Nisi
518 741 745 794 manducaveritis
760 756 869 794 caruem
886 739 945 793 Filii
961 740 1093 801 hominis,
1109 749 1137 792 ct

345 834 473 889 biberitis
494 830 552 899 ejus
571 832 746 899 sanguinem,
771 847 823 885 nou
847 830 979 884 habebitis
1003 829 1085 882 vitam
1109 830 1135 882 iu

347 930 435 982 robis.
452 927 502 994 Qui
519 926 665 979 manducat
680 940 767 978 meaur
782 939 909 987 carnem,
925 931 953 977 ct
965 922 1033 976 bibit
1048 938 1136 977 meum

345 1019 523 1089 sauguinem,
543 1017 622 1070 habet
642 1015 725 1069 vitam
742 1024 886 1077 aternam,
907 1022 934 1068 ιι
952 1028 1002 1083 ego
1021 1011 1138 1066 resusci-

347 1111 411 1163 tabo
427 1123 487 1161 curu
503 1107 530 1160 iu
546 1105 692 1159 nouissimo
705 1105 749 1159 die
764 1103 862 1175 (loun.
877 1103 934 1172 rr).
950 1121 959 1151 ι
977 1102 1061 1156 lledia
1076 1102 1138 1155 ciro-

347 1204 426 1255 ritule
438 1199 586 1254 constravit
601 1205 705 1267 propter
718 1194 788 1264 filios
800 1192 957 1248 Jerusalem.

384 1293 424 1346 Ea
443 1292 500 1361 ipsa
516 1287 643 1343 videlicet
658 1286 807 1349 charitate,
823 1301 874 1353 qua
890 1299 938 1354 pro
954 1283 1031 1338 nobis
1043 1298 1138 1353 passus

345 1393 399 1440 cst.
417 1405 426 1436 r
443 1381 572 1449 llajorern
589 1379 660 1434 euim
678 1378 729 1432 lrac
746 1376 879 1431 charitate
895 1390 976 1430 uerno
993 1373 1091 1439 habet,
1107 1382 1137 1429 ut

345 1477 468 1532 auinram
493 1488 569 1527 suam
594 1477 677 1541 ponat
699 1468 760 1537 quis
784 1482 832 1537 pro
854 1464 947 1519 amicis
965 1464 1020 1518 suis
1036 1462 1135 1533 (loon.

347 1584 384 1623 xv
395 1567 417 1638 ).
436 1586 444 1616 ι
462 1564 560 1618 Etboe
575 1559 701 1628 estquod
717 1557 840 1611 addidit:
859 1577 867 1604 ι
883 1554 996 1624 Propter
1010 1552 1076 1608 idias
1092 1551 1137 1606 Je-

353 1656 490 1719 rusalem,
506 1674 514 1704 ι
533 1654 558 1706 id
577 1662 637 1715 est,
656 1658 767 1719 propter
783 1648 887 1700 animas
904 1645 1052 1700 coelestium
1069 1646 1138 1700 desi-

350 1748 428 1802 derio
443 1746 598 1816 flagrantes.
615 1741 720 1808 Quanto
736 1738 806 1791 cuim
822 1734 950 1803 majorem
966 1735 1036 1789 Deus
1050 1733 1138 1788 clrari-

350 1847 435 1893 tatem
450 1852 526 1892 suam
542 1832 620 1888 nolis
634 1847 683 1903 pro
699 1829 776 1884 nobis
790 1826 916 1899 patiendo
930 1825 1136 1889 commendavit,

352 1939 428 1986 tauto
443 1929 535 2000 piures
554 1927 586 1979 ad
607 1940 636 1977 sc
655 1922 847 1977 redamandum
868 1932 900 1971 ac
919 1933 967 1988 pro
985 1931 1014 1970 so
1032 1916 1136 1984 patieu-

351 2020 416 2074 dum
432 2018 562 2072 accendit.

367 2129 371 2136 '
390 2149 399 2181 r
416 2129 447 2183 Et
465 2126 525 2181 dnm
543 2140 640 2179 uramus
655 2123 718 2177 binc
744 2129 825 2188 atquc
854 2119 916 2173 iude
943 2127 1065 2172 tenentes
1093 2133 1135 2172 se-

350 2220 414 2275 dile.
432 2238 440 2269 ι
457 2218 526 2284 Quid
541 2231 606 2285 ergo
623 2215 682 2268 dum
700 2227 795 2266 manus
814 2219 935 2265 tenentes
958 2209 1041 2263 sedile
1062 2208 1137 2263 Salo·

351 2310 440 2365 rnouis
459 2307 634 2378 significant.
654 2305 706 2359 uisi
724 2304 818 2358 solatia
836 2303 932 2357 diuinae
949 2303 1057 2372 gratia,
1078 2317 1138 2370 quac

353 2408 476 2454 sanctam
493 2396 641 2451 Ecclesiam
658 2394 692 2448 ad
710 2394 820 2448 coeleste
839 2409 950 2462 reguum
967 2392 1138 2462 provehunt?

352 2490 386 2543 Et
400 2490 459 2542 liae
473 2496 534 2554 apte
549 2501 597 2554 per
611 2485 745 2540 binarium
759 2499 900 2537 numerum
913 2483 1048 2551 descripta
1061 2491 1136 2545 sunt,

352 2579 417 2646 quia
442 2578 470 2630 lu
495 2585 609 2643 utroque
633 2581 796 2627 testari-ento
820 2572 871 2625 hoc
893 2572 1064 2639 praedicatur,
1087 2571 1138 2625 lroc

355 2670 474 2723 maxime
495 2666 709 2721 commendatur.
728 2663 795 2730 Quia
812 2679 865 2717 nou
886 2664 935 2716 uisi
954 2678 1001 2731 per
1019 2663 1138 2717 divinum

354 2758 525 2826 aripatorium
559 2754 660 2823 aliquid
687 2753 751 2808 boui
781 2751 871 2821 pertici
899 2760 1029 2821 potesta
1065 2749 1143 2806 llude

353 2853 413 2918 ipsa
432 2848 540 2904 Veritas
555 2846 647 2904 dicit:
667 2866 678 2899 r
695 2844 760 2903 Sine
772 2861 813 2900 me
829 2845 896 2900 nihil
922 2845 1038 2915 potestis
1053 2844 1143 2901 lacere

353 2940 449 3010 (lonii.
460 2937 520 3011 ιι).
537 2958 548 2991 ι

394 3065 403 3096 ι
420 3044 455 3098 Et
478 3043 530 3098 duo
550 3043 644 3097 leones
663 3042 771 3096 stabant
780 3040 858 3110 iuxta
872 3058 968 3097 manus
982 3043 1111 3114 singulas.
1128 3062 1137 3095 ι

352 3134 424 3202 Quid
438 3149 487 3203 per
501 3133 594 3188 leones
607 3131 659 3185 nisi
675 3140 765 3202 patres
779 3133 919 3200 utriusque
939 3134 1092 3186 testamenti
1111 3133 1142 3186 lr-

352 3234 497 3296 garaman,
513 3223 558 3292 qui
575 3239 624 3293 per
639 3222 823 3277 fortitudinem
838 3223 920 3276 animi
936 3232 963 3276 et
977 3224 1027 3277 sibi
1041 3234 1067 3277 et
1081 3224 1141 3279 aliis

352 3317 488 3372 dominari
508 3317 577 3371 bene
596 3314 765 3370 didicerunt?
781 3333 790 3364 ι
806 3314 862 3368 Duo
875 3329 939 3383 ergo
958 3314 1049 3369 leones
1065 3315 1140 3384 irrata

352 3421 450 3461 manus
466 3404 587 3466 stabant,
602 3422 610 3453 ι
625 3403 688 3472 quia
704 3403 730 3456 in
745 3403 803 3471 lege
818 3411 845 3456 ct
859 3402 886 3455 iu
901 3401 1044 3471 Evangelio
1057 3403 1142 3457 sancti

352 3503 446 3563 patres
471 3493 602 3563 quidquid
625 3492 688 3546 boni
714 3491 853 3554 lecerunt,
871 3505 923 3564 nou
942 3492 1006 3552 sibi,
1025 3493 1072 3545 scd
1089 3493 1142 3546 Deo

353 3585 560 3653 deputaremnt·
575 3581 650 3637 Unde
662 3592 690 3634 ιι
703 3580 847 3634 Psalmista
861 3580 946 3634 dicit:
961 3601 969 3629 ι
981 3580 1037 3634 Non
1053 3580 1140 3646 uobis,

352 3675 483 3739 Domine,
506 3690 558 3728 nou
582 3673 675 3736 nobis,
699 3673 748 3726 sed
769 3672 870 3725 nomini
893 3680 938 3724 tuo
958 3672 991 3726 da
1011 3671 1140 3739 gloriam,

354 3781 437 3836 super
467 3763 652 3819 misericordia
682 3770 727 3815 tua
759 3770 787 3815 ct
816 3762 930 3815 ueritate
957 3771 1001 3814 tua
1042 3759 1139 3831 terat.

354 3856 428 3926 cxrui
445 3854 465 3927 ).
483 3874 492 3907 ι
507 3854 541 3909 m
551 3854 696 3923 Apostolus
711 3870 717 3905 :
732 3872 741 3904 r
757 3851 867 3915 Gratia,
893 3852 993 3920 iuquit,
1021 3852 1067 3905 lici
1082 3866 1141 3906 sum

355 3942 382 3997 id
405 3943 476 4012 quod
500 3957 559 3997 sum
585 3941 618 4012 (l
652 3939 711 3994 Cor.
727 3956 760 3994 xv
773 3939 867 4012 >alit
882 3940 946 3993 item
963 3956 992 3991 :r
1010 3939 1060 4005 Qui
1085 3939 1141 4010 glo

356 4030 452 4093 natur,
477 4033 502 4087 ln
525 4032 639 4086 Domino
659 4030 789 4101 glorietur
810 4030 884 4099 (der.
900 4046 926 4082 ιι
940 4045 946 4092 ;
962 4028 975 4080 l
993 4027 1054 4082 Cor.
1071 4027 1112 4097 r).
1129 4046 1138 4079 ι

354 4118 484 4189 Sequitur
499 4138 505 4172 :
521 4139 529 4169 r
544 4119 577 4173 Et
591 4119 730 4174 duodecim
745 4117 859 4172 leunculi
877 4126 980 4172 stantes
994 4133 1074 4188 super
1093 4134 1140 4173 ιιι

357 4211 488 4281 «gradus,
502 4212 565 4264 hinc
576 4218 657 4278 atquc
673 4210 743 4263 iude.
756 4210 842 4276 »Quid
855 4225 902 4278 per
914 4209 1055 4263 duodecim
1068 4210 1143 4264 leun·

354 4299 446 4363 culos,
475 4299 526 4353 uisi
549 4297 756 4367 predicatorum
784 4297 868 4361 ordo,
894 4298 939 4365 qui
965 4297 1140 4365 apostolicam

355 4386 508 4441 doctrinam
531 4386 671 4455 sequitur,
700 4385 886 4455 significatur?
912 4386 943 4439 lli
972 4402 1035 4456 ergo
1061 4402 1141 4458 supra

355 4491 404 4530 sex
424 4476 525 4546 gradus
547 4476 610 4529 hinc
631 4483 712 4543 atquc
733 4475 794 4528 iude
814 4485 901 4539 stant,
927 4477 988 4544 quia
1009 4477 1140 4532 bonorum

355 4581 468 4636 operum
489 4581 598 4637 gressus
617 4566 680 4619 hinc
700 4574 728 4620 ct
748 4565 810 4620 inde
830 4567 885 4621 suis
909 4567 1039 4621 doctrinis
1060 4576 1141 4636 atque

356 4656 486 4726 exemplis
509 4658 615 4709 urunirc
636 4664 758 4720 certant,
780 4670 813 4708 nc
835 4656 895 4724 pius
916 4656 992 4710 labor
1011 4657 1079 4712 bene
1098 4658 1179 4741 ιιι-Ι)

356 4750 514 4820 alpientium
534 4750 560 4803 in
579 4750 717 4819 operando
736 4749 859 4814 vacillet,
883 4749 930 4804 sed
952 4751 1139 4805 rectitudinem

357 4839 383 4894 iu
397 4855 542 4909 progressu
558 4840 687 4894 virtutum
701 4839 809 4895 iortiter
823 4849 974 4894 conservet.
996 4840 1072 4907 Quod
1093 4856 1125 4895 au

357 4939 411 4985 tem
425 4929 549 4984 subditur
566 4949 571 4982 :

395 5042 404 5073 r
419 5020 477 5074 Nou
492 5029 532 5075 cst
547 5020 647 5076 lactum
663 5021 715 5076 talo
729 5037 796 5091 opus
813 5022 839 5076 in
855 5022 988 5077 uniuersis
1003 5022 1110 5092 reguis,
1128 5040 1138 5071 ι

356 5119 419 5183 apte
443 5122 543 5165 sanctae
567 5112 695 5167 Ecclesia]
719 5113 860 5177 convenit,
887 5113 920 5168 de
939 5128 990 5182 qua
1011 5114 1141 5182 scriptum

356 5208 398 5254 est
414 5217 420 5251 :
437 5199 600 5256 «Fortitudo
620 5210 647 5255 ct
669 5202 751 5257 decor
767 5203 955 5264 ,indumentum
969 5203 1047 5271 ejus;
1063 5213 1090 5257 et
1105 5205 1143 5259 ri-

356 5290 432 5344 debit
453 5289 479 5344 in
501 5290 544 5345 die
564 5293 722 5347 nouissimo.
747 5293 929 5349 Surrexemnt
949 5294 996 5348 tilii
1018 5296 1092 5365 ejus,
1115 5305 1142 5350 et

357 5381 544 5436 beatissimam
568 5384 800 5453 predicaverunt,
826 5396 854 5440 ιι
874 5387 918 5440 ιιι
941 5388 1000 5456 ejus
1024 5388 1142 5442 laudarit

356 5487 428 5527 earu.
444 5474 534 5529 liultae
548 5475 607 5530 ntia
622 5488 852 5549 congregaverunt
865 5478 986 5543 divitias,
1004 5486 1030 5532 tu
1045 5493 1140 5548 super·

355 5578 450 5634 gressa
465 5577 494 5618 es
509 5565 647 5621 uniuersas
662 5566 671 5638 (
684 5567 762 5621 Pron.
777 5583 840 5621 xrxr
854 5567 874 5638 ).
890 5567 1041 5637 »Sequitur
1056 5586 1062 5623 :

1190 744 1340 797 ministerio
1357 746 1504 814 irrugantur
1520 760 1602 798 aurea
1618 744 1703 807 stunt,
1725 746 1787 813 quia
1807 761 1901 800 ornnes
1919 747 1976 801 ani·

1188 847 1239 885 mar
1263 843 1435 896 sanctorum,
1460 849 1519 903 quat
1542 842 1604 887 suut
1626 850 1688 887 vasa
1713 835 1774 897 Dei,
1791 844 1819 889 ut
1842 836 1974 890 voluntati

1189 924 1346 978 deserviant
1360 926 1473 989 (lirina,
1490 925 1631 994 splendore
1646 927 1784 995 sapientia
1805 935 1832 979 et
1852 927 1975 982 dilectio-

1189 1014 1232 1068 nis·
1248 1015 1380 1079 ultentcS,
1398 1018 1536 1070 continent
1551 1026 1641 1085 potum
1664 1032 1740 1086 aqua
1754 1016 1838 1081 vivae,
1858 1025 1912 1071 etr
1930 1016 1978 1071 stet

1189 1105 1216 1158 iu
1231 1106 1271 1160 cis
1286 1106 1346 1160 lons
1360 1123 1437 1175 aqua
1451 1108 1573 1161 salientis
1588 1108 1614 1160 in
1630 1107 1712 1159 vitam
1726 1116 1854 1159 aternam
1870 1108 1879 1178 ι
1893 1105 1974 1159 loun.

1190 1196 1246 1267 ιιι).
1266 1218 1274 1247 ι
1291 1196 1345 1252 Nec
1369 1199 1483 1268 alicujus
1506 1198 1585 1268 pretii
1609 1207 1749 1266 argentum
1774 1199 1921 1266 putabatur
1946 1199 1972 1252 in

1189 1288 1285 1343 dicbus
1312 1289 1484 1354 Salomonis,
1510 1290 1592 1358 quia,
1621 1290 1767 1343 secuudum
1793 1289 1974 1357 Apostolum,

1191 1400 1200 1431 ι
1218 1397 1271 1435 nou
1292 1392 1334 1436 est
1358 1384 1385 1436 iu
1406 1398 1530 1436 sermone
1548 1397 1660 1452 regnum
1683 1382 1746 1443 bei,
1769 1382 1817 1437 scd
1837 1383 1862 1434 iu
1877 1382 1976 1436 rii-tute

1189 1470 1220 1542 (l
1234 1470 1295 1525 Cor.
1312 1489 1338 1525 ιι
1350 1471 1369 1543 ).
1385 1492 1394 1522 ι
1409 1472 1442 1525 Ει
1457 1472 1613 1542 praedicatio
1628 1471 1763 1540 Evangelii
1779 1491 1787 1521 ι
1804 1487 1856 1525 uon
1872 1471 1898 1523 iu
1912 1487 1975 1524 sna·

1189 1563 1310 1617 sibililurs
1325 1564 1449 1617 lurmanae
1464 1563 1601 1633 smair-ntia
1617 1563 1706 1617 uerbis
1722 1582 1730 1611 ι
1747 1563 1884 1626 consistit,
1902 1583 1910 1611 ι
1925 1563 1971 1616 sal

1188 1654 1215 1708 in
1238 1656 1392 1709 ostensione
1418 1653 1535 1723 Spiritus
1556 1662 1582 1707 ιι
1605 1655 1727 1717 virtutis,
1748 1662 1776 1706 ut
1793 1652 1858 1706 titis
1875 1663 1966 1705 nostra

1189 1762 1240 1799 non
1255 1747 1291 1799 sit
1306 1745 1331 1798 iu
1348 1745 1480 1814 sapientia
1495 1745 1649 1809 homiuum,
1665 1744 1712 1798 sed
1727 1744 1753 1797 iu
1768 1744 1866 1797 uirtute
1880 1744 1926 1796 lici
1943 1742 1973 1812 (l

1189 1833 1251 1888 Cor.
1267 1834 1319 1904 ιι).
1339 1855 1347 1884 ι
1366 1834 1442 1890 Unde
1458 1835 1514 1904 ipsa
1529 1834 1635 1888 i'eritas
1655 1836 1713 1887 ait:
1731 1853 1739 1883 r
1757 1832 1814 1885 h'ou
1829 1834 1917 1887 omnis
1930 1834 1976 1903 qui

1189 1924 1254 1978 dicit
1276 1924 1357 1987 milri,
1382 1924 1508 1987 lloruine,
1532 1922 1660 1985 Domine,
1684 1922 1795 1975 intrabit
1818 1922 1844 1975 in
1866 1938 1978 1988 reguum

1153 2004 1340 2077 Baulorum,
1369 2015 1414 2068 sed
1432 2014 1485 2083 -qui
1511 2012 1577 2067 lacit
1603 2012 1767 2067 voluntatem
1793 2011 1880 2065 Patris
1908 2012 1976 2074 urci,

1191 2103 1247 2172 ipse
1263 2104 1375 2157 intrabit
1391 2104 1415 2156 in
1432 2120 1543 2173 reguum
1558 2104 1687 2157 coelorum
1703 2105 1711 2172 l
1728 2102 1820 2155 iluttlr.
1836 2118 1873 2154 vu
1886 2102 1906 2170 ).
1924 2101 1979 2154 »tlt

1191 2194 1287 2248 iterum
1302 2214 1308 2248 :
1326 2213 1335 2244 ι
1351 2194 1400 2260 Qui
1417 2195 1527 2248 soluerit
1541 2211 1623 2247 uuum
1644 2195 1677 2248 dc
1696 2194 1831 2247 mandatis
1849 2194 1907 2246 istis
1928 2194 1980 2247 mi·

1190 2284 1281 2347 nimis,
1293 2293 1320 2338 et
1332 2285 1454 2339 docuerit
1466 2286 1505 2339 sic
1517 2285 1649 2348 homineS,
1662 2284 1788 2337 minimus
1799 2285 1938 2337 uocabitur
1952 2284 1978 2337 iu

1190 2388 1273 2443 regno
1287 2373 1435 2438 coelorunr;
1452 2374 1497 2442 qui
1512 2384 1601 2427 autem
1623 2373 1717 2427 lecerit
1732 2382 1758 2426 et
1779 2375 1917 2438 rlocuerit,
1934 2374 1979 2428 iric

1191 2476 1303 2530 maguus
1318 2463 1459 2516 vocabitur
1473 2462 1500 2516 iu
1517 2478 1598 2532 regno
1613 2461 1743 2517 coelorum
1759 2462 1871 2532 (lluttlr.
1889 2464 1931 2532 r).
1950 2485 1959 2514 ι

1229 2570 1238 2600 ι
1256 2550 1441 2620 llagailrcatus
1462 2559 1503 2605 est
1524 2567 1570 2605 rer
1588 2551 1714 2605 Salomon
1730 2567 1811 2621 super
1825 2569 1918 2608 omnes
1935 2571 1978 2609 rc·

1194 2661 1202 2692 r
1220 2658 1267 2711 ges
1281 2650 1375 2706 terrae,
1391 2642 1492 2695 divitiis
1507 2651 1534 2696 et
1549 2643 1692 2711 sapientia.
1716 2643 1748 2696 m
1763 2645 1887 2697 universa
1908 2655 1979 2700 terra

1194 2752 1202 2783 r
1220 2730 1391 2786 desiderabat
1405 2732 1496 2787 videre
1508 2734 1612 2785 vultum
1628 2732 1797 2795 Salomonis,
1818 2742 1848 2787 ut
1870 2735 1978 2790 aruliret

1194 2822 1379 2892 «sapientiam
1405 2824 1482 2893 rius,
1509 2839 1590 2893 qnam
1616 2824 1727 2877 dederat
1751 2823 1819 2877 Deus
1845 2825 1872 2877 in
1896 2826 1978 2879 corde

1195 2931 1203 2962 r
1221 2910 1289 2979 ejus.
1312 2913 1345 2966 Et
1368 2914 1465 2983 singuli
1485 2913 1642 2968 deserebant
1666 2914 1691 2967 ci
1708 2930 1838 2980 munera,
1860 2931 1922 2969 rasa
1938 2932 1981 2969 ar-

1195 3013 1318 3075 rgentea
1333 3013 1361 3058 et
1374 3019 1472 3069 aurea,
1487 3013 1578 3058 vestes
1598 3013 1626 3059 ct
1646 3020 1719 3059 arina
1742 3004 1848 3058 heilica.
1877 3024 1885 3055 ι
1907 3006 1980 3060 Beue

1192 3108 1257 3163 ergo
1273 3094 1374 3148 dictum
1388 3095 1513 3162 estquod
1527 3094 1716 3164 magnificatus
1733 3098 1768 3149 sit
1788 3112 1833 3149 rex
1854 3096 1979 3150 Salomon

1193 3198 1274 3252 super
1287 3199 1362 3253 reges
1377 3192 1471 3248 terrac,
1491 3186 1552 3253 quia
1572 3185 1703 3239 Paci1²cus
1724 3199 1815 3239 nester
1828 3203 1910 3256 stipor
1921 3203 1980 3242 om-

1195 3289 1256 3327 nem
1271 3273 1459 3328 celsitudinem
1479 3283 1650 3340 sanctorum,
1663 3277 1708 3344 qui
1723 3293 1783 3330 vere
1797 3293 1873 3345 reges
1886 3279 1980 3333 diruu-

1156 3343 1177 3404 (ἶ
1195 3371 1249 3425 tur,
1267 3363 1412 3429 exaltatur,
1431 3373 1457 3418 ιι
1478 3365 1565 3419 nullus
1577 3366 1602 3419 ei
1615 3368 1748 3435 coequari
1769 3378 1865 3435 potest.
1880 3390 1888 3419 ι
1905 3371 1978 3436 ero-

1192 3456 1264 3508 niam
1279 3457 1340 3524 quis
1359 3456 1386 3509 iu
1405 3458 1520 3513 nubibus
1539 3459 1691 3528 :equabitur
1709 3461 1836 3525 Domino,
1855 3471 1901 3515 aut
1919 3464 1979 3532 quis

1192 3545 1288 3600 similis
1301 3546 1353 3600 erit
1367 3547 1421 3602 beo
1435 3549 1505 3603 iuter
1518 3547 1588 3603 lilios
1602 3548 1671 3603 Dei?
1685 3550 1770 3614 bens,
1785 3550 1830 3620 qui
1843 3550 1978 3621 glorifica-

1193 3644 1236 3689 tur
1261 3635 1287 3688 in
1309 3636 1422 3691 consilio
1445 3646 1617 3703 sauctorum,
1640 3654 1753 3708 maguus
1773 3650 1800 3694 ιι
1819 3642 1979 3695 metuendus

1192 3738 1273 3792 super
1301 3739 1395 3780 ornnes
1423 3726 1468 3795 qui
1496 3727 1522 3780 iu
1548 3728 1664 3783 circuitu
1699 3728 1757 3798 ejus
1788 3741 1850 3785 suut
1876 3731 1974 3802 (Prot.

1191 3831 1311 3870 ιιιιιιιιι
1325 3815 1345 3887 ).
1364 3835 1373 3866 ι
1387 3817 1421 3870 Ει
1442 3818 1541 3873 iterum
1557 3838 1562 3872 :
1581 3840 1590 3871 ι
1608 3820 1720 3889 liuguus
1733 3822 1863 3877 Dominus
1875 3831 1976 3886 noster,

1191 3914 1218 3960 ct
1236 3922 1334 3977 magna
1351 3907 1527 3980 virtusejus,
1541 3918 1568 3964 et
1580 3911 1718 3979 sapientia
1730 3913 1787 3980 ejus
1801 3928 1852 3966 uon
1866 3922 1907 3967 est
1926 3929 1977 3966 nu-

1191 4011 1283 4051 merus
1302 3996 1398 4069 (l'soI.
1418 4002 1516 4071 exuri).
1527 3998 1619 4056 »Unde
1638 4010 1665 4055 et
1678 4000 1797 4056 loannes
1812 4002 1897 4056 dicit:
1916 4022 1924 4052 ι
1944 4003 1977 4055 Fa

1191 4085 1306 4141 vidimus
1327 4087 1439 4158 gloriam
1462 4087 1535 4156 rjus,
1560 4088 1671 4158 gloriam
1695 4092 1772 4161 quasi
1802 4091 1935 4161 Unigeniti
1960 4108 1974 4144 a

1191 4174 1289 4241 Patre,
1304 4178 1413 4246 plenum
1428 4181 1515 4248 gratia
1530 4188 1556 4235 ot
1568 4182 1684 4235 rcritatc
1698 4182 1794 4252 (Jorru.
1811 4181 1845 4252 r).
1862 4202 1870 4232 ι

1231 4285 1240 4316 ι
1259 4265 1293 4320 m
1306 4267 1430 4323 universa
1446 4278 1518 4324 terra
1533 4269 1670 4325 desiderat
1683 4272 1776 4326 ridere
1790 4273 1891 4327 rutrum
1908 4276 1980 4346 regis

1195 4378 1203 4408 ι
1223 4358 1318 4413 nostri.
1333 4378 1343 4410 ι
1357 4359 1424 4426 Quia
1437 4360 1564 4415 universa
1576 4361 1693 4416 Ecclesia
1708 4370 1862 4418 sanctomm
1875 4363 1926 4419 lroc
1937 4380 1981 4419 so-

1192 4445 1328 4502 lummodo
1340 4450 1458 4519 appetit,
1471 4458 1499 4503 ut
1512 4450 1546 4504 ad
1559 4462 1734 4520 conspectum
1747 4452 1837 4523 gloriae
1849 4455 1907 4523 ejus
1919 4471 1980 4524 per-

1192 4536 1292 4590 veniat.
1307 4535 1373 4591 Cum
1386 4554 1434 4608 per
1447 4538 1610 4609 prophetam
1624 4541 1739 4596 dicitur:
1757 4561 1766 4593 r
1782 4541 1840 4598 Tibi
1854 4544 1921 4597 divit
1934 4559 1982 4600 cor

1192 4643 1299 4693 ιιιιιιιιι,
1315 4629 1425 4698 quaesiri
1448 4638 1492 4695 te,
1505 4630 1607 4686 uultum
1626 4641 1717 4696 tuum,
1740 4633 1870 4697 Domine,
1889 4635 1981 4703 requi-

1193 4733 1250 4771 ram
1270 4716 1361 4788 (l'sol.
1375 4719 1464 4790 ιιιιι).
1476 4739 1485 4770 ι
1499 4720 1532 4773 Ει
1545 4720 1608 4774 alibi
1622 4739 1644 4773 :r
1659 4721 1734 4776 Sicut
1746 4738 1859 4789 cervus,
1874 4724 1979 4793 inquit,

1192 4807 1326 4862 desiderat
1346 4809 1380 4862 ad
1399 4808 1487 4864 lentes
1507 4826 1654 4879 aquarum,
1674 4811 1712 4866 ita
1734 4812 1870 4868 desiderat
1891 4815 1981 4868 anirna

1192 4912 1252 4951 mea
1265 4899 1297 4952 ad
1313 4908 1352 4963 te,
1367 4899 1629 4972 bereministri.
1647 4922 1656 4954 r

1232 5006 1239 5037 ι
1257 4987 1290 5041 Ει
1303 4990 1401 5060 singuli
1416 4991 1541 5046 deterunt
1554 4994 1578 5047 ci
1592 5009 1714 5049 munera.
1731 5014 1740 5047 ι
1754 4995 1822 5051 llum
1835 4999 1981 5068 unusquis·

1193 5093 1245 5147 qne
1257 5082 1403 5135 secumlum
1416 5082 1442 5135 id
1456 5084 1528 5152 quod
1539 5084 1611 5138 vires
1622 5086 1673 5139 sibi
1686 5095 1846 5155 suppetunt,
1861 5089 1887 5143 in
1899 5090 1983 5145 uerbo

1196 5185 1243 5224 scu
1260 5171 1336 5226 latetis
1350 5173 1507 5242 obsequium
1522 5177 1613 5230 studet
1625 5188 1753 5246 praestare
1767 5181 1829 5235 Deo.

1497 5286 1610 5342 cletta
1630 5289 1665 5343 xl

1230 5372 1268 5426 De
1289 5372 1440 5445 alienigenis
1456 5377 1607 5433 milliaribus
1622 5397 1686 5450 qnos
1701 5381 1796 5435 orrtnoit
1811 5381 1947 5437 Salomon.

1230 5482 1312 5553 (Car.
1329 5499 1366 5536 ιι.
1379 5483 1387 5547 l
1406 5505 1414 5534 ι
1431 5485 1488 5539 ilex
1501 5496 1591 5541 autern
1605 5487 1732 5543 Salomon
1745 5491 1845 5543 amarit
1856 5489 1983 5546 uuilicres

1199 5591 1208 5622 r
1223 5572 1388 5640 alienigenas
1409 5576 1518 5629 nrrdtns.
1541 5577 1634 5631 Filiam
1650 5592 1756 5648 quoquc
1770 5578 1935 5641 Pharaonis,
1955 5588 1983 5632 et

396 5673 406 5701 ι
424 5652 478 5708 Sed
492 5661 518 5707 et
532 5656 622 5710 onmia
636 5674 700 5712 vasa
716 5658 749 5713 de
763 5660 860 5728 quibus
875 5661 985 5729 potabat
1001 5676 1047 5714 ιιι
1065 5660 1142 5715 Salo·
1197 5682 1206 5713 ι
1224 5663 1393 5726 lloabitidas,
1406 5673 1434 5718 et
1447 5665 1652 5732 hrnmonitidas,
1666 5678 1692 5723 ιι
1705 5668 1844 5730 ldumaeas,
1858 5676 1884 5721 et
1898 5667 1984 5736 Sydo-

359 5759 451 5795 rrnou
473 5753 552 5799 erant
571 5761 670 5811 aurea,
691 5758 719 5803 ιι
743 5750 868 5805 urrirersa
899 5750 1017 5818 supellex
1049 5751 1144 5805 rlornus
1183 5751 1297 5813 'rnias,
1317 5760 1343 5803 ιι
1361 5751 1532 5816 Etlneas,de
1545 5756 1781 5825 gentibus,super
1799 5758 1897 5824 qrrilns
1915 5753 1984 5807 dixit

359 5852 368 5883 ι
385 5832 474 5910 saites
489 5832 583 5889 Libani
597 5837 629 5890 de
641 5853 707 5892 auro
729 5839 882 5907 purissimo.
900 5838 957 5893 Non
978 5849 1035 5892 erat
1050 5855 1145 5907 argeu-
1198 5841 1353 5898 «Dominus
1373 5844 1435 5898 liliis
1455 5845 1559 5901 lsrael:
1581 5846 1638 5901 Nou
1661 5847 1847 5917 ingrediemini
1866 5846 1898 5898 ad
1916 5858 1983 5909 eas,

359 5938 369 5971 r
388 5929 464 5988 tum,
481 5937 530 5977 nec
551 5924 662 5995 alicujus
681 5927 759 5995 pretii
774 5929 917 5996 putabatur
943 5929 968 5982 iu
985 5929 1077 5983 rlicbus
1092 5928 1142 5983 Sa·
1198 5952 1206 5982 r
1223 5947 1309 6000 neque
1322 5932 1355 5987 de
1370 5932 1422 5988 illis
1435 5934 1620 6005 ingredientur
1638 5936 1670 5991 ad
1689 5918 1806 5998 vestras,
1821 5940 1873 5988 etc.
1891 5952 1899 5983 r
1917 5930 1981 6002 (Ea
