4709 6767
358 615 411 672 ιιι
682 608 712 662 ιι.
734 607 860 663 usuam
880 606 991 663 mutuet
1010 603 1171 662 necuter.
1195 599 1350 659 stodeat.
1371 602 1516 661 oretum
1537 602 1628 661 PARS
1643 603 1665 659 l.
1953 610 2004 665 tte

357 733 457 807 quibus
467 728 545 800 quiesi
555 724 792 782 excellentioribus
807 724 903 778 anius-u
921 722 1099 793 dignitatibus
1109 718 1155 788 itt·
1167 723 1194 780 Λ
1206 715 1311 771 altioris
1335 717 1458 787 mysterii
1483 716 1572 787 gratia
1597 715 1766 773 factumest.
1797 717 2010 791 Siguillealiatnr

357 828 452 880 beruur
467 818 578 889 diligere
591 815 769 877 conditorem,
784 824 813 869 ut
829 822 962 884 quiantum
978 812 1155 883 intelligatur,
1209 808 1282 864 enim
1297 808 1369 878 quod
1385 808 1418 863 de
1444 808 1529 862 latere
1553 807 1655 863 Christi
1681 809 1709 864 ιιι
1723 823 1805 864 cruce
1829 824 1881 881 per
1893 820 2008 870 mortem

356 918 530 981 etquantum
557 906 694 975 diligatur,
720 919 827 974 semper
842 904 869 958 in
897 902 1030 959 memoria
1046 902 1155 965 lrabeat,
1208 900 1287 971 sopiti
1315 909 1486 956 sacramenta
1511 908 1604 956 essent
1625 901 1721 957 salutis
1739 903 1858 967 exitura,
1887 903 2011 962 uidelicet

358 1017 407 1057 nee
422 1000 495 1056 solus
506 996 604 1052 suffieit
619 998 651 1051 de
665 1011 697 1050 eo
711 995 874 1060 intellectus,
895 995 946 1049 uisi
962 994 1009 1049 ssat
1025 993 1052 1048 in
1065 1007 1158 1047 amore
1208 991 1320 1062 sanguis
1333 1000 1362 1045 et
1380 1006 1460 1060 aquia,
1477 992 1510 1047 de
1533 992 1632 1061 quibus
1653 1007 1751 1061 sponsa
1781 994 1819 1048 illi
1846 995 2009 1053 conderetur

356 1093 415 1161 ejus
431 1090 565 1147 uolontas.
587 1087 644 1143 lmo
659 1102 710 1141 nee
723 1086 776 1142 duo
790 1088 848 1142 liaeo
870 1084 1016 1151 sirllreiunt,
1033 1084 1085 1140 nisi
1100 1099 1158 1139 me·
1208 1080 1340 1135 Ecclesia.
1364 1080 1431 1134 Naar
1449 1081 1471 1134 si
1487 1081 1555 1134 tanti
1577 1082 1741 1136 sacramenti
1769 1098 1822 1138 non
1837 1093 1914 1138 esset
1927 1083 2008 1156 dgura

356 1185 444 1238 rnoria
458 1181 584 1244 addatur,
596 1193 649 1249 qua
669 1192 777 1249 semper
789 1178 815 1232 in
833 1185 925 1233 mente
939 1176 1116 1248 intelligentis
1130 1186 1158 1232 et
1209 1172 1235 1226 in
1250 1171 1388 1227 creatione
1413 1171 1519 1226 leminm
1545 1172 1747 1241 premittenda,
1772 1173 1839 1243 quid
1860 1189 1931 1245 opus
1954 1186 2009 1231 erat

357 1272 497 1344 diligentis
514 1278 622 1325 maneat
639 1270 720 1333 Deus,
735 1277 766 1322 ut
787 1268 858 1323 sicut
880 1268 983 1322 nullum
996 1275 1158 1337 potestesse
1209 1262 1342 1318 dormisse
1357 1262 1455 1329 aldani,
1480 1271 1510 1317 ut
1524 1275 1628 1318 eostam
1653 1264 1735 1328 illius,
1752 1265 1786 1320 de
1804 1281 1860 1336 gria
1885 1266 2010 1323 lentitiam

356 1377 536 1430 numerantium,
552 1378 605 1434 quo
629 1364 709 1417 liomo
733 1376 786 1415 non
813 1370 906 1415 utatur
926 1360 970 1415 rel
987 1359 1093 1413 leuatur
1106 1357 1157 1412 ilci
1210 1353 1322 1420 laceret,
1338 1354 1455 1420 tolleret,
1470 1354 1515 1425 qui
1531 1364 1559 1409 et
1576 1354 1698 1424 rigilanti
1711 1371 1745 1411 ae
1756 1372 1811 1412 non
1825 1358 1928 1413 dolenti
1943 1359 2009 1414 idern

356 1460 477 1515 bonitate
490 1465 518 1511 et
531 1454 730 1520 misericordia,
743 1454 779 1507 ita
793 1453 896 1507 utillum
911 1452 1009 1507 debeat
1028 1465 1088 1505 esse
1101 1465 1160 1504 mn·
1209 1445 1300 1500 larere
1319 1446 1447 1515 poterat?
1464 1444 1534 1512 Quid
1550 1447 1735 1501 necessarium
1750 1456 1780 1500 ut
1805 1463 1925 1511 citrinos,
1941 1449 2010 1519 quenl

357 1555 489 1611 ιιιιηιιιιιι,
504 1560 559 1616 quin
570 1551 732 1615 praesentem
753 1557 815 1597 erim
833 1558 886 1597 non
902 1541 1001 1597 lrabeat
1016 1541 1156 1596 memoria.
1209 1535 1243 1590 de
1257 1536 1308 1589 viri
1323 1536 1407 1590 latere
1421 1543 1559 1605 sumptum
1573 1544 1628 1601 est,
1642 1535 1669 1590 iu
1687 1536 1816 1592 sentinam
1831 1539 2008 1600 condebatur,

357 1641 392 1696 Et
411 1642 470 1696 baec
491 1639 525 1695 de
540 1637 659 1707 imagine
674 1636 783 1691 habeto.
807 1634 884 1691 Nirnc
899 1649 964 1690 vero
981 1634 1014 1689 de
1029 1633 1158 1689 similitu·
1210 1630 1236 1684 in
1259 1630 1349 1684 locum
1368 1629 1438 1684 ossis
1451 1644 1504 1685 rien
1520 1644 1561 1691 os,
1583 1631 1631 1685 sed
1653 1646 1717 1685 caro
1742 1630 1938 1702 suppleretur?
1961 1634 2009 1688 nisi

359 1729 422 1785 dine
435 1729 525 1798 aliqua
541 1727 673 1797 intellige,
692 1740 753 1795 ιιι
771 1725 935 1780 iunioribus
955 1723 1092 1779 cernenda
1106 1731 1158 1787 est,
1209 1723 1271 1794 quia
1287 1720 1464 1793 figurabatur,
1488 1722 1560 1791 qirod
1576 1721 1701 1778 Christus
1724 1733 1840 1794 propter
1863 1723 2007 1779 Ecclesiam

359 1829 389 1873 ut
404 1817 557 1874 sieutlleus
566 1825 685 1880 creator,
700 1816 746 1884 qui
758 1815 896 1869 hominem
909 1815 942 1869 ad
955 1814 1160 1869 similitudinem
1212 1813 1347 1878 inibimus,
1365 1821 1393 1869 at
1410 1828 1475 1869 reru
1489 1814 1610 1869 Ecclesia
1629 1816 1779 1885 peripsum
1792 1826 1869 1870 essct
1883 1815 1959 1871 brana
1972 1815 2009 1869 lu·

359 1925 437 1964 suam
451 1908 554 1965 crearit
567 1917 610 1963 est
623 1906 752 1970 ebaritas,
767 1913 807 1960 est
819 1905 917 1971 bouus,
929 1912 957 1959 et
966 1904 1066 1975 justus,
1079 1913 1162 1974 atgue
1212 1916 1281 1962 tura.
1295 1907 1366 1975 Ergo
1379 1906 1505 1963 similiter
1516 1915 1545 1961 ιιι
1558 1907 1629 1973 riro,
1645 1908 1719 1962 dedit
1740 1907 1813 1964 Deus
1826 1908 1936 1964 mulieri
1950 1925 2008 1963 sen·

360 2003 444 2067 utitis,
470 2001 587 2056 mundus
611 2007 639 2054 et
663 1998 831 2063 misericors,
856 2006 883 2052 et
907 2006 1005 2052 caetera
1029 1997 1160 2051 virtutum
1212 2015 1272 2053 sum
1286 1999 1409 2068 corporis
1434 2007 1461 2052 et
1483 1998 1611 2054 virtutem
1636 1998 1803 2064 intellectus,
1820 2000 1886 2070 quia
1901 2000 2009 2071 singulis

358 2101 514 2148 sanctarum
531 2090 645 2162 insignia
670 2104 730 2158 quiae
753 2089 786 2143 de
809 2105 842 2144 eo
863 2088 997 2159 leguntur,
1024 2089 1061 2143 ita
1077 2088 1158 2143 honio
1173 2077 1196 2137 B
1210 2087 1330 2159 singulas
1351 2089 1457 2145 animas
1471 2089 1554 2155 dedit,
1573 2097 1601 2145 et
1622 2089 1749 2145 uirtutem
1767 2091 1892 2148 scientiae
1914 2089 2009 2148 ha'bere

358 2193 468 2239 creatus
488 2190 538 2241 est,
555 2190 585 2235 nt
606 2181 767 2237 etraritatem
792 2182 914 2246 haberet,
931 2190 960 2236 ut
977 2182 1063 2237 burrus
1086 2190 1159 2238 esset
1208 2180 1303 2236 soluit.
1317 2180 1394 2237 Unde
1405 2190 1432 2237 et
1446 2182 1584 2251 sequitur:

359 2272 495 2341 etiustus,
511 2272 659 2341 utpatiens
678 2281 759 2341 atque
773 2271 857 2336 mitis,
874 2272 990 2326 narrandus
1005 2281 1032 2327 et
1054 2273 1159 2327 miseri·
1247 2293 1379 2350 ,efflavit
1402 2293 1456 2349 glis
1479 2294 1620 2349 wiennam
1643 2294 1766 2364 spiritus,
1781 2309 1869 2351 „nm
1892 2295 2008 2366 imppp,

359 2380 421 2421 cers
435 2364 504 2419 toret
517 2382 523 2417 :
538 2379 606 2433 qiias
618 2363 734 2418 uirtutes
749 2362 924 2433 quantoplus
938 2363 1052 2433 uirisque
1068 2363 1094 2417 in
1113 2378 1157 2417 se-

360 2456 420 2524 ipso
447 2456 538 2516 babet,
555 2462 631 2509 tanto
654 2453 766 2524 propius
778 2462 821 2508 est
843 2462 871 2507 et
894 2453 1022 2523 majorem
1039 2454 1080 2508 sui
1094 2469 1159 2508 cou-

359 2544 457 2599 ditoris
469 2544 539 2614 gerit
554 2542 769 2597 similitudinem.
786 2541 816 2597 Si
829 2557 894 2598 sero
916 2543 999 2615 (giiod
1014 2545 1096 2614 absit)
1111 2544 1160 2599 ali·

358 2633 421 2704 uuis
440 2647 488 2703 per
503 2633 580 2689 devia
592 2633 720 2688 uitiorum
732 2640 758 2687 et
771 2632 886 2687 divortia
900 2633 1044 2688 ιιιιιιιιιιιιιι
1058 2636 1092 2689 ab
1108 2635 1159 2689 bae

359 2722 529 2779 nobilissima
541 2723 582 2777 siri
597 2720 709 2778 lactoris
719 2721 895 2777 similitudine
908 2721 1025 2794 degener
1039 2723 1158 2789 aberrat,

257 2806 264 2815 ’
360 2813 567 2871 ιιιιιιιιιιιιιιιιιι
583 2813 631 2866 bei
647 2812 674 2866 in
700 2826 730 2867 se
752 2827 805 2867 non
818 2821 971 2867 conservat.
986 2811 1054 2867 Com
1068 2821 1159 2868 autem

360 2904 395 2962 de
412 2903 530 2975 imagine
558 2903 664 2957 interna
690 2903 788 2956 anima
813 2903 976 2957 sententiam
1001 2900 1158 2972 explicaret,

360 2995 455 3051 statim
469 2994 635 3064 decerperis
647 2993 799 3048 substantia
812 2992 973 3048 subsecutus
985 3002 1036 3058 cst,
1050 2993 1159 3048 dicens:

360 3089 364 3096 “
394 3085 457 3141 «Et
472 3086 570 3140 iterum
589 3083 723 3140 convertit
750 3084 824 3138 illurn
846 3084 873 3139 in
888 3084 1010 3154 ipsam.»
1038 3082 1095 3139 iloe
1107 3093 1159 3151 est,

358 3190 473 3244 terram,
495 3178 573 3250 juxta
601 3176 674 3232 illam
702 3176 807 3232 Domini
835 3177 1018 3238 sententiam,
1046 3190 1099 3246 qua
1126 3178 1160 3232 ad

361 3278 519 3342 peccantem
545 3268 682 3324 hominem
697 3268 754 3321 ait:
778 3287 786 3318 ι
806 3267 889 3321 Terra
910 3281 948 3330 cs,
968 3275 994 3321 et
1017 3266 1159 3321 interram

360 3361 414 3418 ibis
427 3358 503 3432 (Gan.
516 3359 568 3430 ιιι).
584 3378 594 3411 ι

401 3471 410 3504 ι
425 3451 460 3506 Et
470 3450 618 3506 secuudum
633 3462 663 3504 se
673 3447 783 3504 ιιιιιιιι
796 3446 870 3501 illum
882 3446 981 3502 uirtute
995 3460 1003 3500 ι
1015 3460 1157 3501 numemm
1173 3429 1196 3492 C

365 3548 493 3603 adieram
513 3555 542 3602 et
566 3555 672 3615 tempus
695 3543 768 3599 dedit
789 3542 837 3598 illi.
854 3562 863 3594 i
881 3541 990 3598 Crearit
1003 3556 1068 3611 ergo
1089 3542 1160 3597 ileos

362 3640 499 3695 bominem
514 3646 630 3703 rectum,
645 3644 672 3691 et
686 3650 767 3691 sensu
789 3648 822 3689 ae
836 3634 941 3689 ratione
960 3632 1116 3704 pollentem,
1130 3641 1161 3687 ut

361 3728 529 3786 obseruando
540 3726 674 3798 justitiam
690 3725 774 3780 vitam
790 3724 902 3781 liaberet
916 3724 1090 3788 continuarn;
1113 3724 1160 3779 sed

360 3818 424 3890 quia
440 3818 485 3874 ilie
497 3817 645 3873 conditoris
670 3816 711 3871 sui
737 3816 823 3887 legem
844 3830 897 3870 non
913 3813 1095 3880 conservavit,
1110 3828 1160 3884 per

361 3908 572 3965 inobedientiam
594 3908 722 3979 longaevae
744 3906 807 3961 vite
821 3906 940 3976 perdidit
956 3905 1083 3977 gloriam,
1107 3920 1159 3959 nu·

362 4016 520 4071 merumque
533 4000 640 4056 dierum
661 4008 689 4055 et
709 3999 839 4070 temporis
862 3998 981 4069 spatium
1000 3998 1112 4068 accepit,
1131 3997 1159 4051 in

361 4097 460 4166 quibos
471 4094 614 4165 praesentis
633 4094 696 4149 vitm
708 4093 846 4148 clauderet
859 4091 1014 4146 terminum.

400 4187 458 4243 ‹Et
472 4186 544 4243 dedit
563 4186 600 4241 illi
624 4192 784 4255 potestatem
798 4198 894 4239 eorum
915 4195 977 4251 ιιι
997 4186 1061 4237 sunt
1079 4193 1160 4249 super

360 4287 507 4343 ‹terram;
530 4277 622 4347 posuit
644 4277 768 4330 timorem
792 4274 863 4329 illius
882 4284 1083 4343 superomnem
1099 4286 1159 4325 car-

365 4387 375 4420 ι
391 4383 464 4435 nem,
478 4375 505 4423 et
526 4368 680 4423 dominatus
694 4374 737 4422 est
751 4366 900 4421 bestiarum
919 4371 947 4419 ct
966 4362 1130 4418 volatilium.
1146 4381 1156 4414 ι

360 4460 430 4530 Quia
443 4460 571 4515 nimirum
594 4459 620 4513 in
639 4459 691 4513 boc
712 4457 830 4512 niaxirne
853 4456 942 4511 lactus
963 4457 1100 4510 esthemo
1124 4455 1159 4510 ad

362 4554 507 4627 imaginem
534 4553 593 4618 Dei,
615 4552 642 4607 in
664 4565 717 4621 qua
732 4550 962 4606 irrationabilibus
975 4548 1159 4605 animantibus

362 4645 511 4712 ariteeellit,
526 4659 611 4715 capax
630 4642 756 4699 uidelicet
777 4650 804 4697 et
824 4642 938 4698 rationis
959 4642 1095 4707 conditus,
1110 4656 1159 4713 per

362 4752 443 4807 uuam
456 4744 485 4791 et
499 4744 588 4791 creata
601 4749 715 4804 quiaque
740 4734 767 4788 in
783 4734 883 4789 niuudo
905 4739 978 4788 reete
994 4733 1156 4803 gubernare,
1171 4768 1197 4827 D

361 4837 389 4884 et
401 4826 459 4897 ejus
473 4827 518 4897 qui
538 4834 635 4881 cuncta
650 4826 754 4880 creavit
770 4834 863 4894 posset
885 4825 1022 4895 agnitione
1043 4822 1156 4895 perimi,

362 4918 390 4973 ln
408 4933 462 4987 quo
485 4918 589 4972 bonore
614 4916 719 4985 positus
743 4915 766 4969 si
781 4930 835 4969 nou
858 4913 1023 4969 intellexerit
1045 4922 1076 4968 ut
1089 4914 1159 4969 bene

362 5018 435 5083 agat,
455 5008 558 5064 eisdem
582 5006 649 5077 ipsis
673 5004 856 5059 animantibus
883 5003 1038 5068 insensatis,
1062 5003 1160 5073 quibus

361 5101 490 5173 praelatus
513 5107 565 5165 est,
588 5095 802 5170 comparabitur,
820 5095 892 5151 sicut
914 5102 943 5150 et
964 5093 1104 5164 psalmista
1118 5103 1159 5150 te·

366 5200 465 5256 statur,
475 5192 583 5246 dicens:
599 5207 608 5240 ι
624 5188 658 5243 Et
675 5188 829 5244 homocum
852 5186 879 5241 in
901 5185 1004 5241 honore
1016 5194 1090 5241 esset
1106 5200 1160 5240 non

357 5282 509 5345 intellexit,
522 5287 695 5351 comparatus
716 5289 759 5335 est
770 5278 901 5350 jumentis
920 5276 1119 5348 insipientibus,
1132 5282 1160 5329 et

364 5371 463 5428 similis
480 5372 569 5426 sactus
581 5380 623 5427 est
636 5370 688 5425 illis
704 5369 790 5441 (Ριιιι.
803 5370 908 5439 xcviii).
921 5388 930 5420 ι

402 5480 413 5515 ι
427 5460 537 5517 Creavit
550 5477 584 5517 er
598 5463 657 5533 ipso
668 5460 831 5529 adjutorium
847 5459 935 5514 simile
946 5460 1006 5521 sibi,
1015 5458 1158 5514 eorrsilium

357 5573 378 5607 ·ι
390 5561 419 5610 et
441 5552 570 5623 linguam,
585 5560 614 5606 et
636 5551 740 5616 octtlos,
764 5559 792 5604 et
811 5565 892 5604 aures
905 5558 932 5604 et
947 5565 995 5604 cor
1017 5549 1159 5604 dedititiis

367 5663 378 5698 ι
390 5645 572 5717 excogitandi,
586 5651 614 5699 et
624 5640 765 5711 disciplina
779 5641 932 5696 intellectus
942 5640 1056 5711 replevit
1065 5642 1156 5697 illos.»

357 5737 442 5808 Quod
453 5735 552 5792 mulier
563 5735 597 5790 de
610 5732 660 5788 riri
682 5732 768 5787 latere
789 5731 860 5786 laeta
882 5740 934 5795 est,
952 5740 1063 5801 prepter
1078 5732 1162 5801 ipsius

363 5826 624 5899 cotijunetiouisrim
631 5822 872 5879 commendandam
883 5822 920 5877 ita
933 5822 990 5877 fieri
998 5824 1161 5892 oportuisse,

364 5921 528 5977 credendum
550 5927 614 5988 est;
638 5916 711 5988 qnod
736 5925 826 5972 autem
848 5916 999 5971 dormiente
1024 5915 1094 5973 lacta
1106 5926 1160 5983 est,

361 6008 438 6079 paud
451 6025 513 6067 osse
528 6011 653 6067 detracto
664 6007 691 6063 in
706 6005 783 6077 eujus
798 6007 886 6063 toeurn
900 6021 965 6065 caro
977 6008 1159 6079 suppleretur,

1212 2403 1222 2436 ι
1235 2400 1284 2439 ιιι
1303 2384 1420 2450 illorum,
1439 2393 1468 2439 ιι
1480 2384 1550 2440 bona
1572 2395 1599 2441 ct
1618 2385 1689 2441 mala
1701 2386 1824 2441 ostendit
1839 2387 1903 2443 illis.
1918 2386 2006 2443 Posuit

1212 2474 1343 2531 roeidum
1363 2490 1442 2530 suurn
1463 2490 1545 2546 super
1565 2476 1646 2531 eorda
1660 2475 1779 2539 illorum,
1803 2475 1950 2532 ostendere
1961 2476 2007 2530 illis

1213 2566 1371 2635 «magnalia
1395 2581 1507 2635 operum
1531 2582 1653 2631 suorum,
1677 2574 1708 2621 ut
1729 2582 1832 2623 nomen
1859 2567 2005 2623 sanctilra·

1214 2675 1223 2707 ι
1239 2656 1321 2711 tionis
1335 2656 1393 2726 ejus
1408 2656 1578 2722 mllaudeut3
1590 2665 1618 2712 et
1630 2657 1741 2728 gloriari
1757 2656 1784 2711 in
1801 2658 1973 2713 mirabilibus
1981 2656 2007 2711 il

1215 2767 1224 2800 ι
1241 2747 1303 2812 lius,
1320 2753 1350 2801 ut
1365 2747 1498 2817 magnalia
1513 2757 1641 2803 enarrent
1654 2763 1768 2819 operum
1781 2749 1875 2819 ejusa
1891 2750 1960 2818 Quid
1971 2757 2008 2804 est

1215 2838 1286 2910 qriod
1299 2839 1377 2906 dicit,
1391 2857 1400 2890 ι
1414 2840 1484 2895 bona
1496 2848 1523 2896 et
1543 2840 1614 2895 mala
1626 2841 1746 2896 ostendit
1757 2841 1861 2897 illisli
1877 2842 1929 2899 uisi
1944 2842 2007 2913 estod

1211 2934 1267 2988 rim
1281 2933 1454 2989 discernendi
1470 2934 1571 2989 bouum
1584 2942 1612 2990 et
1625 2934 1727 2990 malum
1739 2936 1780 2990 eis
1796 2937 1904 2991 tribuit.
1916 2955 1926 2989 ι
1942 2935 2006 2992 (ler-

1212 3022 1267 3077 lum
1283 3037 1365 3093 super
1378 3023 1461 3081 eorda
1485 3039 1580 3079 eorum
1603 3026 1703 3095 posuit,
1718 3045 1729 3077 ι
1746 3041 1813 3081 cum
1828 3028 1961 3083 rationem
1972 3027 2007 3082 iu·

1213 3116 1347 3183 tellectus,
1363 3118 1434 3174 unde
1458 3132 1473 3171 a
1488 3118 1595 3173 caeteris
1620 3119 1808 3175 animantibus
1828 3120 2006 3185 distarentir

1212 3207 1355 3263 aniuiabus
1365 3222 1458 3262 eorum
1481 3208 1614 3264 excellere
1627 3208 1720 3263 voluit.
1740 3208 1794 3265 unt
1810 3210 1890 3267 ciret
1903 3227 2005 3283 aragus·

1212 3299 1249 3354 lia
1268 3314 1380 3369 opernm
1402 3299 1460 3371 ejus
1482 3314 1657 3372 cognoscere,
1681 3309 1710 3357 et
1734 3317 1838 3359 nornen
1859 3305 2005 3361 sanctitica-

1214 3390 1296 3445 tionis
1309 3390 1368 3461 ejus
1380 3390 1545 3457 collaudare,
1560 3400 1588 3447 et
1603 3406 1686 3462 opera
1700 3392 1760 3465 ejus
1781 3394 1939 3467 glorificare
1952 3413 2005 3469 por·

1211 3484 1326 3540 sibilitas
1338 3484 1400 3539 data
1411 3493 1462 3541 est.

1250 3618 1259 3651 ι
1274 3598 1384 3655 aedidit
1399 3598 1454 3655 illis
1476 3598 1658 3672 disciplinam,
1673 3608 1701 3655 et
1716 3599 1806 3673 legem
1820 3602 1905 3668 ritae;
1926 3602 2002 3658 bere

1214 3709 1223 3741 ι
1239 3688 1336 3744 ditarit
1349 3689 1402 3745 illis
1416 3697 1606 3745 testamentum
1628 3698 1771 3746 aeternum.
1787 3690 2001 3748 constituimur

1214 3783 1290 3840 «illis
1309 3791 1336 3839 et
1359 3783 1503 3855 justitiam,
1528 3791 1558 3839 et
1569 3783 1671 3855 judicia
1695 3800 1746 3839 sua
1759 3786 1887 3843 ostendit
1910 3785 2004 3852 illisit

1214 3895 1223 3928 ι
1238 3875 1373 3947 magnalia
1387 3876 1500 3931 honoris
1521 3874 1580 3947 clus
1595 3875 1664 3930 ridit
1678 3876 1775 3932 oeidus
1800 3893 1908 3943 eorum,
1922 3888 1949 3933 et
1960 3877 2003 3933 lo·

1215 3988 1224 4019 ι
1241 3983 1334 4024 norem
1347 3968 1422 4024 vocis
1437 3968 1582 4024 audierunt
1592 3983 1673 4024 aures
1685 3967 1807 4034 illomm,
1820 3978 1849 4025 et
1861 3970 1932 4026 dixit
1942 3969 2001 4025 illis:

1214 4059 1376 4115 «Attendite
1396 4058 1472 4114 robis
1491 4059 1526 4114 ab
1546 4059 1620 4113 omni
1643 4060 1747 4131 iniquo,
1760 4067 1792 4115 et
1806 4061 1947 4116 mandarit
1960 4060 2003 4116 iltis

1214 4171 1223 4202 ι
1237 4149 1382 4219 unicuique
1397 4148 1431 4203 de
1445 4149 1663 4219 proximemus
1681 4147 1864 4220 Disciplinam
1885 4159 1915 4205 ct
1927 4150 2003 4221 legen

1212 4241 1256 4296 bie
1266 4249 1313 4294 ιιιι
1326 4239 1479 4294 naturalem
1494 4237 1581 4311 legem
1603 4237 1733 4312 intellige,
1748 4254 1835 4311 uuam
1859 4240 2003 4298 mutuat

1211 4331 1284 4385 omni
1298 4330 1411 4396 lroudni,
1425 4335 1455 4384 ut
1467 4343 1516 4399 per
1530 4329 1615 4398 ipsam
1626 4342 1675 4383 suo
1688 4328 1874 4399 subjiceretur
1887 4330 2002 4393 creatori,

1211 4431 1238 4478 ct
1253 4423 1385 4478 bonomm
1406 4434 1519 4489 operum
1543 4418 1780 4474 honorificentiam
1807 4421 1834 4475 in
1863 4422 2002 4493 semetipse

1211 4512 1370 4576 custodiret,
1385 4519 1415 4565 ut
1426 4510 1576 4582 prudenter
1589 4510 1700 4582 etjuste
1720 4518 1749 4565 et
1762 4511 1889 4568 modeste
1903 4520 1931 4569 et
1943 4521 2002 4567 tem·

1210 4612 1339 4675 peranter
1352 4602 1425 4657 ιιιιιι
1451 4611 1570 4672 tempore
1583 4600 1645 4656 ritae
1667 4616 1724 4656 suae
1736 4600 1765 4656 in
1780 4602 1834 4659 hoc
1857 4607 1958 4661 mundo
1969 4602 2000 4658 ri·

1211 4701 1299 4759 reret,
1319 4704 1367 4748 aut
1378 4691 1464 4763 legem
1474 4690 1581 4754 litterae,
1594 4705 1676 4761 quam
1691 4691 1725 4745 ad
1742 4694 1944 4749 correctionem
1954 4707 2001 4748 me

1210 4801 1270 4841 rum
1293 4784 1368 4840 etad
1388 4783 1585 4852 reparationem
1602 4781 1708 4839 abolitae
1733 4781 1804 4855 legis
1830 4786 1931 4855 prisce
1946 4798 2000 4840 cor-

1209 4877 1292 4932 seribi
1304 4874 1442 4942 decrerit;
1456 4876 1508 4930 hoc
1520 4875 1591 4929 euim
1603 4883 1631 4930 ct
1644 4874 1687 4930 lex
1704 4877 1849 4945 naturalis,
1866 4889 1895 4933 et
1915 4878 1954 4934 lex
1966 4876 2000 4930 lit·

1210 4974 1275 5020 term
1288 4964 1436 5029 insinuant,
1450 4972 1479 5018 ut
1491 4964 1574 5019 ileum
1588 4979 1622 5019 ιι
1637 4972 1695 5020 toto
1717 4966 1812 5032 eorde,
1838 4975 1896 5024 tota
1910 4967 1996 5027 anina.
2047 5005 2049 5010 ·

1211 5053 1381 5108 aeterniate
1403 5052 1558 5124 arrigamus,
1580 5061 1609 5108 et
1633 5054 1692 5126 erus
1715 5056 1848 5111 mareau
1870 5058 1898 5113 ιι
1920 5057 1998 5113 ιιι
2046 5037 2049 5148 j

1212 5145 1287 5199 cuttu
1301 5153 1328 5198 et
1343 5144 1461 5216 proximi
1473 5145 1559 5201 nostri
1572 5144 1716 5202 dilectione
1727 5149 1928 5206 custodiamus

1251 5303 1261 5332 ι
1276 5280 1332 5336 Viae
1346 5280 1455 5336 illorum
1472 5296 1564 5337 coram
1580 5282 1640 5352 ipso
1656 5290 1719 5339 sunt
1746 5298 1933 5354 semper,nou
1946 5289 1994 5339 sart

1216 5393 1225 5425 ι
1239 5374 1379 5427 absconsae
1391 5372 1426 5427 ab
1450 5371 1537 5429 oeulis
1560 5372 1677 5443 ipsius.»
1707 5372 1763 5428 ιιι
1783 5374 1860 5430 enirn
1873 5375 1995 5432 Ιιοιιιιιιι

1210 5471 1277 5518 sum
1300 5460 1452 5517 uoluntates
1479 5471 1508 5517 ιι
1534 5463 1656 5519 actiones
1682 5461 1803 5530 tttorum,
1831 5479 1895 5535 qua
1918 5465 1995 5530 usqu

1213 5552 1378 5624 agnitionem
1394 5552 1442 5607 Ilei
1457 5567 1510 5608 non
1530 5551 1627 5618 latent,
1642 5554 1772 5624 quoniam
1786 5555 1881 5609 omnia
1900 5553 1995 5610 ιιιιιιιι

1215 5654 1310 5715 aperta
1325 5652 1390 5700 sunt
1407 5645 1492 5700 oeulis
1503 5645 1572 5717 ejus.
1598 5645 1674 5703 Unde
1687 5661 1736 5717 per
1760 5647 1930 5718 psalmistam
1942 5642 1995 5700 iliri-

1215 5748 1302 5793 turzi
1325 5738 1454 5793 Dominus
1475 5740 1551 5794 norit
1571 5738 1749 5811 cogitationes
1771 5739 1922 5805 homiuum,
1941 5751 1995 5808 w·

1214 5828 1286 5883 niam
1300 5842 1376 5883 rana
1389 5835 1452 5882 sunt
1467 5827 1554 5893 (Prot.
1567 5829 1676 5896 terail.»
1691 5828 1820 5888 Attamen
1844 5844 1936 5888 eorum
1946 5838 1993 5882 ιι·

1213 5920 1286 5974 xime
1301 5918 1360 5973 rias
1384 5919 1467 5981 norit,
1491 5934 1606 5988 quorum
1619 5920 1742 5978 aetiooes
1759 5919 1994 5994 probatem·

1212 6024 1259 6065 eos
1270 6008 1398 6080 ignorare
1414 6007 1522 6076 dicitm,
1537 6023 1652 6079 quorum
1666 6025 1749 6083 opera
1771 6014 1909 6084 reprotrat
1930 6003 1994 6067 uite
