4709 6767
412 781 447 838 95
729 776 759 835 B.
781 776 907 834 lldllle
926 773 1036 831 tiebat
1053 771 1212 827 Ancillae.
1232 770 1387 828 ttoeunt.
1407 769 1549 827 otendit
1567 766 1657 826 tuns
1675 768 1696 823 1.
1996 771 2031 827 bd

409 901 512 956 tutum,
527 890 665 962 sangttinis
684 887 744 957 ejas
757 884 882 955 paratim
896 882 1031 938 desiderat
1042 881 1192 952 percipere.
1207 885 1232 946 ,ι
1245 879 1339 935 cersiri
1351 876 1442 947 jussit,
1467 895 1529 936 cum
1546 878 1748 951 praedestinatio
1757 890 1784 936 et
1798 884 1967 950 praescientia
1983 884 2032 942 bct

410 981 479 1048 Quid
494 988 583 1034 autem
598 977 731 1049 significat
745 976 815 1044 qnod
827 974 910 1028 David
924 987 988 1027 vasa
1004 986 1085 1025 aurea
1105 979 1134 1024 et
1146 985 1193 1026 ar·
1244 983 1316 1033 eum,
1330 983 1412 1038 quem
1429 969 1464 1024 ad
1475 969 1567 1025 saeculi
1580 965 1730 1025 ministeria
1745 978 1773 1025 et
1791 969 1926 1027 mundana
1949 989 2033 1047 mgn-

409 1079 506 1141 genten
527 1077 608 1138 atque
637 1082 707 1121 aerea
721 1080 781 1133 qnae
795 1065 893 1118 tulerat
912 1062 945 1118 de
970 1062 1105 1117 unitersis
1127 1076 1193 1127 qen·
1244 1059 1282 1114 tia
1293 1058 1445 1114 exercenda
1458 1059 1583 1118 mamone
1596 1068 1624 1114 et
1638 1057 1743 1114 actione
1757 1056 1872 1115 debilem
1885 1060 2032 1133 conspicit,
2095 1069 2099 1075 '

407 1161 482 1215 tibus
515 1156 692 1214 sanctificarit
720 1154 855 1217 Domino,
896 1151 947 1208 nisi
975 1151 1046 1220 quod
1069 1147 1194 1205 Christus
1244 1149 1279 1204 ad
1293 1150 1412 1208 divinum
1429 1151 1608 1206 ministerium
1623 1147 1704 1222 elegit
1720 1168 1726 1205 :
1742 1147 1805 1221 qnia
1819 1164 1899 1221 quem
1914 1153 2034 1212 mundus

409 1263 503 1303 omnes
528 1260 597 1316 quos
623 1245 656 1299 de
686 1242 820 1299 universis
845 1242 971 1310 gentibus
997 1244 1131 1294 courocat
1158 1237 1195 1292 ad
1244 1255 1293 1312 per
1306 1239 1406 1296 lutum
1424 1239 1549 1296 elationis
1574 1240 1698 1312 spernit,
1726 1241 1799 1295 bunc
1825 1240 1897 1296 licus
1918 1250 2033 1313 propter

408 1339 488 1394 tidem
507 1352 593 1398 tuem.
609 1334 677 1390 alios
691 1333 750 1388 00ῐί
775 1331 844 1396 1000.
860 1332 912 1386 Ι100
924 1338 976 1395 etl.
1003 1343 1086 1390 ,80080
1113 1324 1194 1398 stilti·
1243 1330 1412 1389 devotionem
1427 1331 1587 1388 humilitatis
1601 1332 1726 1401 acquirit.
1749 1330 1946 1402 Interpretatur
1957 1333 2032 1391 enim

409 1428 473 1483 tuali
489 1427 642 1498 praeclaros,
658 1425 726 1479 alios
751 1423 865 1494 argenti,
881 1422 934 1476 boc
963 1431 1017 1486 cst,
1031 1420 1193 1497 eloquentiae
1245 1418 1421 1493 llipbibosctlr
1436 1420 1469 1476 de
1481 1437 1526 1475 ore
1547 1421 1702 1491 ignominia.
1718 1419 1744 1475 ls
1757 1436 1821 1491 ergo
1833 1420 1909 1490 cujus
1934 1421 2033 1493 loque-

409 1518 499 1572 nitore
509 1515 689 1585 splendentes,
716 1512 784 1567 alios
804 1526 869 1566 reru
894 1509 1090 1580 praedicatione
1103 1505 1196 1566 diviua
1244 1513 1298 1570 lam
1310 1522 1336 1568 et
1351 1512 1522 1582 praeentiam
1533 1511 1658 1582 superbia
1670 1511 1764 1565 mundi
1778 1509 1903 1581 despicit,
1919 1512 1967 1566 liei
1984 1513 2033 1568 ‹lo-

409 1621 521 1663 sonoros
535 1605 670 1675 signiticat
693 1602 817 1665 lietuino,
832 1608 860 1654 nt
886 1600 913 1653 in
932 1597 1105 1653 tabernaculo
1126 1595 1194 1652 lide·
1244 1617 1281 1656 ιιι)
1293 1601 1366 1658 utilis
1380 1600 1414 1655 ad
1428 1599 1567 1672 spirituale
1579 1600 1759 1656 ministerium
1770 1600 1797 1655 in
1810 1599 1930 1656 Ecclesia
1946 1617 2033 1672 appa-

410 1698 473 1752 liter
487 1695 687 1757 deservientes,
702 1692 786 1763 ipsius
800 1688 951 1746 ministerio
964 1689 991 1744 in
1005 1679 1195 1756 aeternumde·
1245 1690 1325 1745 rebit.
1350 1691 1419 1759 Quid
1446 1701 1489 1747 est
1502 1706 1567 1763 ergo
1590 1691 1661 1761 quod
1681 1687 1765 1746 David
1789 1689 1895 1757 Sibam,
1922 1709 2032 1749 serrum

409 1787 565 1843 certissime
577 1784 782 1855 perfungantur.
1246 1778 1321 1845 Saul,
1336 1780 1369 1834 de
1381 1780 1468 1850 stirpe
1475 1777 1540 1835 Saul
1553 1780 1709 1850 ιιιιτεειιιιιιι,
1724 1795 1757 1834 eo
1771 1780 1919 1847 revelante,
1935 1779 2033 1852 llipbl-

447 1896 457 1929 r
478 1875 554 1931 Fecit
568 1890 674 1945 quaque
687 1874 739 1929 sibi
762 1872 846 1928 bavid
859 1885 969 1936 nomen,
995 1880 1058 1926 cum
1076 1875 1197 1925 retute-
1244 1870 1339 1926 boseth
1356 1871 1469 1938 iurauit,
1482 1866 1533 1925 nisi
1558 1871 1630 1940 quod
1650 1868 1815 1942 Redemptor
1829 1878 1921 1928 noster
1933 1874 2033 1929 electa·

413 1984 422 2018 ι
445 1974 530 2030 retur,
544 1973 622 2034 capta
635 1962 712 2035 Syria
722 1963 751 2019 iu
761 1961 829 2018 valle
840 1960 993 2018 Salinarum
1008 1960 1087 2018 cesis
1101 1960 1195 2016 decem
1245 1972 1305 2015 rum
1318 1971 1459 2016 numerum
1480 1956 1649 2017 discutiendo
1661 1960 1734 2016 inter
1746 1971 1794 2017 eos
1821 1962 1867 2032 qul
1881 1963 2030 2034 contempti

413 2073 422 2107 ι
446 2064 545 2111 etocto
569 2052 696 2117 millibus,
715 2072 726 2105 r
743 2060 892 2107 eteetera.
919 2047 974 2123 (Fa
992 2046 1127 2122 ideireo.)
1142 2048 1195 2105 Fe·
1245 2048 1373 2105 mundum
1389 2048 1566 2120 reliquerunt,
1580 2050 1615 2105 ad
1629 2049 1861 2106 sereniteiecitl
1881 2052 2033 2109 Sibaenim

410 2146 480 2199 cisse
492 2144 545 2199 sibi
558 2156 656 2198 nomeu
680 2142 789 2205 dicitur,
803 2139 903 2211 quiain
934 2137 1003 2195 valle
1028 2136 1193 2202 Salinarum,
1245 2133 1442 2210 egresrssrenit
1463 2140 1665 2210 iuterpretatur.
1681 2139 1866 2210 iuterrogatus
1888 2157 1953 2213 ergo
1966 2142 2032 2198 Siba

410 2235 489 2290 casis
513 2234 606 2288 decem
631 2240 658 2287 et
671 2241 732 2287 octo
746 2228 872 2293 millibus,
891 2226 977 2285 erexit
994 2227 1046 2285 eibi
1062 2227 1192 2284 iornleem
1207 2232 1259 2292 Ba
1274 2245 1345 2303 rege,
1375 2228 1554 2302 lliphibosetb
1573 2230 1658 2286 libum
1681 2225 1805 2289 lonathae
1830 2233 1858 2289 iu
1882 2234 1962 2292 domo
1977 2235 2034 2292 lla-

410 2324 611 2394 triumphalem.
630 2322 707 2378 Fecit
730 2321 812 2378 etiam
829 2320 882 2377 sibi
909 2333 1018 2385 nomem
1038 2318 1101 2389 quia
1122 2318 1196 2374 ricta
1247 2321 1307 2377 ebir
1329 2319 1376 2377 ilii
1391 2320 1507 2378 dmmiel
1527 2323 1554 2378 in
1566 2317 1691 2379 Lodabar
1703 2338 1764 2380 esse
1790 2326 1938 2397 respoudit.
1966 2327 2032 2396 Quae

410 2415 489 2486 Syria
501 2415 635 2479 bantasd,
652 2420 681 2469 et
692 2410 770 2486 Syria
793 2407 878 2477 Soba,
888 2408 1010 2465 erexisse
1023 2407 1083 2465 'sibi
1096 2408 1197 2464 dieitur
1246 2426 1291 2470 res
1304 2412 1431 2487 presenti
1454 2415 1615 2487 expositioni
1633 2415 1701 2473 berre
1717 2420 1853 2473 convenit.
1867 2419 2034 2491 interpreta-

410 2505 522 2560 alteram
541 2503 673 2560 ioruicem
698 2500 1076 2573 incantamentorum
1092 2502 1195 2566 noret,
1246 2504 1370 2561 turonim
1382 2503 1485 2561 llacbir
1496 2505 1668 2570 undenarel
1681 2506 1713 2560 de
1723 2506 1891 2577 infirmitate·
1903 2509 2032 2577 Ammiel,

408 2596 484 2667 quod
503 2595 530 2650 in
557 2594 695 2664 plerisque
720 2593 879 2649 Latinorum
902 2591 1041 2647 codicibus
1059 2585 1197 2674 iuxeultut·
1245 2593 1422 2665 populerejss
1437 2594 1675 2661 Dearrledabar,
1690 2595 1745 2666 ipae
1769 2597 1883 2652 neriam.
1911 2598 2032 2671 lienique

412 2686 495 2742 David
518 2701 573 2740 nou
586 2685 679 2740 decem
694 2691 721 2739 et
733 2683 795 2739 octo
806 2681 889 2737 millia
904 2681 932 2737 in
945 2679 1015 2736 valle
1027 2675 1195 2747 Salinarum,
1246 2681 1332 2737 barid
1354 2689 1448 2737 noster
1472 2683 1689 2753 contemptibiles
1711 2681 1791 2752 hujus
1817 2686 1920 2752 ruendi,
1945 2697 1972 2743 et.
1996 2702 2030 2743 ea

410 2778 458 2834 sed
487 2775 627 2833 duodecim
651 2773 735 2832 millia
757 2775 896 2838 cecidisse,
925 2773 1034 2830 noverit
1060 2773 1114 2830 boc
1128 2773 1197 2830 vitio
1246 2787 1372 2844 quenon
1386 2781 1449 2828 sunt
1464 2773 1585 2844 eligens,
1599 2780 1629 2828 ut
1649 2788 1682 2829 ea
1709 2787 1769 2845 qnae
1789 2785 1853 2831 sum
1870 2773 2033 2848 destructi!

410 2867 578 2938 Scriptorum
593 2868 620 2921 in
644 2866 746 2922 eisdem
760 2866 899 2921 codicibus
912 2864 1036 2920 molitum
1061 2879 1131 2920 esse.
1145 2864 1198 2920 lle-
1247 2861 1308 2917 lior.
1325 2861 1356 2935 r),
1373 2878 1422 2919 eos
1433 2864 1582 2921 vendibiles
1595 2865 1695 2920 mundo
1706 2874 1733 2920 et
1750 2866 1776 2920 ln
1792 2865 1950 2925 intirmitatc
1963 2885 2032 2925 con-

378 2959 388 2966 '
412 2957 512 3014 raciter
525 2966 615 3009 tamen
629 2949 713 3009 liarid
736 2955 763 3007 in
775 2954 870 3008 eadem
887 2952 956 3008 valle
974 2952 1131 3007 Salinarum
1150 2952 1197 3007 de·
1247 2953 1367 3019 stitutos,
1382 2953 1541 3024 reperiendo
1554 2951 1652 3025 populo
1672 2967 1721 3011 suo
1741 2954 1847 3026 digrrm,
1864 2958 1946 3012 verbo
1963 2973 2033 3028 prae·

410 3062 471 3103 cem
485 3054 513 3101 et
525 3053 588 3101 octo
598 3043 682 3099 millia
693 3043 801 3109 cecidit,
814 3040 880 3098 loab
906 3056 970 3098 vero
982 3033 1125 3096 duodecim
1137 3039 1198 3094 mil·
1247 3041 1390 3097 dicationis
1404 3041 1508 3108 ascivit,
1520 3044 1614 3113 eisque
1628 3044 1732 3116 regium
1756 3045 1888 3101 bonorem
1913 3046 1985 3101 inter
1998 3048 2031 3101 ti·

410 3133 459 3198 lia,
473 3133 544 3187 sicut
557 3133 584 3188 in
599 3132 677 3188 titulo
691 3128 908 3203 quinquagesimi
919 3129 1008 3185 octavi
1020 3128 1117 3200 psalmi
1128 3129 1197 3184 scri·
1248 3131 1299 3187 lios
1312 3129 1413 3187 babere
1426 3133 1570 3189 concessit.
1594 3132 1673 3190 Unde
1697 3142 1725 3189 et
1736 3133 1820 3191 David
1833 3151 1913 3208 agros
1930 3136 1993 3192 Saul
2005 3145 2033 3192 et

411 3226 493 3282 bitur.
506 3225 575 3294 Quid
591 3226 618 3280 in
634 3238 788 3295 percussae
803 3222 887 3279 David
902 3219 1198 3277 multitudineiutalle
1248 3222 1359 3279 servitia
1391 3221 1571 3294 bliphibosetb
1595 3226 1708 3292 donans,
1736 3227 1824 3296 ipsum
1850 3228 2032 3300 tttptnibasem

402 3313 566 3374 Salinarum
590 3316 756 3387 designatur,
771 3315 824 3370 nisi
840 3313 902 3385 qnia
929 3312 1092 3381 Redemptor
1104 3319 1198 3367 noster
1247 3314 1386 3369 counitam
1401 3330 1480 3370 suum
1490 3330 1571 3387 super
1585 3331 1707 3374 mensam
1728 3333 1805 3374 suam
1820 3319 1900 3374 simul
1921 3335 1983 3377 carm
2001 3312 2033 3376 d·

411 3407 453 3462 sui
469 3407 603 3463 examinis
631 3406 811 3470 districtione,
827 3404 854 3459 iu
870 3404 912 3460 bis
930 3399 977 3474 qui
1003 3402 1036 3458 de
1050 3401 1096 3458 illo
1107 3415 1194 3473 prava
1247 3399 1292 3458 llis
1302 3418 1361 3458 esse
1374 3404 1512 3473 praecepit.

411 3496 543 3562 sentiunt,
558 3495 698 3551 stultitiam
713 3492 881 3550 immoderati
902 3491 1007 3562 soporis
1023 3490 1196 3562 exstinguit?
1285 3492 1353 3560 Quia
1378 3495 1535 3552 mediatoris
1562 3497 1647 3552 nostri
1674 3501 1771 3567 gratia,
1796 3513 1856 3569 quae
1882 3499 2032 3555 secundnm

413 3584 491 3639 Unde
514 3593 542 3639 et
568 3598 617 3655 per
634 3582 778 3655 quemdam
801 3582 950 3653 sapientem
978 3580 1096 3635 diciturt
1115 3599 1125 3632 r
1141 3580 1195 3637 Cor
1208 3584 1232 3647 c
1247 3580 1456 3652 llarieerocem,
1472 3604 1482 3637 ι
1499 3587 1623 3656 deposuit
1644 3596 1769 3659 potentes
1786 3590 1819 3645 de
1830 3589 1904 3653 sede,
1917 3590 2033 3645 etexal-

412 3672 750 3728 durummalehabebitin
771 3672 930 3738 novissimo,
943 3670 1030 3740 etqui
1044 3671 1198 3742 amatperi·
1246 3673 1315 3728 tavit
1341 3674 1455 3731 humiles
1485 3675 1560 3749 (Lac.
1583 3676 1619 3749 ι),
1652 3697 1663 3732 ι
1692 3687 1730 3743 et,
1759 3678 1836 3748 juxta
1863 3681 2032 3750 prophetiam

413 3760 514 3827 culum,
529 3762 556 3815 in
569 3759 615 3818 illo
626 3761 724 3831 peribit
735 3759 820 3833 (Feci.
833 3761 886 3830 m).
902 3778 914 3814 ι
1246 3762 1343 3831 Annae,
1360 3781 1370 3816 ι
1388 3766 1522 3822 suscitans
1547 3766 1582 3822 de
1598 3768 1710 3837 pulvere
1726 3782 1852 3840 egenum,
1867 3779 1895 3824 et
1912 3772 1944 3825 de
1962 3782 2033 3825 ster·

448 3867 461 3903 r
482 3848 544 3905 Filii
555 3858 644 3906 autern
662 3849 746 3905 David
759 3851 912 3906 sacerdotes
925 3855 1014 3905 erant.
1034 3868 1045 3903 ι
1247 3864 1312 3910 core
1328 3855 1408 3927 erigit
1420 3870 1577 3927 pauperem,
1601 3865 1631 3912 ιιι
1648 3859 1741 3913 sedeat
1764 3875 1826 3914 cum
1851 3860 2030 3931 principibus,

1246 3951 1274 3996 et
1285 3942 1383 3998 solium
1397 3943 1488 4014 glorie}
1503 3953 1594 4000 teneat
1605 3944 1631 4016 (t
1652 3945 1716 4017 ileg.
1729 3946 1772 4019 ιι),
1788 3966 1798 4002 ι
1815 3950 2033 4018 contemptibiles

706 4001 820 4059 CAPUT
848 4000 893 4056 'x‘
1246 4048 1376 4104 personas
1390 4035 1423 4090 de
1437 4036 1538 4092 mundo
1557 4037 1692 4104 auterens,
1716 4052 1885 4108 possessores
1900 4039 2033 4098 uirtutum

412 4111 664 4188 Qsemurnpietatis
677 4116 822 4171 exhibuerit
835 4114 921 4171 Darid
937 4109 1121 4187 Fipdibareti,
1140 4115 1197 4186 filio
1245 4119 1336 4188 elilrit,
1349 4131 1378 4178 et
1393 4124 1506 4179 seientia
1523 4126 1656 4197 spirituali
1669 4140 1750 4197 super
1762 4141 1883 4183 mensam
1906 4127 2024 4200 Scriptu-

671 4186 794 4241 JW'W
807 4185 914 4241 “mm
1247 4225 1339 4266 rarum
1356 4220 1510 4269 sanctarum
1520 4215 1641 4284 quotidie
1653 4230 1744 4271 secum
1763 4215 1862 4272 reicit.
1882 4217 1960 4273 Unde
1971 4232 2026 4274 ere

448 4321 524 4395 (cm
541 4322 591 4395 ¹¹.)
612 4341 622 4376 t
644 4323 679 4378 Eg
699 4323 863 4380 diximum
879 4342 886 4379 :
902 4324 1021 4381 putasne
1038 4331 1081 4381 εει
1098 4323 1197 4396 ‚liquis
1247 4301 1297 4368 nil,
1322 4310 1353 4357 ιιι
1377 4302 1445 4359 iales
1470 4304 1589 4359 sobolem
1612 4307 1730 4377 gignant,
1755 4322 1814 4377 qum·
1837 4308 2028 4377 interpretatur

414 4433 424 4469 4
446 4416 493 4485 qui
506 4417 666 4472 remanserit
679 4417 712 4472 de
727 4417 807 4472 domo
821 4416 899 4484 gaug,
923 4418 954 4473 ug
967 4417 1067 4475 swam
1082 4434 1144 4474 cum
1161 4433 1196 4475 ω
1246 4392 1343 4451 llieba.
1362 4395 1451 4449 dliclm
1477 4396 1550 4453 enlm
1564 4398 1623 4467 quir
1645 4408 1683 4452 est
1706 4398 1755 4453 iste
1781 4397 1876 4454 Latine
1898 4408 2029 4454 resormt.

412 4524 423 4558 ,
445 4505 656 4562 mqmjwnqam
671 4515 782 4576 promer
802 4505 957 4563 gumane
972 4508 1038 4563 Em
1052 4517 1143 4564 amem
1161 4508 1197 4565 de
1246 4483 1309 4552 quia
1334 4482 1490 4554 bequenter
1514 4485 1541 4541 iu
1556 4487 1761 4543 admirationem
1783 4488 1873 4558 populi
1889 4488 1958 4543 tales
1983 4504 2024 4544 re·

414 4613 424 4646 4
446 4595 527 4652 domo
541 4595 607 4651 gaug
628 4611 722 4652 m,
743 4598 853 4653 nomine
870 4597 944 4655 sp„⁸
962 4598 1049 4668 Quem
1063 4616 1128 4656 cum
1144 4616 1195 4655 w,
1245 4577 1332 4639 aiunt,
1347 4577 1394 4646 qui
1405 4592 1490 4647 nuper
1509 4578 1543 4632 de
1559 4579 1686 4650 despectu
1712 4580 1804 4636 mundi
1821 4581 1902 4637 ablati
1919 4580 2027 4653 gloriosi

412 4695 530 4745 «casser
542 4702 591 4744 rex
610 4689 644 4744 aa
660 4703 700 4755 se,
715 4689 784 4746 urxrc
795 4690 820 4746 a
835 4708 843 4745 :
857 4691 934 4749 runs
957 4693 1196 4751 seruaturus
1246 4664 1275 4719 ⁵¹¹
1289 4664 1409 4721 Eidffilt
1424 4665 1471 4721 ιιι
1483 4666 1553 4722 0000
1565 4670 1742 4738 apparemus.

412 4797 424 4830 ι
446 4779 605 4850 respondit:
629 4779 686 4853 Ego
714 4796 773 4835 sum
798 4792 894 4837 servus
921 4789 995 4839 tuus.
1019 4777 1055 4838 Et
1071 4777 1109 4839 ait
1122 4796 1170 4840 rex
1186 4798 1194 4838 ι
1547 4798 1661 4859 gqup
1674 4800 1707 4856 pq,

410 4887 421 4919 r
445 4869 570 4941 Nunquid
583 4879 705 4941 superest
715 4871 812 4942 aliquis
824 4873 858 4928 de
870 4872 950 4929 ιιοιιιο
964 4872 1039 4939 Saul,
1054 4884 1084 4930 ut
1095 4874 1194 4930 faciam
1207 4913 1234 4973 D

606 4959 612 4972 .
661 4960 667 4972 .
736 4960 742 4972 .
842 4959 848 4972 .
909 4960 944 4973 „
1056 4962 1063 4975 ,
1160 4964 1167 4977 ,
1246 4905 1286 4962 De
1296 4925 1383 4979 pirges
1401 4909 1487 4965 David
1500 4921 1591 4966 contra
1606 4910 1717 4965 Αιιιιιιοιι
1739 4927 1822 4979 reqem
1847 4910 1931 4977 lilium
1968 4912 2027 4965 dna-

412 4978 422 5011 ¹
443 4976 505 5016 ⁰⁰¹⁰
519 4975 553 5015 ⁰⁰
577 4960 788 5016 ffl¹aef¹⁰⁰ld¹²¹¹¹
801 4959 871 5014 ⁰0¹²
886 4960 1012 5031 Dixitque
1034 4962 1098 5018 sm
1111 4979 1167 5036 1⁰8¹
1183 4980 1191 5032 ἱ
1282 4996 1352 5044 eron,
1363 4996 1393 5033 eo
1405 4981 1474 5051 quod
1487 4981 1703 5036 deboemtaeistet
1716 4981 1820 5034 narttt'os
1832 4980 1918 5033 llarid
1936 4982 2028 5035 missos

410 5066 422 5099 ι
444 5047 573 5117 Superest
586 5046 657 5102 iilius
667 5044 814 5112 lonatban,
827 5046 924 5104 debilis
936 5050 1060 5119 pedibus.
1080 5071 1090 5107 ι
1281 5048 1316 5101 ad
1334 5066 1371 5103 re.

443 5135 513 5192 Ecce
526 5135 612 5191 uarie
626 5150 680 5192 non
693 5134 950 5205 oblitusjuramenti
965 5153 997 5195 ac
1013 5139 1190 5210 ioederissui,
1282 5139 1358 5210 (en.
1377 5140 1417 5210 x.)
1439 5158 1448 5192 ι
1469 5139 1581 5195 Factum
1602 5148 1645 5196 est
1658 5148 1747 5196 autem
1762 5147 1822 5210 post
1836 5141 1905 5203 bec,
1929 5147 1959 5193 ιιι
1972 5155 2026 5194 010

408 5230 479 5298 quod
493 5243 554 5283 cum
569 5226 685 5284 inuatba
698 5228 762 5284 olim
775 5229 913 5301 pepigerat
930 5229 958 5302 (ι
972 5229 1038 5302 Reg.
1054 5232 1122 5304 xxi:
1145 5234 1193 5291 sed
1249 5247 1259 5282 ι
1278 5239 1383 5285 reretur
1396 5245 1443 5285 rex
1467 5228 1593 5295 Ammon,
1615 5237 1644 5286 et
1665 5239 1792 5302 regnaret
1815 5229 1929 5285 Ammon
1958 5230 2029 5286 lilius

408 5318 630 5385 irrisericordiam,
645 5335 726 5389 quam
743 5320 812 5389 patri
837 5321 1009 5390 promiserat,
1027 5319 1149 5393 implevit
1163 5324 1191 5379 in
1249 5336 1259 5371 ι
1282 5317 1342 5388 eius
1356 5334 1406 5389 pre
1417 5329 1460 5373 eo.
1476 5318 1603 5387 Dixitque
1628 5319 1711 5375 llarid
1727 5336 1735 5373 s
1750 5318 1861 5373 Faciam
1875 5318 2019 5374 misericor

408 5407 473 5463 illio.
490 5409 611 5476 Quaeres
626 5418 653 5464 et
670 5410 825 5465 tidelitatem
843 5411 966 5480 probarit
991 5413 1138 5469 secundum
1152 5415 1193 5470 hi.
1247 5425 1257 5461 ι
1277 5409 1350 5465 diam
1360 5422 1422 5463 eum
1434 5406 1548 5463 Ammon
1563 5407 1619 5463 illio
1629 5408 1711 5474 Naas,
1725 5408 1795 5463 sicut
1808 5407 1872 5463 iecit
1880 5416 1958 5476 pater
1970 5409 2030 5479 ejus

406 5499 520 5555 storiam
548 5501 576 5555 in
603 5500 670 5567 viro,
686 5509 713 5556 et
740 5508 908 5558 sacramenta
930 5500 1009 5571 iuxta
1035 5504 1192 5576 allegoriam
1247 5514 1384 5556 «mecum
1398 5497 1619 5563 misericordiam,
1638 5518 1648 5551 ι
1666 5507 1719 5553 etc.
1734 5497 1928 5568 Quandolugit
1943 5498 2028 5552 David

406 5591 525 5646 ostendit
538 5592 565 5647 iu
580 5590 661 5647 lacui.
681 5591 758 5663 Sape
774 5593 846 5649 enim
860 5593 961 5650 dictum
975 5602 1017 5650 est
1029 5597 1115 5652 liarid
1132 5611 1194 5668 per·
1244 5591 1342 5649 aiacic
1355 5590 1439 5646 Aciris
1455 5590 1527 5661 regis
1537 5589 1618 5656 Gebt,
1629 5589 1703 5645 venit
1718 5589 1752 5644 ad
1766 5588 1837 5645 Naaa
1854 5604 1945 5659 regem
1963 5589 2029 5643 Arn-

407 5694 503 5734 sonam
514 5679 613 5736 Christi
628 5680 754 5751 figurare,
779 5698 829 5738 nec
843 5699 896 5739 uon
920 5693 949 5738 et
964 5683 991 5738 iu
1005 5686 1193 5756 superioribus
1243 5698 1317 5748 mon,
1333 5682 1379 5752 qul
1393 5682 1573 5737 lecitcumee
1587 5680 1799 5735 misericordiam
1826 5678 1948 5743 multam,
1973 5680 2027 5734 im-

406 5779 646 5825 enmmemoratum
660 5779 702 5826 est
714 5769 860 5839 lunatban,
883 5774 929 5843 qni
942 5774 1135 5844 interpretatur
1147 5792 1193 5831 co-
1242 5772 1362 5844 partiens
1372 5771 1396 5827 ei
1411 5772 1482 5827 bona
1497 5770 1523 5842 (1
1540 5769 1603 5841 lleg.
1624 5768 1703 5841 xxn).
1723 5770 1761 5823 be
1773 5766 1845 5822 Naas
1870 5767 1962 5837 itaque
1978 5781 2029 5823 re·

405 5859 502 5916 tante
525 5860 634 5929 eonem,
658 5863 702 5919 vel
714 5861 821 5918 liomini
845 5866 957 5928 donum,
983 5874 1075 5936 typum
1097 5874 1193 5923 tenere
1243 5863 1284 5918 nit
1300 5864 1328 5918 in
1339 5862 1493 5933 speluncam
1504 5860 1637 5927 Odollam,
1651 5860 1697 5916 ubi
1714 5868 1845 5914 venerunt
1859 5859 1892 5913 ad
1902 5872 1965 5913 eum
1979 5873 2029 5928 pa-

404 5951 501 6022 gratia
516 5949 633 6024 Spiritus
647 5952 747 6008 sancti.
764 5951 864 6007 llabuit
876 5967 941 6024 ergo
953 5951 1089 6009 sarathan
1107 5953 1193 6010 tilium
1243 5951 1364 6023 tercius,
1378 5962 1406 6010 et
1418 5963 1516 6020 mater,
1541 5962 1569 6009 et
1579 5951 1668 6009 omnis
1681 5952 1777 6007 domus
1797 5949 1865 6021 ejus.
1889 5949 1953 6004 lude
1967 5963 2028 6022 per·

406 6039 549 6112 pandum
570 6042 680 6100 sirmiae
701 6040 894 6112 iliplribosetb,
906 6050 1022 6114 utroque
1031 6045 1101 6115 pede
1115 6043 1193 6102 dau·
1242 6043 1460 6113 venitedlioab,
1483 6053 1511 6102 et
1521 6043 1623 6102 dimisit
1637 6042 1707 6114 apud
1720 6056 1783 6099 eum
1808 6050 1912 6113 patrem
1929 6048 1958 6095 et
1972 6049 2030 6095 ma-

406 6131 482 6194 duttt»
499 6143 529 6190 ut
542 6132 681 6204 Scriptum
695 6141 817 6190 tesmtm.
842 6129 929 6202 Οιιοιιι
951 6131 1037 6192 barte
1053 6133 1086 6193 ad
1100 6153 1131 6194 se
1145 6153 1192 6195 ac·
1244 6144 1325 6205 trem,
1349 6128 1382 6193 ct
1399 6133 1507 6195 emnem
1532 6135 1642 6191 demum
1668 6147 1755 6190 suam.
1783 6130 1859 6199 erud
1877 6144 1942 6186 rere
1957 6129 2026 6185 dixit
