4709 6767
336 629 385 687 til

654 621 686 677 B.
706 619 832 679 nunant
851 618 960 680 nsunt
978 618 1138 676 andater.
1159 616 1316 679 nonunt.
1337 617 1481 676 ernnust
1500 615 1590 674 Pttts
1609 615 1631 669 Ι.

1907 614 1961 678 ΞΙΞ

331 750 441 794 rursum
452 733 567 802 quadam
582 746 708 785 mensura
728 730 857 785 moderati
871 729 925 784 sint
944 744 993 797 per
1010 728 1123 781 infirmi·
1137 727 1248 796 Aquod
1273 726 1306 781 de
1339 725 1602 795 incomprehensibili
1629 725 1778 782 sttlrstantia
1802 726 1962 783 aeternitatis

333 823 524 883 tatcrusuam?
538 822 566 877 ln
583 821 636 878 illis
661 821 806 876 virtutihus
823 821 909 884 Elias,
932 821 997 891 quid
1021 821 1055 875 de
1066 821 1121 876 hoo

333 921 483 988 acceperat,
511 913 538 966 iu
559 914 619 969 istis
642 911 856 976 infrrmitatibus,
870 911 935 981 quid
950 913 983 965 dc
996 926 1025 966 se
1044 920 1121 982 pote·

334 999 386 1071 rat,
402 1002 576 1075 agnoscebat.
591 1002 637 1056 illa
652 1000 770 1071 potentia
790 1000 876 1055 virtus
899 999 960 1067 fuit,
978 1002 1030 1055 ista
1044 1000 1121 1055 iullr-

335 1096 419 1153 ritltas
437 1102 529 1149 custos
546 1092 664 1145 virtutis.
693 1091 785 1145 inillis
801 1091 947 1147 virtutibus
964 1093 1123 1146 ostendebat

335 1185 401 1256 quid
412 1189 565 1254 accepemt,
578 1182 605 1234 iu
620 1181 680 1234 istis
694 1180 898 1234 infirmitatibus
917 1182 968 1235 hoe
991 1181 1062 1252 quod
1076 1197 1123 1237 ac·

333 1286 443 1350 ceperat
452 1276 628 1331 custodiebat.
641 1274 669 1328 hr
681 1272 818 1327 miraculis
829 1275 1032 1328 monstrabatur
1042 1273 1124 1338 Elias,

334 1372 362 1428 ιιι
379 1370 582 1427 infirmitatibus
602 1368 770 1423 serrabatur.

372 1481 383 1514 r
405 1461 438 1517 Et
448 1454 635 1531 ccee‘angelus
645 1457 733 1527 tetigit
746 1470 817 1520 eum,
830 1462 857 1511 et
871 1456 936 1510 dixit
953 1455 1010 1510 illi.
1028 1454 1125 1536 Surge,

338 1571 347 1603 ι
371 1552 490 1608 comede.
503 1550 652 1621 Respexit:
669 1557 695 1601 et
710 1561 772 1602 ecee
792 1547 825 1601 ad
838 1556 919 1618 capot
933 1562 1010 1601 sunm
1033 1547 1124 1601 subci-

338 1663 348 1694 ι
371 1643 489 1699 nericius
502 1642 579 1711 panis
592 1649 619 1694 et
628 1654 676 1693 vas
685 1654 772 1708 aqtrae.
789 1637 912 1693 Comedit
925 1652 989 1717 ergo
1002 1646 1029 1692 ct
1047 1637 1125 1715 bibit,

340 1752 351 1785 r
373 1740 401 1788 et
414 1747 520 1787 rursum
548 1729 721 1785 obdormirit.
750 1728 939 1796 Rerersnsque
961 1737 1003 1782 cst
1016 1726 1127 1798 angelus

340 1839 350 1876 ι
372 1821 477 1878 homini
505 1821 633 1886 seeundo,
653 1828 680 1875 et
699 1820 788 1890 tetigit
816 1834 888 1885 eum,
916 1820 1038 1889 dixitque
1063 1819 1124 1888 itti;

339 1930 349 1964 r
372 1911 467 1981 Surge,
483 1911 593 1966 comede
608 1928 614 1964 ι
631 1911 741 1977 grandis
753 1909 824 1965 enim
841 1910 887 1963 tibi
904 1917 989 1964 restat
1007 1910 1061 1963 via.
1075 1909 1126 1978 Qui

339 2021 350 2054 r
370 2018 431 2058 cum
444 2002 615 2065 surrexisset,
630 2001 748 2056 eomedit
763 2009 791 2055 et
804 2000 880 2066 bibit,
897 2009 924 2055 et
938 2000 1084 2055 ambularit
1099 2002 1126 2058 iu

1174 816 1270 881 audit;
1286 816 1363 886 quasi
1379 818 1451 871 enim
1467 816 1574 870 sibilum
1591 815 1678 868 tennis
1689 831 1762 868 aurae
1785 816 1961 886 percipimus,

1174 921 1235 961 eum
1247 921 1371 976 saporem
1385 906 1626 975 inrireutnscriptm
1650 905 1772 960 rer-itatis
1796 894 1963 977 contempla·

1174 996 1248 1051 tione
1272 995 1362 1058 subita
1380 995 1515 1063 subtiliter
1542 998 1726 1066 degustamus.
1744 995 1810 1050 Turn
1826 1012 1891 1069 ergo
1913 1013 1963 1053 te-

1174 1102 1235 1141 rum
1250 1087 1376 1154 estquod
1390 1085 1447 1140 Deo
1467 1084 1513 1139 illu
1529 1086 1725 1156 cognoscimus,
1742 1102 1803 1141 eom
1823 1085 1901 1155 plene
1915 1105 1964 1145 uos

1175 1182 1278 1252 aliquid
1293 1183 1326 1237 de
1338 1182 1384 1236 illo
1397 1195 1560 1252 cognoscere
1572 1196 1624 1235 non
1640 1196 1719 1252 posse
1730 1182 1873 1236 sentimus.
1887 1182 1964 1251 Unde

1174 1271 1244 1326 bene
1259 1270 1313 1326 illic
1330 1270 1475 1324 subditur:

1214 1378 1223 1410 ι
1242 1360 1319 1427 Quod
1332 1376 1393 1414 cum
1409 1360 1529 1414 audisset
1540 1359 1624 1425 Elias,
1640 1360 1748 1428 opernlt
1764 1361 1867 1415 tultum
1886 1378 1964 1423 snum

1175 1451 1265 1521 pallio,
1286 1450 1461 1520 etingressus
1475 1450 1550 1506 stetit
1571 1450 1599 1504 in
1624 1449 1694 1504 ostio
1711 1450 1854 1520 speluncae.
1874 1473 1883 1504 s
1902 1450 1966 1509 Post

1177 1540 1351 1595 auraetenuis
1369 1539 1476 1595 sibilum
1497 1539 1598 1593 rultnm
1622 1556 1699 1594 suum
1730 1541 1859 1611 propbeta
1885 1541 1966 1612 pallio

1176 1632 1294 1709 operuit,
1322 1631 1385 1709 quia
1409 1630 1435 1683 in
1452 1631 1509 1699 ipsa
1540 1629 1715 1685 subtilissima
1739 1631 1966 1700 contemplatione

1176 1725 1301 1780 veritatis
1315 1732 1415 1794 quauta
1430 1723 1581 1792 ignorantia
1597 1723 1678 1777 homo
1694 1729 1811 1793 tegatur,
1831 1723 1965 1791 agnoscit,

1178 1815 1269 1871 vultui
1281 1801 1398 1885 namque
1416 1812 1527 1884 pallium
1550 1812 1730 1882 superducere
1751 1819 1803 1875 est,
1815 1827 1849 1872 ne
1871 1810 1966 1866 altiora

1178 1921 1255 1972 mens
1272 1918 1393 1975 quaerere
1411 1905 1519 1969 anrleat,
1536 1901 1607 1956 hanc
1626 1902 1841 1963 consideratione
1850 1902 1968 1972 propria.

1179 1983 1345 2052 indrmltatls
1361 1996 1461 2060 velare,
1478 2002 1508 2048 ιιι
1521 2009 1692 2071 nequaquam
1707 1992 1891 2066 intelligentiae
1903 2009 1968 2049 ocu·

340 2107 350 2144 r
373 2092 529 2148 fortitudine
544 2091 597 2146 eibi
611 2091 681 2145 illius
694 2091 873 2163 quadraginta
896 2090 991 2146 diebus
1016 2102 1044 2145 et
1055 2106 1124 2172 qua·
1142 2088 1165 2147 B
1180 2093 1221 2148 los
1234 2093 1305 2148 ultra
1322 2106 1351 2147 se
1361 2091 1563 2163 praecipitanter
1573 2091 1688 2161 aperiat,
1713 2090 1760 2144 sed
1775 2090 1809 2144 ad
1832 2089 1883 2144 boe
1896 2090 1967 2160 quod

340 2202 350 2236 t
373 2183 499 2252 draginta
513 2181 649 2246 noctibus,
664 2196 750 2250 usqne
776 2168 811 2235 ad
826 2190 945 2238 ruentem
962 2182 1010 2238 bei
1025 2183 1126 2249 Horeb,

341 2290 350 2322 ι
364 2280 440 2327 etc.»
457 2269 527 2336 Quid
541 2284 606 2341 ergo
621 2271 665 2331 hie
678 2270 751 2325 Elias
763 2271 806 2330 bis
815 2281 909 2341 pastus
921 2270 955 2327 ab
967 2272 1062 2343 angelo
1082 2288 1129 2328 ex-

337 2361 439 2433 primit,
453 2362 504 2420 nisi
516 2371 620 2420 nature
635 2371 735 2417 nostrae
747 2361 942 2428 infirmitatem,
962 2365 1061 2434 quibus
1074 2381 1128 2420 uou

338 2450 436 2507 sufficit
449 2452 563 2523 simplex
578 2460 683 2523 pastus,
698 2452 746 2508 sed
756 2453 865 2523 duplex,
882 2463 1016 2527 qnatenus
1031 2456 1065 2510 ad
1081 2471 1129 2511 su-

337 2556 423 2614 perna
434 2543 572 2614 valeamus
585 2543 755 2612 ascendere?
772 2541 849 2603 Sicut
872 2544 945 2599 enim
960 2559 1059 2616 eorpus
1071 2548 1129 2602 sine

338 2635 468 2703 alimento
479 2634 612 2704 corporali
628 2635 778 2691 subsistere
803 2636 908 2706 nequit,
923 2637 960 2690 ita
974 2653 1025 2693 noe
1039 2639 1129 2694 anima

337 2726 431 2781 risere
457 2734 547 2795 potest
570 2725 631 2780 sine
661 2727 745 2780 verbo
769 2724 828 2781 Dei.
858 2726 978 2798 Angelus
997 2730 1069 2784 enim
1082 2731 1128 2802 qui

339 2815 426 2882 liliam
442 2817 528 2887 parit,
551 2830 630 2886 quem
647 2817 850 2887 congruentius,
863 2833 944 2887 quam
958 2819 1046 2890 ipsum
1057 2837 1131 2877 sutu-

339 2908 378 2971 mi
401 2907 506 2961 consilii
530 2906 655 2977 angelum
683 2906 827 2977 siguificat,
854 2908 931 2978 eujus
954 2925 1004 2989 ope
1027 2913 1129 2966 tamin

339 2996 473 3072 corporali
490 3012 572 3067 quam
584 2998 666 3070 etlam
688 2998 714 3053 ln
739 2997 870 3069 spirituali
885 3009 980 3055 natura
1003 3002 1129 3058 subsisti-

340 3086 594 3144 musihmbularit
622 3090 693 3143 enim
712 3075 795 3155 Elias,
808 3098 950 3160 postquam
975 3104 1130 3150 surrexerat

340 3195 477 3246 esomno,
494 3180 649 3235 eomeditet
665 3181 733 3246 bibit
761 3169 958 3238 infortitudine
978 3184 1032 3239 cibi
1059 3184 1131 3242 illius

340 3270 519 3343 quadraginta
533 3271 628 3327 diebus
641 3280 668 3327 et
692 3274 870 3342 qnadraginta
895 3276 1029 3341 noctibus,
1045 3293 1130 3347 usque

340 3363 375 3419 ad
390 3372 508 3430 montem
524 3361 572 3417 ilci
587 3361 687 3418 Horeb.
707 3363 752 3429 Sic
764 3374 791 3419 et
806 3379 855 3420 nos
867 3366 930 3420 dum
942 3367 1046 3432 inertiae
1057 3382 1129 3423 soru-

1179 2185 1381 2257 apprehendere
1392 2198 1446 2238 uon
1460 2183 1532 2238 ralet
1546 2189 1703 2238 reverenter
1712 2182 1829 2237 claudat.
1844 2180 1894 2248 Qui
1910 2182 1968 2236 hac

1179 2278 1245 2349 agit,
1260 2277 1287 2331 in
1310 2276 1445 2347 spetunca
1463 2275 1535 2344 ostio
1561 2274 1669 2329 stetisse
1698 2272 1870 2327 describitur.
1898 2271 1967 2339 Quid

1179 2382 1296 2437 namque
1311 2366 1438 2437 spelunca
1465 2373 1557 2420 nostra
1568 2373 1620 2429 est,
1644 2364 1696 2419 nisi
1711 2365 1770 2419 haee
1787 2364 1969 2434 corruptionis

1180 2458 1321 2525 habitatio,
1333 2459 1361 2512 in
1375 2473 1428 2528 qua
1439 2457 1528 2512 adhue
1543 2470 1576 2511 ex
1588 2462 1721 2510 vetustate
1735 2452 1901 2509 retinemur?
1914 2453 1969 2508 Sed

1180 2566 1242 2607 cum
1257 2549 1358 2619 aliquid
1380 2548 1519 2619 percipere
1533 2547 1567 2601 de
1583 2546 1737 2617 cognitione
1757 2544 1905 2600 divinitatis
1924 2543 1968 2598 in-

1181 2638 1306 2709 cipimus,
1317 2638 1458 2708 quasijam
1471 2638 1499 2691 in
1513 2636 1648 2707 speluneae
1662 2643 1761 2690 nostrae
1772 2635 1841 2691 ostio
1854 2643 1967 2689 stanam.

1181 2728 1249 2796 Quia
1261 2729 1340 2783 enim·
1349 2727 1474 2799 progredi
1489 2725 1609 2797 perfecte
1634 2741 1688 2787 uon
1706 2737 1860 2794 possumus,
1875 2723 1909 2778 ad
1920 2738 1969 2778 eo,

1180 2819 1329 2888 guitionem
1345 2826 1435 2872 tamen
1447 2816 1570 2873 veritatis
1595 2814 1742 2889 inhiantes,
1752 2812 1808 2881 jam
1822 2811 1923 2880 aliquid
1936 2812 1969 2867 de

1180 2910 1315 2967 libertatis
1331 2925 1396 2964 aura
1409 2916 1560 2978 captamus.
1576 2908 1604 2962 ln
1617 2907 1739 2978 ingressu
1750 2921 1816 2976 erge
1835 2906 1970 2975 speluncae

1181 3011 1253 3058 stare
1264 3011 1306 3058 est
1321 3017 1445 3071 represso
1465 3009 1563 3056 nostrae
1580 2999 1764 3068 corruptionis
1777 2997 1918 3068 obstaculo
1936 2997 1971 3052 ad

1182 3092 1363 3164 cognitionem
1377 3091 1501 3146 veritatis
1516 3090 1636 3159 incipere
1651 3090 1737 3144 exire.
1752 3086 1830 3143 Unde
1842 3097 1871 3143 et
1884 3088 1970 3143 nubes

1182 3184 1210 3238 iu
1224 3182 1398 3239 tabernaculo
1412 3182 1608 3238 descendentes
1636 3180 1765 3236 israelitae
1787 3195 1803 3234 e
1824 3179 1970 3251 longinquo

1182 3286 1326 3331 cernentes
1363 3275 1390 3329 in
1416 3273 1580 3344 papilionum
1616 3287 1726 3328 suarum
1757 3271 1834 3327 ostiis
1863 3272 1970 3333 stetisse

1183 3375 1369 3422 memorantur
1385 3364 1484 3437 (Exod.
1510 3363 1619 3437 xxrttt),
1638 3364 1703 3434 quia
1717 3363 1744 3418 hi
1760 3364 1806 3433 qui
1825 3365 1971 3430 adrentum

339 3465 406 3506 utrm
418 3465 433 3505 a
447 3451 526 3507 uobis
548 3454 710 3519 excutimus,
726 3469 838 3510 neeesse
860 3463 901 3510 est
912 3465 942 3509 ut
957 3456 1048 3511 divino
1060 3457 1130 3513 sola·
1144 3445 1166 3506 C
1183 3456 1332 3514 divinitatis
1345 3466 1489 3527 utrumque
1503 3456 1682 3533 conspiciunt,
1702 3455 1779 3526 quasi
1797 3456 1854 3527 iam
1871 3471 1904 3511 ert
1919 3458 1969 3512 lra-

341 3542 380 3599 tio
397 3546 556 3612 confortati,
578 3563 672 3626 gressu
700 3548 833 3614 benorum
861 3564 972 3619 operum
986 3565 1035 3634 per
1050 3566 1130 3625 omne

341 3640 449 3706 tempus
457 3635 520 3690 ritae
530 3637 672 3704 praesentis
685 3651 855 3707 summopere
868 3636 1026 3695 festinemus
1035 3654 1131 3695 asuen-

334 3717 407 3779 ‘dere
429 3724 456 3779 in
470 3734 590 3780 montem
608 3728 655 3781 bei
679 3735 707 3782 et
720 3728 746 3782 in
759 3727 848 3798 loeutp
870 3737 995 3783 sanctum
1017 3727 1087 3798 cius,
1101 3739 1131 3797 nt

341 3810 379 3870 lbi
394 3815 514 3885 requiem
529 3816 695 3872 inveniamus
713 3826 842 3876 aeternam

379 3919 391 3954 r
411 3901 533 3990 Cumque
554 3905 669 3962 venisset
690 3906 762 3974 illue,
777 3910 875 3965 mansit
897 3910 924 3965 iu
941 3910 1080 3997 spelunea.
1097 3911 1131 3980 Et

347 4009 358 4043 ι
378 4007 442 4049 eece
467 4009 557 4050 sermo
571 3994 678 4051 bomini
705 3999 737 4052 ad
752 4013 825 4064 eum,
846 3999 969 4070 dixitque
983 3999 1041 4056 llll:
1059 4001 1130 4069 Quid

345 4084 423 4140 thie
448 4086 517 4155 agis,
542 4086 622 4152 Elia!
643 4086 735 4157 htille
761 4091 918 4161 respondit:
941 4092 1004 4149 Zelo
1028 4094 1131 4165 zelatus

346 4194 356 4232 r
377 4190 437 4234 sum
453 4179 626 4248 probamina
639 4181 694 4237 beo
709 4184 890 4251 exercituum,
904 4186 967 4255 quia
979 4188 1130 4259 derelique-

346 4285 356 4320 r
376 4279 440 4324 runt
453 4279 561 4340 pactum
580 4281 653 4327 tuum
667 4273 714 4327 liiii
729 4273 820 4340 lsrael.
835 4274 938 4341 Altaria
960 4286 1005 4335 tua
1022 4280 1130 4337 destru-

347 4378 356 4410 ι
379 4369 488 4426 xerunt,
506 4370 534 4415 et
552 4363 699 4433 prophetas
723 4373 784 4427 tuos
801 4366 963 4423 occiderunt
988 4368 1086 4441 gladio,
1103 4378 1131 4425 ct

350 4449 525 4507 ederelictus
553 4469 613 4508 snm
638 4470 687 4525 ego
714 4456 796 4522 solus,
823 4466 850 4511 et
870 4469 994 4528 quaerunt
1013 4462 1130 4517 animam

346 4560 358 4595 ι
380 4557 479 4608 meam,
495 4551 524 4597 ut
545 4544 669 4599 auferant
691 4561 759 4602 eant.
778 4548 811 4601 Et
825 4550 863 4603 ιιι
877 4569 883 4603 2
899 4551 1034 4622 Egredere
1049 4561 1129 4609 etsta

347 4648 357 4683 t
379 4632 406 4686 in
420 4641 512 4688 moute
523 4648 615 4689 coram
631 4634 753 4690 [lantino.
771 4637 804 4692 Et
817 4653 881 4694 ecee
894 4640 1024 4697 Dominus
1040 4652 1130 4714 traus-

346 4740 358 4775 r
382 4723 428 4790 iet,
442 4732 469 4779 et
489 4725 599 4795 spiritus
613 4728 722 4797 grandis
734 4738 762 4783 et
785 4728 862 4785 fortis
881 4733 1040 4788 sulrrertens
1055 4750 1131 4789 mon-

1181 3545 1300 3611 bruculo
1321 3547 1413 3611 earnis
1427 3549 1586 3618 procedunt.

1219 3658 1228 3691 r
1243 3636 1313 3696 Eece
1327 3655 1379 3712 vox
1393 3641 1427 3696 ad
1443 3641 1528 3704 Etiam
1547 3642 1640 3698 diceus
1652 3660 1659 3695 :
1673 3641 1743 3710 Quid
1756 3641 1801 3702 hic
1814 3642 1882 3711 agis,
1896 3640 1971 3696 lilia?

1184 3750 1194 3783 ι
1216 3735 1244 3792 et
1257 3729 1302 3784 ille
1325 3731 1490 3811 respondeus
1506 3731 1562 3790 ait:
1577 3731 1641 3787 Zela
1656 3731 1761 3786 zelatus
1776 3746 1836 3790 snut
1857 3745 1907 3800 pro
1919 3730 1972 3784 ilo-

1183 3840 1194 3874 ι
1215 3820 1289 3875 mino
1299 3820 1355 3876 Deo
1372 3821 1552 3883 exercituum,
1566 3823 1629 3892 qnia
1645 3822 1846 3892 dereliquerunt
1861 3833 1971 3891 paetum

1184 3931 1194 3964 r
1217 3920 1292 3974 tuum
1307 3912 1355 3979 ntit
1364 3912 1466 3978 lsrael:
1482 3912 1577 3972 altaria
1593 3921 1638 3967 tua
1651 3912 1854 3976 destmxerunt,
1868 3921 1897 3967 et
1910 3926 1972 3982 pro·

1183 4021 1193 4053 r
1214 4000 1309 4073 pltetas
1328 4010 1389 4056 tuos
1408 4002 1565 4060 occiderunt
1578 4001 1676 4074 gladio,
1698 4009 1725 4056 et
1743 4000 1888 4056 derelictus
1909 4016 1971 4056 suto

1184 4111 1194 4144 r
1214 4108 1266 4164 ego
1279 4091 1361 4157 selus,
1376 4099 1404 4146 et
1418 4101 1544 4162 quarunt
1555 4092 1672 4159 animam
1688 4106 1787 4156 meam,
1800 4100 1829 4145 ut
1846 4089 1972 4146 auferant

1184 4200 1307 4255 «eamn
1332 4182 1386 4257 (Ea
1410 4180 1559 4259 Gregorio.)
1581 4181 1690 4249 Certum
1714 4190 1756 4238 est
1784 4183 1855 4253 qued
1881 4182 1972 4238 cordis

1181 4275 1223 4332 sui
1240 4274 1347 4333 oculum
1371 4289 1419 4344 per
1442 4273 1567 4329 elationis
1593 4274 1719 4345 tenebras
1739 4273 1907 4345 exstinguit,
1924 4272 1970 4344 qui

1181 4383 1242 4437 cum
1262 4375 1336 4427 recta
1360 4367 1416 4436 agit
1435 4366 1618 4431 considerare,
1637 4365 1780 4421 meliorum
1803 4366 1899 4423 merita
1920 4379 1970 4420 oe·

1182 4459 1267 4530 gligit.
1281 4458 1316 4513 At
1331 4464 1426 4514 eontra
1443 4473 1542 4531 magno
1566 4459 1727 4514 humilitatis
1745 4459 1821 4513 radio
1844 4458 1970 4527 semetip-

1182 4566 1242 4606 sum
1257 4549 1401 4614 illuminat,
1414 4550 1461 4621 qui
1475 4549 1590 4604 aliomm
1610 4550 1681 4604 bona
1700 4547 1835 4604 subtiliter
1856 4558 1969 4619 pensat,

1182 4641 1245 4710 quia
1260 4641 1324 4695 dum
1347 4655 1379 4695 ea
1394 4655 1454 4709 quae
1469 4640 1526 4709 ipse
1539 4640 1645 4705 fecerit,
1658 4640 1729 4694 facta
1743 4638 1810 4694 foris
1822 4647 1849 4694 et
1860 4640 1895 4693 ab
1908 4637 1969 4693 aliis

1182 4731 1325 4801 conspicit,
1341 4746 1402 4786 eum
1428 4731 1473 4801 qui
1488 4732 1719 4803 desingularitate
1735 4732 1808 4788 intus
1828 4746 1971 4802 emmpere

346 4821 427 4877 «tes,
450 4823 477 4869 et
491 4824 634 4871 conterens
657 4828 749 4887 petras
775 4829 837 4874 ante
859 4821 1013 4877 Dominum.
1029 4823 1086 4879 Non
1102 4803 1279 4880 ianititur
1308 4824 1441 4893 superbiae
1465 4834 1571 4879 tuutore
1595 4826 1703 4895 premit.
1726 4823 1796 4879 llinc
1826 4833 1869 4880 est
1897 4824 1969 4893 quod

347 4904 475 4974 «spiritu
503 4906 642 4959 Dominus.
676 4907 708 4959 Et
739 4918 801 4978 post
831 4911 955 4980 spiritum
985 4916 1131 4971 commotio

348 5010 358 5044 t
380 4992 459 5063 iguis.
475 4994 533 5050 flou
551 4996 579 5050 in
593 4996 655 5067 igne
677 4997 815 5052 [lominus.
832 4999 866 5054 Et
876 5010 938 5068 post
965 5003 1052 5073 iguem
1066 5005 1131 5061 sibi-

348 5102 357 5134 ι
380 5084 422 5140 lus
437 5101 510 5140 auras
524 5088 621 5142 tenuis.
636 5088 712 5155 Quod
726 5104 786 5144 cum
798 5092 920 5146 audisset
930 5093 1013 5160 Elias,
1026 5097 1131 5165 operuit

349 5193 360 5227 r
379 5177 483 5233 roltnm
504 5193 582 5234 suum
604 5180 696 5249 pallio,
715 5189 742 5236 et
760 5195 886 5254 egressus
915 5186 990 5240 stetit
1011 5187 1039 5241 in
1061 5189 1131 5244 ostio

349 5286 359 5317 ι
379 5269 525 5338 speluncae,
539 5282 593 5327 ete.
611 5292 620 5324 r
638 5270 691 5344 (lfa
704 5270 851 5347 Gregorio.)
868 5275 987 5346 Spiritus
998 5290 1061 5334 ante
1076 5279 1131 5335 llo·

345 5358 449 5414 minum
469 5363 567 5416 evertit
576 5371 692 5430 montes,
705 5372 733 5418 et
749 5373 842 5435 petras
863 5369 988 5438 conterit,
1002 5371 1065 5439 qnia
1081 5387 1131 5442 pue

349 5463 409 5517 ror,
435 5452 482 5524 qui
496 5468 530 5508 ex
545 5454 661 5510 adventu
687 5456 745 5524 ejus
759 5457 838 5529 irruit
850 5467 877 5513 et
889 5459 1058 5528 altitudinem
1072 5478 1131 5518 eor-

344 5540 388 5598 tiis
403 5543 491 5598 nostri
503 5544 604 5615 dejicit,
619 5531 766 5615 liquefacit.
780 5544 833 5617 Sed
856 5549 961 5620 spiritui
972 5553 1131 5619 commotio-

347 5632 389 5697 nis
400 5639 428 5686 et
441 5632 511 5704 ignis
530 5648 583 5688 uon
598 5634 686 5690 inesse
702 5634 832 5691 Dorrtinns
853 5639 971 5705 dicitur;
987 5655 1047 5706 esse
1067 5657 1130 5697 reru

345 5720 466 5778 lusibilo
483 5738 555 5781 auree
581 5726 668 5780 tenuis
698 5742 750 5780 nou
773 5736 896 5797 negatur,
912 5730 976 5798 quia
1001 5730 1128 5785 nimirum

249 5875 252 5880 ,
346 5825 424 5874 tuens
437 5830 498 5870 cum
514 5816 540 5869 in
553 5816 788 5886 contemplationis
812 5817 978 5873 sublimitate
992 5822 1134 5890 suspendi·

346 5910 402 5967 tur,
426 5905 556 5975 quidquid
581 5905 700 5978 perfecte
715 5907 873 5977 conspicere
897 5910 1034 5979 praevalet,
1062 5912 1133 5969 Deus

347 6005 401 6061 trau
411 6004 462 6064 est.
478 5994 546 6063 Cum
562 6013 626 6055 rem
639 5998 736 6070 subtile
747 5998 849 6084 aliquid
874 6000 1016 6088 conspicit,
1029 6002 1081 6061 hoc
1092 6013 1134 6061 est

1182 4930 1246 4970 vere
1259 4914 1308 4970 Dei
1328 4915 1363 4968 ad
1385 4914 1471 4969 Etiam
1493 4914 1580 4970 solum
1602 4931 1632 4971 se
1651 4916 1830 4972 aestimautem
1850 4916 1969 4972 dieitur:

1185 5005 1314 5075 «Reliqui
1329 5005 1395 5059 milri
1411 5014 1513 5075 septem
1530 5005 1614 5060 millia
1628 5007 1762 5082 virorum,
1776 5007 1822 5082 qui
1838 5022 1893 5078 nott
1910 5022 1972 5062 cur-

1183 5103 1313 5151 rareruut
1331 5110 1418 5165 genua
1433 5106 1497 5153 ante
1510 5096 1585 5168 Baal,
1607 5116 1616 5148 r
1634 5106 1674 5162 ut,
1689 5098 1751 5153 dum
1771 5114 1824 5168 non
1838 5099 1925 5154 solum
1941 5114 1971 5155 se

1184 5189 1346 5244 remansisse
1368 5196 1554 5259 cognosceret,
1578 5188 1704 5264 elationis
1725 5188 1854 5266 gloriam,
1874 5205 1928 5259 qua
1945 5191 1971 5246 ei

1184 5278 1218 5336 de
1246 5280 1433 5352 singularitate
1469 5282 1616 5353 surgebat,
1648 5284 1801 5354 inclinaret.
1834 5282 1970 5352 Propheta

1184 5387 1280 5443 nempe
1294 5383 1363 5442 crat,
1379 5383 1406 5429 et
1419 5390 1490 5444 saepe
1506 5378 1635 5446 atysteria
1650 5393 1766 5448 superna
1787 5388 1970 5449 cognoverat;

1185 5464 1248 5534 quid
1261 5479 1326 5533 ergo
1340 5462 1447 5526 dificile
1469 5463 1519 5518 fuit
1539 5481 1686 5537 agnoscere
1702 5468 1730 5522 iu
1746 5468 1798 5524 hoe
1823 5470 1924 5524 mundo
1940 5470 1971 5524 h-

1185 5554 1281 5623 deiiter
1294 5554 1350 5624 Deo
1366 5556 1479 5627 famulos
1501 5559 1682 5614 remansisse?
1704 5558 1757 5614 Sed
1778 5560 1843 5615 hiuc
1856 5560 1972 5618 solerter

1185 5643 1343 5699 intuendum
1356 5652 1408 5708 est,
1421 5644 1528 5700 oculum
1544 5648 1633 5702 cordis
1654 5647 1735 5703 elatio
1749 5664 1830 5718 qnam
1846 5651 1971 5718 nequiter

1186 5733 1304 5799 claudat,
1318 5735 1427 5805 quando
1438 5736 1483 5804 qui
1500 5737 1609 5792 humilis
1623 5746 1650 5791 et
1662 5737 1769 5793 occulta
1783 5738 1830 5796 aet
1846 5748 1970 5806 noverat,

1184 5824 1270 5880 elatos
1284 5833 1312 5880 et
1326 5835 1419 5897 aperta
1434 5827 1582 5883 nesciebat.

1222 5935 1231 5968 ι
1248 5915 1282 5971 Et
1293 5916 1331 5971 ait
1347 5918 1474 5974 hominus
1485 5918 1519 5972 ad
1534 5918 1639 5973 Elium:
1658 5920 1731 5976 fade
1745 5929 1774 5975 et
1790 5931 1928 5978 revertere
1943 5925 1972 5984 in

1187 6026 1197 6060 t
1219 6005 1289 6063 riam
1304 6016 1378 6063 tuam
1392 6023 1441 6091 per
1455 6007 1591 6092 desertum
1611 6012 1748 6082 Damasei.
1765 6012 1887 6087 Cumque
1904 6030 1969 6099 per,
