4709 6767
353 589 406 648 ild

352 722 885 753 ----·-----

806 571 984 632 carthada.-
1002 567 1038 626 ht
1056 566 1361 625 mceusmsnebtt.
1378 597 1415 610 -
1432 565 1498 622 uu.
1516 565 1538 619 Ι.
1581 625 1583 630 ,

981 865 1128 942 niutau
1155 863 1365 940 PRIMUS.

614 1114 729 1173 CAPUT
752 1111 895 1168 PlllllUll.

354 1215 393 1277 be
406 1227 505 1274 erema
518 1211 566 1267 het
579 1206 732 1281 Sapientia,
755 1204 824 1326 quop
837 1218 937 1273 semper
949 1218 1008 1255 rum
1023 1200 1104 1255 Putre
1115 1200 1148 1256 sit

659 1287 719 1332 aute
738 1291 808 1331 aoecu
819 1292 846 1327 n.

390 1402 467 1471 (Gne.
482 1398 514 1465 ι.)
529 1414 537 1446 ι
553 1391 648 1448 Omnis
665 1389 798 1458 sapientia
815 1400 831 1440 a
845 1385 958 1439 Domim
973 1385 1027 1439 heo
1037 1392 1098 1448 est,
1123 1392 1149 1438 et

381 1509 444 1549 cum
462 1491 507 1547 illo
530 1488 579 1543 init
590 1501 707 1557 semper,
721 1491 799 1539 etesi
815 1490 878 1536 ante
897 1496 994 1535 aarum
1005 1500 1024 1556 r
1041 1479 1149 1534 Princi-

353 1587 429 1658 pium
444 1599 509 1654 ergo
522 1582 600 1637 istius
610 1580 671 1634 libri
686 1578 720 1634 de
740 1583 840 1631 aeterna
860 1573 908 1629 Dei
930 1574 1059 1645 sapientia
1080 1572 1150 1645 (que

353 1685 398 1734 est
419 1671 555 1744 Christus)
580 1678 691 1735 narrat,
712 1668 784 1740 qnod
805 1681 913 1737 semper
931 1680 992 1720 cum
1012 1665 1093 1720 Patre
1116 1666 1149 1720 sit

354 1777 419 1824 ante
436 1765 550 1830 saecula;
574 1771 602 1819 et
622 1758 769 1817 concordat
782 1756 928 1828 Evangelio
944 1755 1067 1817 ioannis,
1079 1755 1151 1826 quod

354 1860 394 1915 ita
409 1858 540 1914 inchoat:
558 1874 567 1908 ε
582 1853 610 1908 lu
624 1850 758 1924 principia
772 1858 831 1905 erat
850 1849 978 1914 Verbum,
991 1857 1018 1902 et
1034 1846 1151 1903 Verbum

355 1964 416 2010 erat
429 1950 500 2023 apud
511 1951 645 2013 [ieamer
658 1947 730 2002 Deus
741 1953 801 2000 erat
821 1943 958 2000 Verbum:
977 1943 1029 1997 hoc
1048 1948 1104 1996 erat
1123 1939 1151 1993 in

356 2043 491 2116 principio
510 2040 580 2111 apud
599 2039 694 2094 Deum.
711 2035 828 2092 »Omnis
847 2049 912 2109 ergo
926 2033 1058 2105 sapientia
1074 2028 1153 2085 allo-

356 2140 431 2196 urino
444 2137 502 2192 Deo
511 2143 563 2201 est,
574 2136 637 2205 quia
648 2133 783 2195 Christus,
796 2131 841 2200 qui
851 2138 890 2184 est
900 2129 959 2184 lons
970 2128 1032 2184 vitae
1045 2136 1072 2181 et
1083 2146 1092 2177 ι
1106 2125 1152 2179 lux

356 2246 423 2285 uera
443 2244 503 2299 quae
527 2227 659 2281 illuminat
680 2239 788 2279 omnem
809 2220 1109 2277 hominemveuientem
1126 2219 1152 2271 in

356 2320 430 2374 hune
441 2317 582 2380 mundum,
597 2336 605 2367 r
620 2330 634 2369 a
650 2307 705 2369 beo
728 2313 808 2368 Patre
826 2321 904 2366 natus
922 2318 974 2373 εει,
987 2317 1014 2364 ει
1032 2328 1041 2359 r
1060 2309 1153 2364 omnia

356 2428 406 2484 per
417 2413 505 2483 ipsum
519 2409 588 2464 laeta
604 2416 677 2472 sum,
691 2415 718 2462 ει
730 2406 789 2461 siue
802 2404 861 2475 ipso
876 2402 1030 2457 factumest
1044 2400 1119 2456 nihil.
1141 2420 1150 2452 r

355 2501 487 2570 Quisquis
502 2507 593 2553 autem
606 2494 685 2565 hujus
700 2494 838 2564 sapientiae
848 2493 949 2546 lumine
965 2499 1052 2556 caret,
1063 2490 1092 2567 ‘in
1114 2498 1154 2545 te-

356 2592 450 2649 nebris
462 2589 592 2654 ambulat,
608 2596 635 2643 et
649 2587 735 2641 nescit
748 2599 801 2655 qrto
815 2584 906 2647 vadat,
920 2582 1049 2652 quioniam
1074 2590 1151 2636 tone-

356 2684 415 2738 brae
426 2686 630 2737 excecaverunt
641 2675 735 2730 oeulos
755 2676 824 2745 ejus.
840 2673 874 2727 Et
888 2671 1018 2742 quidquid
1032 2672 1095 2727 huie
1111 2686 1155 2726 sa-

358 2775 468 2847 pientiae
483 2772 652 2833 adversatur,
667 2768 778 2824 stultitia
796 2768 883 2837 magis
896 2766 1009 2821 dicenda
1020 2775 1062 2820 est
1073 2781 1155 2836 quam

358 2866 514 2940 prudentia.
529 2863 605 2920 Unde
618 2860 719 2916 Patrius
731 2861 785 2914 ait:
805 2878 814 2910 r
839 2858 978 2937 Sapientia
990 2859 1061 2913 enim
1076 2858 1156 2927 lurjus

358 2955 453 3015 rtruudl
467 2953 581 3010 stultitia
592 2960 635 3007 est
646 2952 715 3021 apud
730 2950 814 3004 Deum
827 2948 851 3016 (1
859 2948 920 3003 Cor.
933 2948 984 3019 ιιι).
1002 2969 1012 3000 r
1026 2939 1059 3003 Et
1069 2949 1133 3004 item
1147 2966 1154 3002 ι

362 3068 373 3101 r
391 3046 539 3104 Prudentia
553 3045 625 3098 enim
640 3043 731 3099 carnis
747 3056 819 3096 mors
829 3050 881 3095 est.
895 3040 1043 3095 Prudentia
1066 3048 1156 3095 nutem

359 3140 486 3212 spiritus,
498 3138 552 3192 rito
565 3145 592 3190 et
605 3152 657 3206 pan
668 3134 757 3204 (liena.
766 3133 836 3205 urar).
854 3154 862 3187 t
878 3132 1010 3200 Quoniam
1025 3134 1156 3204 sapientia

360 3230 455 3288 earnis
472 3226 582 3283 inimica
601 3234 641 3281 est
664 3224 736 3290 Deo;
759 3224 810 3294 legi
822 3223 894 3278 enim
909 3223 956 3277 liei
972 3238 1025 3278 non
1039 3231 1081 3277 ost
1095 3224 1159 3279 sub

357 3323 442 3393 iectu,
454 3336 504 3377 nee
518 3320 589 3375 enim
605 3328 702 3388 potest.

402 3435 412 3467 ι
429 3415 547 3469 hecnam
562 3412 657 3475 maris,
672 3422 700 3465 ει
713 3410 808 3480 pluvie
829 3416 929 3479 paritas,
944 3415 971 3460 et
988 3406 1045 3462 dies
1058 3405 1157 3469 saculi,

364 3507 457 3580 «quis
480 3503 679 3561 dinumeravit?
695 3502 871 3556 altitudinem
893 3499 965 3563 eoeli,
986 3506 1013 3553 et
1038 3498 1160 3553 latitudi-

365 3620 376 3653 ε
395 3613 457 3653 nem
481 3607 570 3660 terrae,
583 3604 610 3650 et
629 3593 788 3664 protundum
812 3593 921 3663 abyssi,
939 3592 1000 3661 quis
1021 3590 1160 3645 dimensus

366 3710 377 3743 ι
394 3689 454 3746 est?
472 3686 638 3757 Sapientiam
653 3684 699 3739 bet
724 3684 919 3753 precedentem
940 3681 1030 3736 omnia
1045 3681 1106 3751 quis
1118 3682 1160 3735 in-

366 3800 379 3834 r
395 3777 554 3851 uestigauit?
569 3796 578 3828 r
596 3774 831 3846 Comparationem
848 3774 913 3828 lacit
923 3772 1104 3844 corporalium
1119 3788 1161 3827 re-

364 3885 426 3926 rum
441 3869 474 3924 acl
490 3866 632 3938 spiritalia,
647 3875 677 3922 ut
696 3882 729 3922 ex
749 3863 911 3920 difficillimis
935 3873 1075 3936 pensetur,
1090 3865 1161 3935 quod

363 3961 477 4018 omnino
498 3958 663 4028 impossibile
685 3966 735 4013 est.
752 3957 781 4011 Si
804 3956 876 4011 enim
901 3972 1011 4012 arenam
1027 3957 1111 4012 rrraris
1134 3969 1162 4013 et

364 4049 464 4122 pluviae
473 4055 564 4119 puraas
583 4055 611 4101 et
632 4047 689 4102 dies
706 4045 796 4101 saeculi
811 4061 891 4100 nemo
914 4047 1087 4103 dinumerare
1114 4063 1162 4118 po-

365 4146 432 4203 test,
449 4151 537 4206 neque
548 4135 717 4191 altitudinem
731 4135 792 4190 coeli
806 4145 833 4190 et
845 4135 1013 4190 latitudinem
1027 4144 1104 4190 terrae
1118 4145 1161 4190 at-

366 4244 421 4300 que
442 4227 603 4299 profundum
630 4227 719 4299 abyssi
740 4226 849 4281 metiri:
871 4242 930 4296 quae
955 4235 1043 4280 tamen
1071 4227 1162 4281 omnia

366 4328 444 4375 certo
462 4334 584 4384 numero,
600 4333 725 4373 mensura
753 4325 780 4370 et
802 4316 952 4386 ponderea
974 4326 1098 4371 creatore
1113 4331 1162 4371 suo

366 4409 477 4466 condita
492 4416 574 4464 sunt:
591 4408 725 4478 qrromodo
755 4407 915 4477 sapientiam
940 4407 1008 4471 Dei,
1031 4423 1091 4477 quae
1105 4408 1163 4463 siue

366 4499 424 4556 line
446 4509 474 4555 et
487 4500 563 4555 initio
577 4507 692 4564 coustat,
714 4507 742 4555 et
761 4498 950 4553 inenarrabilis
964 4508 1045 4569 atque
1060 4498 1160 4553 inaesti-

367 4591 477 4647 mabilis
494 4606 600 4661 semper
611 4599 711 4655 manet,
725 4589 795 4644 ullus
809 4589 973 4661 inuestigare
985 4590 1091 4660 potest?
1106 4590 1165 4645 l'ir-

366 4684 496 4739 tusenim
509 4681 556 4736 Ilei
575 4690 603 4736 et
628 4681 758 4752 sapientia
773 4682 844 4751 (qrrae
856 4690 897 4737 est
909 4680 1042 4751 Christus)
1057 4697 1164 4751 semper

367 4787 432 4831 cum
445 4771 527 4828 Patre
544 4780 612 4835 erat,
625 4781 653 4826 ct
665 4773 734 4826 siout
755 4770 835 4827 Pater
849 4772 907 4827 sine
921 4773 1064 4841 initio,sic
1077 4782 1103 4828 et
1120 4772 1163 4827 Fi-

367 4858 423 4917 lius
436 4862 495 4917 sine
508 4860 585 4915 initio
598 4871 648 4917 est.

680 4971 794 5028 CAPUT
818 4973 850 5028 ll.

372 5084 413 5141 De
422 5084 551 5153 supientia
564 5083 622 5147 Dei,
635 5084 708 5137 idest
720 5082 743 5135 F
744 5082 790 5138 ilio
801 5082 980 5154 Putria,puad
991 5095 1051 5138 aute
1062 5102 1163 5138 omnem

409 5157 441 5209 ait
456 5165 614 5216 creaturum,
628 5164 651 5206 ει
667 5155 754 5207 omniu
768 5171 815 5223 per
826 5156 911 5225 iprum
920 5157 991 5225 [netu
1006 5156 1068 5210 siut.
1085 5155 1162 5221 Quod

408 5234 433 5278 et
451 5220 561 5277 Verbum
573 5222 619 5276 Dei
631 5222 700 5277 Deus
713 5225 746 5277 ait
759 5226 787 5277 in
801 5224 919 5279 excelsis.

414 5332 521 5388 «Prior
543 5335 663 5389 omnium
687 5344 778 5391 ereata
801 5345 842 5391 est
861 5338 993 5407 sapientia
1016 5349 1044 5393 et
1060 5338 1164 5393 intelle-

375 5449 387 5481 ι
409 5439 470 5485 ειιιε
482 5428 631 5498 prudentiae
641 5429 675 5483 ab
686 5443 754 5484 ero.
772 5449 780 5482 t
795 5429 870 5485 llanc
882 5431 1042 5486 sententiam
1056 5432 1126 5486 sieut
1137 5442 1165 5486 et

375 5518 451 5575 iliam
472 5518 499 5573 in
517 5518 672 5575 Proverbiis
699 5521 743 5575 ubi
769 5521 899 5590 scriptum
925 5529 988 5576 est:
1008 5540 1017 5574 ι
1034 5521 1165 5578 hominus

371 5610 481 5665 crearit
495 5625 538 5664 me
554 5610 717 5685 principium
732 5612 837 5665 viarum
853 5627 963 5667 suarum
981 5610 1072 5684 (Prae.
1088 5616 1164 5685 vrrr);

373 5700 413 5757 (ie
437 5699 622 5755 incarnatione
646 5702 752 5756 bantini
775 5703 875 5758 dietam
895 5703 990 5758 Patres
1004 5704 1165 5776 intelligunt.

372 5788 448 5859 Quia
460 5790 530 5846 sicut
544 5793 691 5847 seeundum
708 5793 876 5849 divinitatem
889 5795 973 5850 Filius
988 5812 1002 5850 a
1015 5796 1093 5851 Patre
1104 5808 1167 5852 ante

345 5932 351 5940 ,
374 5882 469 5938 ananie
485 5883 581 5938 secula
597 5892 746 5950 natusest,
764 5886 801 5940 ita
818 5893 882 5941 ante
894 5887 985 5941 anania
1002 5895 1122 5957 tempora
1138 5889 1166 5943 in

374 5974 494 6032 eorrstlio
510 5974 555 6031 bei
577 5977 663 6032 Patris
685 5976 892 6047 predestinatus
916 5986 958 6032 est
980 5994 1029 6048 pro
1055 5979 1166 6033 humaui

1166 1109 1190 1168 Α
1204 1106 1312 1178 generis
1325 1105 1412 1161 salute
1425 1103 1610 1174 temporaliter
1627 1102 1775 1157 incarnari.
1790 1099 1909 1157 Verbum
1918 1087 1991 1158 enim

1200 1199 1345 1254 creationis
1355 1199 1389 1253 ad
1399 1199 1547 1252 humanam
1570 1211 1624 1250 non
1639 1196 1672 1251 ad
1683 1194 1803 1250 divinam
1814 1194 1932 1265 pertinet
1945 1211 1992 1249 na·

1200 1299 1298 1346 turam.
1316 1290 1371 1345 Sed
1384 1299 1494 1361 propter
1509 1289 1640 1344 unitatem
1654 1302 1778 1358 personae
1794 1284 1938 1355 aliquando
1953 1286 1994 1341 di·

1201 1389 1273 1443 citur
1283 1383 1354 1437 hlius
1368 1383 1489 1455 genitus,
1506 1381 1651 1451 aliquando
1666 1394 1731 1434 vero
1751 1388 1859 1435 creatus
1872 1397 1878 1431 :
1893 1377 1994 1449 princi·

1200 1479 1273 1549 pium
1287 1492 1353 1547 ergo
1368 1475 1474 1529 viarum
1492 1474 1538 1528 uei
1554 1485 1612 1539 est,
1636 1480 1666 1528 ut
1683 1473 1740 1542 ipse
1759 1472 1798 1526 ait
1813 1491 1819 1526 :
1835 1490 1844 1522 ι
1860 1471 1916 1543 Ego
1934 1487 1992 1526 sum

1200 1570 1244 1623 ria
1259 1565 1350 1640 (loun.
1368 1566 1441 1637 xrv);
1461 1587 1470 1619 r
1489 1566 1535 1637 qui
1548 1581 1661 1635 surgens
1684 1581 1699 1619 a
1719 1564 1834 1620 mortuis
1857 1566 1910 1620 iter
1933 1563 1995 1620 iecit

1201 1659 1328 1715 Ecclesiae
1351 1658 1386 1712 ad
1408 1674 1522 1729 regnum
1546 1659 1594 1713 bei
1615 1658 1650 1713 ad
1674 1658 1758 1712 vitam
1782 1665 1923 1712 aeternam.
1940 1678 1949 1709 r
1965 1658 1995 1712 ln

1202 1765 1294 1821 opera,
1310 1749 1408 1818 inquit,
1423 1764 1470 1803 sua
1486 1766 1493 1802 :
1513 1749 1582 1819 »uui
1594 1748 1628 1802 ad
1644 1748 1800 1803 redimenda
1812 1763 1893 1819 opera
1907 1748 1996 1806 Patris

1202 1856 1236 1896 ex
1249 1840 1354 1911 uirgine
1368 1847 1476 1895 creatus
1489 1846 1540 1894 est.
1555 1838 1712 1909 Suscipiens
1726 1854 1852 1903 earnem,
1872 1847 1902 1893 ut
1912 1854 1996 1910 opera

1202 1929 1292 1984 Patris
1309 1945 1325 1983 a
1344 1929 1505 1999 corruptelae
1530 1929 1642 1984 seruitio
1665 1928 1805 1983 liberaret.
1830 1927 1900 1984 Caro
1923 1930 1996 1985 enim

1203 2019 1303 2074 Christi
1321 2030 1432 2090 propter
1448 2035 1548 2091 opera,
1569 2019 1698 2075 diviuitas
1722 2026 1784 2075 ante
1803 2035 1895 2090 opera.
1916 2020 1993 2077 llnde

1204 2114 1349 2183 sequitur:
1422 2105 1426 2112 “

1512 2204 1627 2261 CAPUT
1646 2204 1689 2262 Ill.

1459 2293 1584 2368 Sequitur
1603 2307 1631 2350 ut
1650 2314 1739 2366 tuprn.

1244 2428 1254 2461 ι
1273 2408 1346 2463 Fons
1364 2409 1503 2479 sapientiae
1518 2409 1630 2468 verbum
1648 2408 1696 2463 bei
1713 2408 1741 2464 in
1759 2409 1894 2476 excelsis,
1910 2419 1939 2464 et
1953 2409 1997 2464 iu·

1209 2513 1351 2569 «gressus
1382 2498 1452 2552 illius
1482 2499 1608 2553 mandata
1634 2506 1747 2553 aetema.
1772 2518 1782 2551 ι
1807 2497 1889 2569 Origo
1911 2499 2002 2554 omnis

1206 2588 1347 2658 sapientiae
1363 2603 1378 2642 a
1393 2588 1477 2642 serbo
1488 2587 1536 2642 Dei
1550 2588 1668 2657 primum
1678 2589 1832 2658 processit:
1847 2588 2000 2660 quodlleus

1207 2693 1241 2734 ex
1263 2680 1318 2735 beo
1337 2694 1444 2750 semper
1458 2695 1519 2735 curn
1541 2679 1622 2734 Patre
1646 2688 1788 2752 permanet
1805 2682 1832 2736 in
1848 2681 1938 2746 eoelis;
1952 2682 2001 2736 sed

1207 2786 1257 2841 per
1270 2770 1498 2840 dispensationem
1518 2780 1651 2840 susceptae
1666 2772 1845 2828 humanitatis
1861 2774 2001 2843 ingressus

1208 2867 1251 2916 est
1263 2859 1403 2924 mundum,
1417 2867 1445 2914 et
1457 2860 1531 2914 dedit
1546 2861 1672 2915 mandata
1688 2860 1783 2916 salutis
1797 2871 1915 2917 aeternae.
1924 2861 2002 2930 erod

1208 2950 1360 3021 intelligens
1370 2950 1467 3004 Petrus
1483 2949 1620 3020 apostolus
1632 2952 1665 3004 ad
1683 2952 1769 3022 ipsum
1785 2952 1927 3008 bominum
1942 2954 2000 3009 ait:

1212 3060 1221 3091 r
1239 3038 1277 3093 Tu
1290 3040 1372 3093 rerba
1384 3040 1447 3095 ritae
1461 3048 1569 3094 eternae
1582 3042 1674 3101 habes,
1691 3051 1717 3095 et
1729 3058 1779 3096 nos
1791 3044 1928 3097 credimus
1937 3045 2002 3113 quia

1210 3141 1238 3187 tu
1251 3146 1281 3186 cs
1296 3131 1430 3196 Christus,
1446 3131 1531 3186 Filius
1547 3132 1595 3186 Dei
1608 3132 1660 3186 riri
1674 3131 1764 3203 (ioan.
1781 3134 1829 3204 rr).
1849 3155 1858 3185 r
1874 3133 1912 3189 lle
1925 3136 2003 3206 eujus

1209 3223 1313 3294 origine
1325 3233 1406 3294 atque
1418 3224 1558 3279 nativitate
1568 3224 1656 3279 adhuc
1667 3225 1847 3295 subjungitur.

1511 3337 1623 3393 CAPUT
1642 3336 1687 3392 lV.

1211 3430 1250 3484 De
1263 3430 1392 3500 supientia
1404 3429 1453 3483 Dei
1464 3432 1645 3499 prophetatum
1658 3429 1719 3499 quin
1731 3429 1763 3481 de
1781 3427 1887 3501 Virpiue
1899 3445 1932 3484 ex
1941 3427 2002 3499 Spi-

1390 3502 1442 3553 ritu
1455 3510 1546 3553 surrrto
1563 3498 1649 3552 Filius
1665 3508 1824 3553 nosceretur.

1250 3633 1259 3663 ι
1281 3611 1367 3666 ilarlix
1389 3612 1529 3681 sapientiae
1552 3613 1596 3666 cui
1621 3611 1739 3667 revelata
1763 3621 1822 3672 est.
1840 3623 1868 3669 et
1889 3614 2005 3669 astutias

1215 3724 1224 3756 ι
1249 3704 1319 3758 ἰιιίυε
1334 3703 1396 3772 uaris
1408 3703 1536 3773 agnouit?
1549 3703 1697 3774 Disciplina
1712 3705 1853 3773 sapientiae
1869 3706 1912 3762 cui
1925 3720 2005 3762 reve·

1216 3815 1225 3847 ι
1247 3796 1301 3850 lata
1315 3804 1373 3857 est,
1387 3806 1414 3849 et
1433 3795 1626 3850 manilestatn?
1640 3796 1673 3848 Et
1695 3795 1945 3865 multiplicationem
1965 3798 2007 3852 in·

1215 3906 1226 3941 r
1246 3903 1356 3958 gressus
1372 3887 1443 3941 illins
1458 3886 1519 3956 qtris
1536 3885 1685 3940 intellexit?
1701 3886 1775 3940 Uarus
1790 3896 1832 3941 est
1850 3887 2005 3942 ditissimus

1215 3998 1224 4031 ι
1246 3988 1353 4033 creator
1371 3978 1558 4045 omnipotens,
1579 3983 1606 4029 et
1623 3992 1671 4030 rex
1690 3985 1787 4044 potens
1799 3984 1826 4031 et
1844 3977 2006 4031 metuendus

1215 4089 1224 4122 ι
1246 4070 1338 4131 nimis,
1355 4068 1452 4122 sedens
1468 4081 1551 4134 super
1569 4066 1696 4120 thronum
1719 4065 1805 4129 illius,
1823 4075 1849 4119 et
1863 4066 2006 4120 dominans

1216 4179 1225 4211 ι
1248 4161 1327 4213 Deus.
1346 4159 1405 4228 lpse
1417 4158 1522 4212 crearit
1537 4156 1610 4211 illam
1629 4157 1655 4209 in
1671 4156 1774 4225 Spiritu
1790 4165 1899 4217 saneto,
1919 4164 1947 4211 et
1965 4159 2005 4212 vi·

1215 4270 1225 4303 ι
1246 4251 1295 4314 dit,
1311 4259 1338 4304 et
1352 4247 1542 4312 dinumeravit,
1554 4256 1582 4301 et
1595 4261 1704 4301 mensus
1718 4256 1769 4301 est.
1782 4249 1816 4302 Et
1825 4248 1919 4303 eliudit
1932 4250 2005 4304 illam

1216 4360 1225 4392 ι
1248 4338 1433 4408 superomnia
1449 4351 1530 4408 opera
1547 4352 1611 4401 sua,
1631 4346 1659 4392 et
1673 4353 1756 4406 super
1771 4354 1880 4393 omnem
1894 4355 2005 4395 earnem

1216 4450 1226 4483 ι
1249 4429 1395 4487 secundum
1413 4429 1506 4484 datum
1521 4443 1611 4491 suum,
1626 4436 1654 4482 et
1668 4428 1784 4497 praebuit
1801 4427 1876 4482 illam
1893 4429 2006 4499 diligen·

1216 4543 1226 4576 ι
1250 4523 1322 4577 tibus
1346 4536 1384 4576 se.
1405 4540 1414 4572 r
1433 4519 1500 4574 Cum
1523 4518 1676 4589 interrogat
1700 4519 1743 4573 cui
1769 4519 1907 4589 sapientie
1929 4520 2006 4575 radix

1214 4612 1331 4669 revelata
1353 4610 1388 4664 sit
1400 4625 1431 4664 ao
1445 4606 1632 4672 manifestata,
1652 4617 1679 4663 et
1695 4609 1944 4677 multiplicationem
1964 4611 2006 4664 in·

1214 4718 1324 4776 gressus
1347 4701 1419 4755 illius
1441 4699 1502 4769 quis
1519 4699 1701 4764 intellexerit,
1724 4698 1843 4754 ostendit
1868 4700 2006 4755 nemiuem

1213 4812 1293 4870 posse
1308 4794 1519 4868 profunditatem
1535 4794 1641 4849 consilii
1653 4794 1701 4848 bei
1715 4802 1875 4863 penetrare,
1890 4804 1937 4850 aut
1948 4810 2007 4850 ma·

1214 4887 1383 4959 guitudinem
1397 4885 1528 4941 bonitatis
1539 4892 1567 4939 et
1584 4883 1779 4939 misericordie
1792 4882 1861 4954 ejus,
1878 4883 1960 4956 (unde
1972 4887 2006 4941 ad

1214 4980 1400 5037 liberationem
1414 4987 1443 5034 et
1456 4978 1680 5033 illuminationem
1696 4977 1806 5032 humani
1827 4976 1934 5047 generis
1949 4978 2007 5046 ipse

1215 5072 1297 5127 homo
1318 5070 1377 5125 heri
1397 5067 1594 5139 dignatusest)
1619 5067 1857 5137 comprehendere.
1881 5067 1957 5123 Sicut
1979 5077 2007 5123 et

1176 5160 1299 5225 Dlsaias
1313 5160 1444 5229 propheta
1465 5167 1577 5227 stupens
1597 5158 1756 5228 mysterium
1776 5158 1925 5214 natiuitatis
1948 5159 2008 5230 ejus

1217 5253 1275 5306 ait:
1300 5270 1309 5302 ι
1331 5250 1542 5306 Generationem
1569 5256 1658 5305 autem
1686 5248 1746 5318 ejus
1764 5250 1827 5320 quis
1851 5251 2007 5307 enarrabit?

1217 5340 1304 5413 (Paul.
1315 5340 1406 5409 annm
1421 5340 1501 5397 Solus
1513 5341 1585 5396 enim
1596 5342 1669 5397 Deus
1679 5340 1761 5397 Pater
1770 5344 1941 5413 omnipotens
1951 5346 2007 5400 uni·

1217 5433 1301 5503 geniti
1313 5431 1373 5486 Filii
1388 5432 1431 5485 sui
1445 5432 1610 5496 adventum,
1632 5446 1682 5501 per
1701 5432 1790 5501 ipsum
1811 5434 1929 5491 Verbum
1954 5435 2007 5491 sibi

1218 5531 1381 5578 coeternum
1395 5521 1474 5576 simul
1490 5538 1553 5576 cum
1571 5520 1674 5591 Spiritu
1693 5533 1789 5579 sancto
1807 5525 1944 5581 ordinavit
1963 5534 2006 5582 at·

1218 5628 1271 5683 que
1283 5614 1430 5683 disposuit,
1446 5614 1583 5684 quomodo
1601 5629 1651 5685 per
1665 5614 1778 5684 uirginis
1791 5625 1899 5685 parturn
1914 5615 1947 5669 ad
1963 5630 2008 5673 su·

1219 5706 1302 5760 lutem
1317 5705 1409 5760 muudi
1424 5704 1605 5775 processerit,
1628 5712 1659 5757 ut
1677 5713 1816 5774 repararet
1836 5711 2007 5771 efflaturum,

1219 5809 1301 5863 quam
1316 5792 1378 5849 lecit
1393 5793 1427 5847 ab
1438 5794 1526 5858 initio,
1538 5809 1570 5848 ae
1581 5794 1718 5848 bominem
1729 5794 1819 5864 (quem
1835 5792 1893 5862 ipse
1904 5793 2009 5848 creavit

1220 5895 1334 5949 rectum,
1349 5886 1395 5939 sei
1406 5883 1451 5939 illo
1466 5899 1495 5938 se
1517 5899 1565 5953 per
1583 5883 1793 5939 inobedientiam
1809 5880 1872 5935 lecit
1894 5895 2004 5951 perver·

1220 5978 1290 6047 sum)
1304 5978 1402 6032 iterum
1415 5976 1623 6045 adagnitionem
1642 5986 1668 6029 ει
1683 5973 1853 6031 dilectionem
1872 5974 1915 6029 sui
1930 5987 2000 6029 reso
