4709 6767
427 588 479 642 aa:
749 583 778 640 ll.
801 582 928 639 talanat
950 580 1061 636 statut
1081 574 1242 635 attentat.
1265 573 1418 630 leGUNT.
1440 567 1581 626 ppppppp
1603 569 1692 625 ntus
1710 569 1732 626 l.

427 722 478 775 atra
495 704 580 759 dicit:
602 723 609 752 r
627 700 675 768 Qui
698 698 797 754 biberit
818 714 915 768 narrant
938 712 1019 767 attam
1039 711 1088 766 ego
1102 694 1171 749 dabo
1187 692 1221 754 ei,
1239 693 1262 751 Α

429 799 475 853 het
485 798 552 850 ineo
563 793 621 848 sons
632 807 707 862 aquae
718 791 838 844 salientis
854 790 879 843 ia
894 790 977 843 ritam
991 795 1118 840 aeternam
1130 783 1220 854 (Joatt.

428 889 476 957 rr).
498 907 506 938 r
526 885 558 939 Et
577 885 659 938 item:
676 903 684 932 r
701 881 749 949 Qui
766 881 834 945 sitit,
850 880 946 949 inanit,
962 877 1052 931 veniat
1071 876 1105 929 ad
1124 890 1178 938 mc,
1196 882 1224 927 et

428 976 523 1030 bibat:
543 981 570 1028 ct
591 972 623 1026 de
650 979 742 1025 reatrc
762 969 819 1039 ejus
844 967 927 1023 iluent
951 965 1112 1036 aquaevivae
1130 962 1221 1036 (ioan.

430 1064 516 1136 turbt

468 1154 544 1208 :Cor
564 1151 629 1205 latui
653 1151 730 1221 attasi
754 1166 801 1204 ras
821 1148 1001 1213 contractum,
1014 1156 1042 1202 et
1054 1160 1162 1202 omnem
1181 1158 1224 1198 sa-

433 1244 584 1315 ‹pirntiam
600 1257 653 1296 non
671 1241 808 1296 tenebit.»
834 1239 909 1294 lleas
925 1254 989 1309 ergo
1007 1236 1080 1293 stulti
1104 1233 1223 1289 heretici

428 1335 504 1405 «prasi
523 1348 572 1389 aas
587 1332 756 1388 contractum
774 1339 826 1395 cst,
844 1331 907 1401 attia
922 1329 1031 1383 ntalitiae
1043 1326 1160 1382 stimulis
1171 1340 1224 1377 un·

428 1427 509 1498 tlitpte
525 1423 753 1496 estperioratnm,
774 1437 823 1478 ucc
842 1419 896 1490 iam
913 1420 1011 1476 babilis
1030 1426 1072 1475 est
1094 1418 1127 1472 ad
1145 1431 1224 1471 nsum

429 1516 577 1588 sapientiae,
596 1516 657 1585 arria
675 1515 802 1569 rirtutem
822 1511 892 1582 ejus,
914 1527 974 1583 qne
987 1513 1095 1567 sincera
1111 1518 1139 1566 et
1155 1525 1224 1580 pura

426 1618 481 1674 cst,
504 1617 614 1680 proptor
638 1608 677 1663 sni
702 1607 851 1662 iterlitatem
880 1606 1018 1661 continere
1043 1618 1097 1659 non
1124 1609 1222 1673 potest.

431 1701 507 1757 [lade
518 1701 602 1756 dicit:
618 1719 626 1751 a
641 1715 747 1755 omnem
762 1696 920 1769 sapientiam
938 1711 991 1751 non
1006 1696 1118 1762 tenebit,
1135 1714 1144 1747 r
1162 1694 1225 1763 attia

431 1792 548 1862 Spiritus
560 1800 670 1846 sanctus
686 1789 834 1860 discipline
855 1787 965 1858 eiitrgict
985 1788 1092 1852 ictum,
1121 1793 1173 1841 ret
1199 1785 1225 1839 iu

432 1884 589 1940 malevolam
603 1883 721 1937 animam
736 1897 788 1936 uon
801 1882 923 1936 introibit
936 1881 1079 1952 sapientia.
1095 1898 1104 1931 t

2017 570 2068 621 adt

1582 686 1695 742 etthi
1720 684 1761 739 ΙΙΙ.

1275 779 1409 850 Sapientia
1424 779 1535 833 ostendit
1553 778 1634 831 tistoa
1648 776 1751 845 cuipam
1766 791 1832 837 asar,
1852 791 1905 828 tran
1924 777 2071 843 grandium:

1481 849 1542 920 prtia
1562 849 1687 917 gartdiunt
1705 864 1721 898 a
1743 844 1796 899 [leo
1813 855 1860 899 est.

1314 954 1440 1012 «Fatuus
1461 958 1488 1012 in
1512 957 1567 1011 risa
1589 954 1692 1011 exaltat
1706 968 1799 1011 uocem
1818 969 1909 1020 suam,
1928 955 1972 1009 tir
1985 966 2072 1010 autem

1277 1049 1410 1118 «sapiens
1422 1048 1467 1104 rit
1483 1048 1563 1103 tacite
1575 1046 1682 1102 ridebit.
1699 1067 1708 1098 r
1736 1044 1844 1101 llomiai
1858 1047 1991 1117 prudenti
2007 1057 2071 1103 tent

1274 1140 1395 1211 perantia
1419 1139 1446 1194 iu
1471 1139 1597 1194 omnibns
1618 1139 1686 1193 benc
1708 1139 1851 1204 contenit,
1877 1154 1961 1209 auam
1988 1139 2072 1194 iattna

1274 1232 1357 1286 aerbo
1381 1239 1409 1287 et
1434 1232 1555 1287 moribus
1585 1232 1696 1286 ormino
1725 1247 1837 1287 serrare
1865 1233 1967 1287 nescit.
1995 1229 2071 1287 latta

1275 1322 1390 1378 aliorum
1412 1331 1502 1376 autem
1521 1338 1642 1387 sensnm,
1664 1322 1765 1378 stultus
1776 1324 1972 1379 hereticorum
1991 1335 2074 1380 cactus

1275 1412 1409 1483 plausibili
1424 1413 1581 1484 operatione
1597 1429 1645 1483 per
1660 1414 1824 1469 rhetoricam
1847 1422 1940 1469 artem
1955 1415 2074 1470 arena

1276 1504 1429 1559 auditorum
1448 1503 1567 1559 iarorcm
1580 1506 1688 1574 atterit,
1704 1505 1751 1560 sed
1765 1507 1834 1561 ordo
1850 1514 2013 1561 sanctornm
2031 1508 2074 1560 do

1276 1603 1381 1651 ctoram
1400 1596 1437 1650 ita
1450 1594 1651 1665 jucunditatem
1670 1596 1813 1653 locationis
1830 1597 1890 1653 suis
1910 1598 2074 1654 intermiscet

1277 1688 1420 1754 doctrinis,
1436 1698 1466 1743 nt
1482 1696 1571 1744 tamen
1585 1704 1600 1743 a
1616 1690 1741 1745 veritatis
1755 1692 1883 1755 tramite,
1899 1699 1927 1746 ct
1939 1693 2073 1759 euangeli-

1276 1780 1317 1835 cis
1341 1781 1416 1837 nnllo
1442 1783 1522 1839 modo
1553 1781 1663 1838 aberret
1686 1782 1844 1853 disciplinis.
1877 1783 1957 1840 Unde
1980 1792 2009 1839 et
2034 1800 2073 1839 sr-

1277 1872 1396 1942 quitur:

470 1975 612 2029 «Verbum
640 1974 748 2042 sapiens
774 1973 953 2043 qttodcnnaue
983 1971 1099 2027 audierit
1125 1972 1226 2027 inscius
1316 1968 1537 2026 «Ornamentum
1552 1945 1664 2025 aureum
1677 1971 2074 2043 prudentidoett·iaa,etrptasi

434 2087 442 2118 r
459 2066 588 2128 laureabit,
599 2073 627 2119 et
640 2064 672 2118 ad
688 2079 717 2118 se
728 2063 838 2132 adjiciet
850 2082 856 2116 :
868 2063 959 2117 maliet
972 2062 1126 2117 luxuriosus
1136 2071 1163 2116 et
1174 2061 1227 2117 dis-
1241 2040 1264 2099 B
1281 2080 1289 2111 r
1304 2060 1441 2115 brachiale
1454 2063 1481 2115 itt
1495 2060 1607 2115 brachio
1620 2062 1725 2116 alertro.
1741 2081 1750 2112 t
1772 2062 1843 2132 Ergo
1858 2062 1907 2132 qtti
1920 2079 2020 2118 anrnrn
2034 2081 2073 2118 sa-

435 2155 567 2226 ‹plicchit
581 2154 628 2218 illi,
643 2162 670 2208 et
690 2152 812 2222 projiciet
827 2152 890 2206 illud
906 2145 967 2223 post
983 2152 1093 2207 dorsum
1109 2167 1198 2206 suum.
1215 2171 1224 2202 r

431 2245 546 2300 luscium
574 2244 690 2314 appellat
715 2243 842 2298 luunilrm
863 2244 1013 2297 atalitorcm
1040 2251 1068 2297 et
1093 2243 1226 2298 intentum

432 2336 618 2390 meditatorem
632 2335 706 2389 verbi
722 2335 778 2399 ilci,
794 2335 840 2405 qai
851 2335 909 2389 sitit
923 2349 983 2390 cnm
999 2336 1130 2407 propbeta
1142 2343 1169 2390 et
1180 2351 1228 2405 ap·

432 2426 510 2496 petit,
523 2433 553 2479 nt
563 2424 705 2494 perveniat
720 2425 754 2479 ad
765 2425 938 2495 presentiam
953 2434 981 2480 ct
994 2426 1160 2496 agnitionem
1174 2425 1227 2481 llo-

432 2516 496 2570 mini
513 2517 569 2581 sui,
589 2514 633 2571 hic
646 2515 793 2570 secundnm
807 2513 935 2568 saeenlnm
951 2523 993 2570 est
1005 2514 1114 2580 stultns,
1131 2530 1229 2571 scenn-

432 2606 495 2659 dnrn
512 2606 594 2660 mum
611 2619 674 2659 rere
688 2604 721 2658 ad
736 2603 892 2658 discendum
907 2603 1064 2660 studiosus:
1082 2605 1167 2674 «atria
1181 2605 1228 2659 atri

431 2694 511 2764 hujus
523 2695 613 2752 saeculi
626 2696 817 2766 prudentiores
835 2704 900 2750 sunt
914 2695 977 2751 siliis
989 2695 1057 2753 lucis
1072 2696 1228 2767 ingenera-

434 2788 507 2843 tioue
527 2802 586 2841 sna.
605 2806 615 2840 t
639 2785 713 2841 Talis
725 2802 789 2856 crgo
802 2787 981 2857 quodcunque
995 2786 1107 2841 verbum
1120 2786 1229 2855 sapiens

433 2876 558 2940 audierit,
582 2875 713 2939 laudabit,
738 2876 850 2940 amabit,
868 2885 895 2931 et
909 2876 935 2930 in
955 2891 1032 2931 snam
1049 2884 1166 2931 meatem
1184 2890 1229 2930 re·

433 2967 551 3023 condere
562 2966 707 3021 festinabit.
726 2967 747 3020 E
759 2975 855 3022 contra
867 2982 931 3024 aero
946 2967 1103 3022 lttxuriosns
1115 2975 1143 3021 at
1155 2980 1230 3020 atna-

434 3069 477 3114 tor
501 3059 669 3127 voluptatum
694 3059 795 3122 saeculi,
821 3075 881 3113 cum
905 3060 1021 3113 audierit
1040 3059 1151 3114 verbam
1170 3057 1228 3121 liei,

427 3147 585 3219 displicebit
608 3146 655 3211 illi,
677 3156 704 3200 et
726 3144 849 3217 projiciet
867 3155 929 3217 post
943 3147 1054 3202 dorsum
1071 3161 1161 3210 sunm,
1177 3146 1229 3200 boc

428 3246 484 3304 cst,
504 3239 530 3292 in
549 3237 654 3292 irritum
674 3236 759 3302 ducit,
779 3250 830 3292 nec
849 3236 936 3307 ipsum
950 3250 1032 3307 opere
1044 3234 1230 3305 implerecoa·

433 3331 530 3386 tendit.

1277 2151 1386 2221 pientia
1409 2150 1579 2221 splendorem
1598 2159 1628 2205 et
1652 2152 1794 2221 mysticum
1813 2152 1914 2206 divium
1935 2153 2006 2225 legis
2020 2169 2074 2207 scu-

1277 2259 1337 2300 snnt
1351 2245 1496 2315 siguificat,
1510 2243 1588 2315 qnasi
1600 2253 1790 2299 ornamentum
1811 2260 1929 2299 aaretun
1956 2255 2000 2301 est
2018 2263 2074 2316 prn

1278 2336 1351 2391 denti
1366 2336 1497 2399 doctrina,
1514 2351 1573 2391 cum
1590 2334 1746 2407 ponticulo
1760 2336 1833 2391 illius
1848 2336 1945 2391 dirina
1963 2338 2074 2392 illustra·

1278 2434 1322 2481 tur
1337 2426 1486 2495 sapientia;
1507 2434 1535 2480 ct
1547 2427 1624 2495 attasi
1642 2427 1780 2481 bracltiatc
1795 2428 1821 2482 in
1839 2428 1959 2484 brachio
1973 2430 2074 2490 dextra,

1278 2534 1340 2573 cum
1360 2520 1485 2574 universa
1495 2534 1577 2589 opera
1591 2535 1639 2574 sua
1659 2527 1686 2574 ct
1701 2527 1784 2574 totam
1796 2520 1883 2575 sitam
1900 2538 1982 2576 suant
1997 2523 2075 2575 rirta·

1279 2617 1335 2663 tum
1349 2608 1500 2663 eireuutdat
1514 2608 1671 2678 disciplina;
1685 2624 1734 2665 nec
1748 2610 1821 2664 enim
1833 2610 1909 2665 alitrd
1923 2611 2023 2667 docere
2034 2622 2074 2667 aut

1279 2711 1361 2768 agere
1379 2698 1462 2761 novit,
1488 2698 1540 2753 nisi
1561 2699 1633 2768 qnod
1652 2714 1746 2754 nortna
1771 2701 1912 2772 equitatis
1933 2702 2075 2771 etiustitiat

1280 2788 1365 2843 dictat
1378 2786 1483 2858 regula.

1318 2877 1393 2933 «Pes
1414 2877 1479 2932 latui
1499 2877 1586 2932 facilis
1611 2879 1637 2933 iu
1658 2879 1765 2934 domam
1785 2881 1927 2950 proximi;
1950 2893 1979 2937 ct
2003 2884 2075 2938 buta

1282 2971 1410 3041 «peritus
1427 2970 1602 3025 contunditur
1612 2986 1627 3024 a
1639 2986 1755 3041 persona
1771 2972 1903 3041 potentis.
1922 2993 1932 3026 t
1954 2973 2006 3029 Pes
2016 2974 2074 3029 latai

1280 3058 1360 3114 iacile
1373 3060 1547 3131 progreditur
1560 3060 1587 3114 ia
1605 3060 1713 3114 tlomum
1728 3062 1858 3130 proximi,
1879 3078 1945 3118 etun
1964 3065 2073 3120 heretici

1281 3158 1422 3206 auctomm
1437 3166 1549 3205 suorum
1561 3159 1666 3205 sectam
1679 3150 1705 3204 in
1720 3150 1861 3208 domicilio
1879 3155 2072 3225 scripturaram

1280 3257 1391 3298 suamtn
1413 3242 1563 3297 latitantem
1583 3242 1693 3297 student
1708 3241 1828 3306 imitari;
1848 3245 1898 3299 sed
1914 3245 1998 3301 horno
2011 3248 2073 3316 peri

1282 3342 1325 3388 tus
1344 3330 1549 3387 conlunditnra
1564 3346 1679 3401 persona
1693 3333 1824 3402 potentis,
1839 3335 1955 3404 quando
1970 3337 2071 3391 emboli

470 3420 622 3479 «Narratio
633 3421 710 3488 latai,
730 3422 807 3494 qnasi
822 3422 930 3479 sarcina
945 3422 972 3477 in
988 3423 1048 3489 ria;
1069 3439 1132 3478 nam
1147 3423 1172 3477 ia
1190 3393 1265 3477 la·c
1281 3441 1329 3481 cos
1344 3426 1439 3481 doctor
1452 3424 1589 3480 erubescit
1600 3438 1721 3479 errorem
1740 3426 1819 3494 sequi
1845 3425 1970 3483 bominis
1990 3444 2071 3499 snper

435 3514 512 3569 «hiis
524 3514 625 3569 sensati
637 3513 789 3570 invenietur
802 3515 900 3586 gratia.
917 3532 926 3565 r
948 3514 1076 3570 Doctrina
1090 3530 1154 3585 ergo
1175 3515 1231 3568 bae·
1281 3515 1390 3570 bientis

433 3606 512 3661 retici
531 3605 636 3662 cunctis
657 3621 752 3661 sanum
775 3605 943 3676 sapientibus
959 3620 1072 3660 onerosa
1090 3606 1230 3661 ostiaria
1320 3625 1329 3657 t
1345 3604 1450 3661 Stultus
1469 3620 1483 3659 a
1504 3606 1622 3661 fenestra
1637 3605 1763 3675 respiciet
1777 3606 1805 3662 ia
1822 3607 1938 3664 domum
1954 3629 1961 3664 :
1977 3612 2018 3665 rir
2031 3626 2072 3664 aa·

434 3698 514 3770 hujus
526 3699 628 3765 saeculi,
643 3700 705 3770 ania
723 3699 788 3754 nulli
807 3699 866 3754 asni
885 3708 958 3769 apta,
974 3698 1020 3753 sed
1035 3699 1160 3753 omnibus
1178 3699 1228 3753 ho-
1283 3715 1293 3748 r
1309 3706 1363 3752 tem
1380 3697 1502 3752 cruditas
1518 3696 1584 3752 loris
1598 3697 1690 3753 stabit.
1706 3718 1716 3750 r
1745 3697 1795 3754 llic
1811 3698 1890 3756 locas
1903 3718 1956 3773 per
1969 3702 2072 3775 figurant

433 3795 477 3849 ttis
494 3802 537 3848 est
559 3794 705 3850 contraria.
730 3793 760 3847 la
783 3792 861 3848 labiis
878 3808 943 3862 ergo
962 3791 1064 3846 sensati
1078 3790 1231 3845 invenietur
1279 3789 1397 3848 ostendit
1410 3789 1571 3844 malitiosam
1582 3790 1774 3844 haeretieorum
1783 3790 1984 3858 calliditatem,
1997 3806 2024 3849 et
2037 3796 2072 3847 ln·

432 3886 532 3957 gratia.
554 3888 618 3957 quia
640 3886 668 3941 ia
692 3886 783 3941 verbis
809 3886 926 3940 doctoris
945 3883 1071 3939 catholici
1096 3883 1231 3951 reperitur
1280 3883 1416 3938 calcatam
1438 3882 1632 3938 catholicorum
1647 3882 1861 3952 simplicitatem.
1889 3884 1997 3942 Stultus
2014 3902 2072 3955 ergo

433 3991 501 4031 sana
515 3976 673 4045 praedicatio
685 3984 712 4030 et
725 3975 810 4047 gratia
828 3974 945 4045 Spiritus
963 3974 1061 4028 saneti.
1280 3988 1295 4026 a
1310 3972 1428 4028 fenestra
1444 3972 1571 4042 respiciet
1587 3972 1613 4027 in
1628 3973 1748 4037 domum,
1765 3977 1877 4043 artando
1902 3979 2016 4034 callidos
2032 3995 2070 4034 ar·

472 4063 534 4122 «Os
546 4066 687 4136 prudentis
701 4064 831 4135 quaritur
843 4064 869 4118 in
879 4063 1010 4127 Ecclesia,
1024 4073 1052 4118 et
1063 4064 1145 4118 rerba
1157 4063 1229 4118 illius
1279 4072 1451 4135 gumentator
1462 4064 1488 4118 ia
1503 4064 1584 4119 domo
1599 4062 1800 4134 Scripturarnm
1826 4066 1965 4126 lammina
1983 4072 2069 4142 qnam

438 4156 663 4227 «cogitabantur
684 4154 812 4212 cordibus
830 4156 921 4210 suist
950 4154 1007 4210 lloc
1029 4162 1082 4220 est,
1106 4155 1227 4210 doctrina
1279 4153 1436 4210 occultioris
1450 4168 1557 4219 sensate,
1578 4154 1649 4209 nude
1669 4156 1771 4210 erroris
1792 4157 1837 4212 sui
1857 4161 1950 4228 possit
1962 4163 2071 4232 arripere

435 4247 560 4304 catholici
578 4247 762 4318 predicatoris
776 4247 908 4318 queritur
922 4247 949 4301 iu
963 4247 1060 4317 populo
1076 4247 1135 4311 liei,
1146 4257 1174 4301 et
1183 4248 1230 4302 dc·
1279 4243 1473 4308 assertionem
1489 4244 1537 4298 sed
1549 4243 1698 4299 catholicus
1711 4245 1808 4301 doctm
1820 4247 1890 4304 ioris
1903 4253 1999 4319 stabit,
2014 4255 2069 4323 quia

434 4338 491 4393 uoti
514 4337 651 4393 auditores
673 4338 755 4392 rerba
778 4337 850 4392 illius
870 4336 1041 4391 retractando
1064 4337 1183 4406 cogitant
1202 4338 1228 4393 in
1280 4337 1447 4405 Scriptorum
1470 4352 1576 4393 sacram
1601 4336 1796 4402 manifestare,
1821 4347 1850 4395 et
1875 4343 1911 4398 ad
1934 4346 2069 4400 maltorum

427 4429 562 4484 cordibus
579 4430 646 4494 sais,
660 4437 795 4499 quatenns
805 4444 837 4484 ea
851 4437 924 4484 recte
938 4428 1110 4500 intelligendo
1120 4438 1148 4484 et
1160 4430 1229 4485 bene
1279 4428 1403 4483 notitiam
1416 4427 1609 4497 praedicatione
1620 4442 1668 4482 sna
1680 4429 1832 4497 perdocere
1846 4435 2001 4490 contendit.
2029 4438 2069 4490 te

429 4518 550 4573 uiuendo
562 4517 715 4589 compleant
728 4517 880 4573 actionibus
891 4517 951 4587 piis.
1278 4521 1347 4575 ritas
1361 4520 1433 4575 enim
1451 4518 1563 4590 angulos
1578 4534 1631 4574 nan
1644 4527 1726 4585 amat,
1739 4520 1786 4575 sed
1808 4538 1858 4593 per
1873 4524 1946 4582 lucis
1956 4537 2067 4584 semitam

468 4628 482 4660 r
497 4608 637 4676 Tanquam
656 4607 751 4662 domus
771 4608 958 4669 exterminata,
979 4608 1018 4663 sic
1033 4607 1108 4663 latae
1121 4609 1228 4679 sapien·
1278 4615 1408 4671 ambalat.

436 4719 447 4751 r
463 4699 511 4763 tia,
524 4698 674 4753 ctscientia
689 4698 819 4753 insensati
833 4698 1023 4753 inenarrabilia
1037 4700 1129 4755 rerba.
1144 4718 1153 4751 t
1174 4700 1228 4755 lto-
1316 4706 1458 4762 «stultitia
1473 4706 1591 4761 hominis
1609 4706 1703 4760 andire
1721 4721 1770 4776 per
1785 4707 1899 4776 ostium,
1918 4718 1946 4766 et
1960 4712 2064 4783 pmapn

435 4803 495 4843 urus
508 4788 687 4843 exterminata
707 4788 775 4844 bene
793 4796 881 4858 potest
899 4789 952 4844 dici
973 4790 1161 4845 hereticorum
1183 4806 1228 4861 sy·
1281 4799 1460 4869 tparaltitar
1472 4796 1670 4853 contumelias
1696 4796 1817 4853 Stultitia
1836 4810 1882 4855 est
1903 4802 2020 4858 hominis
2036 4801 2063 4855 sl·

435 4894 550 4950 nagoga,
573 4879 618 4933 uhi
644 4878 710 4933 raeti
729 4887 757 4935 et
778 4878 904 4934 catholici
924 4894 1021 4935 scasas
1034 4880 1172 4949 spernitur
1184 4896 1230 4936 sa·
1277 4903 1326 4944 ore
1340 4887 1528 4943 haereticoram
1545 4886 1613 4941 nolle
1629 4887 1830 4956 predicationis
1842 4892 1941 4947 andire
1956 4893 2059 4948 verbim.

425 4970 546 5040 pientia.
555 4969 700 5040 Propterea
712 4969 832 5025 scientiae
842 4969 947 5024 illorum
961 4978 1024 5025 sant
1036 4971 1227 5027 inenarrabilia
1278 4980 1341 5049 quia
1355 4978 1417 5032 inde
1430 4977 1490 5032 lldci
1501 4992 1556 5032 sate
1566 4984 1656 5047 potest
1669 4978 1794 5048 accipere
1804 4981 1975 5036 scandalum.
1991 4982 2058 5035 iens

435 5062 528 5127 acrba.
549 5064 611 5133 quia
630 5062 827 5132 multiplicibus
848 5062 988 5118 erroribus
1009 5072 1072 5118 snm
1092 5065 1225 5127 obnoxia:

435 5154 574 5209 nonenim
588 5154 697 5220 doceat,
711 5153 782 5223 qnod
794 5154 894 5209 veritas
903 5155 995 5220 habet,
1009 5156 1055 5210 scd
1068 5156 1140 5225 qnod
1153 5155 1229 5211 lalla-

436 5243 504 5298 citer
518 5257 612 5300 eornm
627 5245 847 5316 llrrxitneqnitia.

474 5333 645 5405 «Coutpedes
662 5337 689 5390 in
711 5337 823 5408 pedibus
844 5338 927 5395 stulto
944 5340 1076 5407 doctrina,
1100 5350 1128 5398 et
1150 5342 1227 5413 attasi

437 5420 572 5476 avincula
592 5437 722 5479 manuum
746 5441 827 5497 snpra
850 5443 959 5483 manum
976 5431 1137 5486 dextram.»
1162 5433 1228 5486 Ver·

431 5514 500 5569 ,hum
513 5514 584 5569 enim
599 5514 673 5583 vita,
686 5518 757 5587 qaod
771 5518 868 5574 liberat
881 5530 993 5577 amorte
1003 5522 1108 5577 animas
1123 5524 1225 5589 fideles,

433 5605 677 5678 obligatcompede
688 5609 794 5666 anintas
807 5618 940 5676 errantes,
954 5612 1016 5682 quia
1030 5615 1168 5683 gressibus
1180 5631 1226 5670 eo·

435 5711 506 5763 rum,
523 5697 622 5767 quibus
636 5698 764 5754 incedunt
778 5698 806 5753 iu
823 5699 1040 5769 viainiqttitatis,
1052 5704 1224 5770 contradicit,

433 5795 463 5839 et
483 5786 585 5843 dextre
601 5800 708 5851 coram,
728 5786 779 5842 boc
798 5794 841 5842 cst
861 5786 989 5855 operibtu
1004 5790 1096 5858 pravis
1117 5790 1225 5849 vincula

433 5873 539 5942 injicit,
551 5878 659 5947 girando
681 5876 801 5932 actiones
823 5890 919 5931 eoutm
940 5878 1093 5937 damnando
1118 5880 1226 5937 sortiter

430 5967 614 6038 reprehendit

1278 5085 1343 5138 ergo
1355 5070 1515 5138 predicator
1530 5068 1604 5123 verbi
1621 5069 1718 5137 sepius
1733 5069 1866 5125 malornm
1881 5071 2056 5129 afficitoreoe

1279 5158 1399 5223 tttmelia,
1416 5158 1478 5227 qtria
1493 5160 1527 5212 ab
1539 5158 1675 5228 aeqttitatis
1688 5158 1762 5214 utillo
1774 5162 1856 5216 utodo
1866 5164 1927 5219 vult
1937 5162 2054 5221 discedere

1279 5249 1381 5321 regula.
1405 5248 1461 5304 lloc
1474 5250 1547 5304 enim
1559 5249 1643 5306 distat
1653 5252 1723 5308 inter
1736 5253 1897 5310 hereticum
1917 5264 1944 5311 et
1964 5252 2053 5311 catlulr

1278 5359 1352 5407 cnm,
1373 5343 1445 5412 qrrod
1468 5343 1511 5398 itte
1531 5346 1634 5414 appetit
1654 5346 1761 5401 laudern
1778 5348 1940 5416 humanam,
1956 5348 2051 5420 isari>

1277 5438 1345 5491 riam
1360 5437 1492 5501 dirinam;
1514 5438 1558 5493 ille
1575 5440 1672 5508 miserit
1685 5456 1815 5512 prospera
1834 5446 1939 5511 mund,
1955 5446 2000 5500 iste
2011 5455 2049 5495 not
2114 5457 2117 5507 ᾖ

1276 5525 1444 5596 pertimescit
1460 5541 1510 5596 pro
1529 5526 1640 5583 Gbristo
1656 5529 1769 5585 adversa
1784 5532 1861 5601 pati:
1882 5533 1929 5590 ille
1941 5525 2048 5589 tendittl
2113 5534 2115 5546 '

1278 5625 1370 5685 portas
1385 5616 1490 5680 mortis,
1506 5616 1558 5672 iste
1572 5617 1606 5672 ad
1619 5618 1717 5689 gaudia
1730 5620 1807 5691 regni
1819 5621 1948 5679 eoeiestis.

1315 5723 1325 5756 r
1338 5704 1421 5760 habia
1436 5705 1645 5776 imprudentium
1656 5708 1737 5763 stulta
1746 5712 1901 5768 narrabunt
1912 5732 1919 5768 :
1930 5712 2003 5768 verba
2012 5724 2047 5762 tte
2110 5715 2111 5718 ’

1280 5800 1359 5847 rtem
1383 5793 1555 5863 prudentium
1584 5804 1685 5850 statera
1716 5795 1973 5870 ponderabuntur.»
2004 5796 2046 5852 linc

1278 5882 1407 5948 insinuat,
1417 5885 1489 5953 qrtod
1500 5887 1833 5960 sermonesiosipientinm
1843 5893 1979 5949 stultitiam
1988 5887 2047 5961 ptati
2107 5922 2109 5925 ·

1278 5989 1372 6030 sensus
1383 5990 1490 6045 semper
1501 5975 1651 6046 potemur,
1664 5977 1746 6035 rerba
1760 5990 1851 6038 antem
1863 5983 1976 6041 bdelium
1986 5992 2046 6048 tett-
