4709 6767
354 571 407 631 dil.
787 567 964 629 colluunt.
984 569 1018 625 tt
1039 567 1347 627 seelestasrtcbtt.
1370 602 1401 610 -
1420 570 1484 625 Llll.
1505 568 1535 625 ι’.
1940 571 1993 629 tts

357 704 367 736 ι
389 694 443 747 ure,
459 689 487 736 ει
506 695 604 735 animae
620 680 779 736 irreverenti
792 690 820 737 et
842 680 977 738 inlrunitae
995 697 1029 736 ne
1057 682 1149 738 tradas
1163 683 1186 743 Α
1202 679 1273 735 aliud
1286 680 1464 751 qruulcuuque
1478 679 1684 752 jurannutuut,
1709 678 1745 734 sit
1763 688 1853 736 autern
1868 691 1990 738 vestrum

358 795 368 828 s
391 787 445 830 ure.
464 792 473 825 s
498 771 582 827 ileum
599 779 704 842 patrem
719 772 906 827 universorum
928 778 956 827 ει
977 769 1108 828 laeterem
1121 782 1149 827 et
1197 769 1394 838 jurameutum,
1409 780 1461 836 cst,
1482 781 1532 834 εει,
1548 788 1613 830 εεε.
1630 788 1683 827 εεε
1702 772 1773 835 (lec.
1786 773 1824 844 r),
1844 794 1854 826 v
1874 775 1937 845 quia
1952 775 1992 830 le-

354 867 553 924 dominatorem
577 864 640 920 vitae
661 864 787 919 humanae
810 872 887 936 rogat
913 878 946 919 ne
973 877 1003 919 se
1029 866 1147 931 deserat,
1201 858 1328 917 thilerum
1347 862 1445 933 lingum
1463 860 1539 915 virus
1552 861 1586 915 ad
1599 860 1735 932 lntcgnuu
1750 863 1777 917 in
1792 864 1849 919 suis
1862 865 1993 921 arnlitori·

353 974 406 1015 uec
420 956 448 1012 iu
463 955 605 1012 consilium
628 954 806 1025 malignorum
821 955 964 1026 spirituum
979 956 1071 1013 venire
1086 972 1149 1026 per·
1199 951 1251 1008 bus
1269 952 1418 1007 exhaurire
1437 951 1644 1022 desideraturi
1666 952 1810 1008 detrahere
1832 955 1994 1013 alterutrum

353 1048 455 1115 mittat,
482 1048 529 1103 sed
555 1046 641 1118 magis
662 1045 737 1101 tollat
762 1046 796 1100 ab
818 1061 851 1101 co
871 1046 1015 1103 elationem
1039 1047 1147 1111 mentis,
1199 1042 1301 1110 retuit,
1327 1042 1374 1113 qui
1393 1042 1519 1115 judicare
1542 1043 1694 1113 proximum
1718 1043 1872 1110 interdixit,
1896 1045 1943 1116 qui
1967 1046 1994 1101 in

353 1153 490 1209 rturrreqac
509 1135 672 1193 desiderium
686 1152 800 1208 prarnm
820 1137 923 1192 attlerat
940 1137 1148 1211 gastrimargia,

353 1232 408 1289 hee
420 1240 472 1296 cst,
492 1231 560 1304 gule
580 1230 686 1295 vitium,
708 1237 735 1286 ct
749 1230 890 1286 libidinem
910 1226 1150 1295 iorrricationis'et

353 1325 474 1384 maxime
488 1340 521 1380 ne
533 1324 632 1379 animae
645 1324 804 1379 irreverenti
819 1332 846 1379 ει
859 1325 1000 1394 impudicae
1016 1324 1148 1391 tradatur,

354 1417 461 1475 scilicet
482 1433 517 1473 ne
536 1414 690 1486 hujusmodi
708 1416 782 1471 uitiis
803 1416 927 1488 capiatur
940 1424 988 1471 aut
1004 1415 1147 1487 obligetur.

354 1505 462 1564 Dicitur
475 1507 547 1561 enim
563 1508 635 1563 Dens
647 1506 755 1562 tradere
770 1508 906 1563 honriuem
921 1507 1001 1563 alicui
1015 1508 1147 1579 periculo,

354 1598 465 1668 cquando
475 1596 550 1667 justo
561 1597 663 1668 judicie
674 1597 807 1668 permittit
820 1614 881 1654 eum
897 1599 1016 1654 incidere
1031 1600 1057 1654 iu
1073 1599 1147 1656 illud.

354 1687 419 1743 ideo
435 1703 560 1760 rogamus
580 1688 654 1743 illum
675 1688 701 1743 iu
720 1691 843 1744 eratione
855 1690 1005 1758 Deutinica,
1019 1707 1053 1747 ne
1071 1692 1150 1748 iudu-

354 1788 402 1833 εει
417 1793 466 1833 εεε
486 1778 513 1832 in
536 1777 721 1845 tentationem,
741 1779 793 1834 boe
815 1788 868 1844 εει,
888 1795 921 1835 ne
936 1781 1079 1850 permittat
1100 1795 1150 1836 nus

355 1867 447 1923 induci
472 1866 702 1922 intentationem.
728 1886 737 1918 ι
758 1868 914 1922 Deuscnim
932 1869 1068 1924 nerninem
1093 1878 1151 1923 ten-

356 1963 409 2024 tat,
431 1977 441 2011 s
460 1957 511 2013 hec
523 1965 575 2020 est,
589 1958 723 2012 nerninem
738 1956 847 2026 decipit,
867 1977 876 2009 ι
897 1958 960 2027 quia
980 1958 1037 2028 ipse
1059 1959 1149 2014 inten-

1203 1133 1414 1188 advcrsitatlbus
1441 1133 1603 1189 alterutrum
1636 1135 1814 1206 ingemiscere
1846 1137 1993 1206 prohibuit,

1201 1239 1260 1293 quse
1273 1233 1336 1279 sunt
1350 1233 1443 1295 aperta
1457 1234 1578 1295 peceata;
1595 1226 1670 1281 addit
1685 1227 1767 1281 etiam
1783 1229 1834 1283 huc
1848 1228 1919 1300 quod
1932 1229 1995 1298 qui-

1201 1318 1314 1375 busdam
1332 1319 1391 1375 lere
1403 1319 1522 1386 videtur,
1536 1329 1565 1374 ut
1584 1319 1655 1390 juris
1672 1335 1779 1390 quoqne
1797 1320 1907 1390 jurandi
1926 1338 1993 1378 ceu-

1200 1410 1371 1465 suetudinem
1382 1410 1468 1466 tollat.
1483 1410 1550 1465 Nam
1563 1412 1614 1466 hec
1626 1427 1734 1483 quoquc
1749 1411 1801 1467 illis
1824 1426 1994 1483 nequaquam

1200 1499 1449 1573 parvipendendum
1462 1509 1587 1572 patenter
1603 1510 1725 1573 apparet,
1742 1503 1788 1574 qui
1804 1502 1877 1559 illam
1889 1503 1995 1558 bomitri

1200 1592 1363 1647 senteutiam
1378 1592 1495 1648 sollicite
1510 1594 1695 1659 considerant,
1710 1608 1763 1663 qua
1779 1594 1864 1649 dicit:
1880 1614 1890 1646 ι
1908 1593 1996 1651 Οειεε

1201 1684 1312 1737 verbum
1328 1683 1458 1750 otiosum,
1472 1685 1544 1754 quod
1563 1684 1645 1741 luenti
1669 1685 1769 1742 luerint
1783 1687 1919 1751 homines,
1933 1688 1995 1741 retl-

1202 1776 1268 1832 deat
1289 1778 1424 1833 rationem
1442 1779 1475 1834 dc
1495 1794 1528 1834 eo
1552 1780 1578 1834 in
1593 1781 1637 1835 die
1652 1780 1746 1851 judicii
1777 1780 1885 1853 (llutth.
1901 1780 1962 1846 ru),
1985 1802 1994 1831 s

1202 1873 1232 1919 ει
1246 1881 1300 1921 εεε
1313 1867 1364 1923 εεε
1373 1866 1477 1937 judicie
1489 1869 1630 1925 decidatis.
1657 1870 1728 1935 ldeo,
1745 1869 1842 1941 inquit,
1856 1885 1905 1927 vos
1922 1869 1996 1937 aju-

1203 1956 1319 2013 ratienis
1339 1957 1419 2028 eulpa
1443 1974 1603 2030 compesco,
1630 1975 1664 2015 oe
1687 1959 1843 2032 frequenter
1866 1976 1930 2018 vera
1953 1978 1997 2034 Ju-

356 2056 432 2104 tater
445 2056 487 2105 est
501 2048 634 2104 malorum
651 2056 880 2103 tentamentorum
895 2046 1002 2121 (lluttlr.
1017 2047 1065 2121 vr).
1084 2070 1094 2103 v
1166 2039 1189 2099 B
1202 2048 1298 2112 rande,
1315 2046 1461 2119 aliquande
1476 2049 1559 2104 etiam
1580 2051 1607 2105 in
1626 2051 1775 2122 perjurium
1787 2051 1933 2118 decidatis;
1950 2053 1998 2109 sed

655 2158 769 2215 CAPUT
789 2158 844 2213 l'lll

553 2249 593 2304 De
606 2250 728 2304 doctriua
747 2250 800 2305 oris
814 2250 958 2306 audienda.

399 2382 411 2415 r
432 2362 590 2419 bortrinam
617 2363 674 2418 oris
688 2363 790 2428 audite,
815 2363 873 2429 lilii,
889 2364 976 2433 etqui
993 2363 1153 2419 custodierit
1237 2412 1244 2425 .

361 2472 374 2505 s
397 2454 481 2519 illam,
497 2469 551 2510 nan
564 2454 662 2523 peribit
686 2453 766 2509 labiis
781 2455 847 2518 suis,
861 2469 911 2510 nee
926 2453 1153 2510 scandalizabitur

362 2566 373 2598 ι
395 2546 423 2601 ἰε
436 2547 564 2616 (peribus
576 2545 759 2615 nequissimis.
776 2566 785 2599 r
799 2546 954 2601 Doctrinaru
968 2547 1025 2603 eris
1036 2546 1154 2618 appellat

358 2636 530 2708 disciplinam
545 2638 701 2693 verborum.
725 2639 801 2695 llaue
823 2641 928 2706 audire,
954 2641 1005 2696 hec
1027 2652 1071 2696 est
1090 2641 1152 2696 dili-

358 2737 456 2800 genter
471 2730 576 2785 discere
594 2737 622 2785 et
644 2745 754 2785 serrare
777 2731 863 2801 jubet,
881 2732 1010 2801 queniam
1023 2733 1069 2803 qui
1083 2733 1153 2788 hane

359 2819 532 2884 mistadierit,
548 2836 601 2875 nen
614 2828 710 2890 peceat
726 2823 753 2875 in
769 2820 848 2877 labiis
868 2823 935 2888 suis,
950 2838 1000 2879 nee
1015 2822 1152 2879 scandali·

359 2909 508 2965 subitario
521 2910 647 2980 operibus
659 2912 845 2982 nequissimis,
862 2912 915 2967 hoe
928 2921 981 2978 est,
995 2914 1022 2968 in
1036 2913 1155 2972 lactinae

359 3002 413 3058 doti
433 3012 462 3058 et
479 3002 616 3073 aequitiae,
641 3002 779 3069 salsitatis,
801 3003 1010 3069 maledictionis
1028 3006 1152 3076 perjurii,

358 3092 555 3157 detractionis,
582 3107 643 3161 quae
666 3107 748 3162 opera
777 3100 840 3149 sunt
869 3094 926 3149 oris
950 3094 1153 3164 indisciplinati.

360 3185 414 3253 Qui
435 3184 508 3240 enim
529 3184 647 3241 custodit
664 3200 697 3241 us
719 3200 811 3252 suunt,
832 3185 952 3241 custodit
973 3188 1007 3241 ah
1022 3186 1156 3257 angustiis

361 3275 483 3330 animum
496 3290 585 3329 εεειε.

353 3404 360 3416 .
400 3385 410 3417 ι
433 3365 462 3420 ln
478 3365 596 3420 vanitate
615 3381 662 3421 sua
680 3367 890 3435 apprehenditur
911 3375 1048 3437 peccator,
1063 3376 1090 3423 ει
1109 3384 1156 3424 εε-

363 3473 373 3508 r
395 3455 507 3527 perbas,
530 3463 559 3511 et
580 3455 728 3512 maledicus
750 3457 979 3513 scandalizabitur
1000 3458 1029 3512 in
1055 3458 1118 3515 illis.
1142 3479 1152 3512 s

361 3546 390 3601 lu
406 3546 527 3602 rauitate
545 3562 594 3601 sua
614 3548 826 3619 apprehenditur
848 3558 985 3620 peccator,
1003 3552 1112 3620 quando
1128 3550 1155 3607 in

361 3637 506 3693 desideriis
529 3648 557 3693 et
571 3638 755 3708 voluptatibus
768 3639 850 3710 hujus
872 3640 934 3695 vitea
953 3641 1114 3710 captivatur,
1128 3642 1155 3697 iu

360 3745 416 3801 qua
435 3731 568 3799 superbus
581 3739 609 3784 et
624 3730 773 3785 maledicus
792 3731 1030 3798 scandalizabitur,
1048 3733 1156 3804 quando

360 3824 451 3879 amori
465 3824 510 3878 bei
530 3831 557 3878 et
573 3824 707 3879 desiderio
722 3823 820 3879 rururae
841 3825 945 3893 patrica,
967 3825 1039 3880 illam
1053 3840 1157 3897 praepo-

360 3929 429 3969 uere
444 3929 497 3968 nen
510 3920 628 3968 veretur.
644 3913 761 3970 Ρεεῑεεε
775 3914 903 3970 admonet
914 3913 1033 3971 loannes
1046 3927 1157 3988 apesto-

359 4005 407 4060 lus
425 4004 452 4059 in
468 4004 587 4073 Epistola
603 4020 661 4070 sua,
676 4005 788 4060 dicens:
813 4026 823 4057 ι
841 4005 929 4061 Nolite
944 4008 1055 4078 diligere
1077 4024 1157 4062 muu-

359 4099 440 4163 dunr,
455 4113 543 4167 neque
557 4114 589 4153 ea
606 4114 667 4168 que
689 4100 715 4153 in
737 4100 838 4155 munde
853 4109 925 4155 suot.
949 4100 977 4157 Si
997 4103 1058 4171 quis
1071 4103 1160 4174 diligit

360 4186 508 4251 urendum,
531 4203 584 4243 nou
606 4197 649 4243 est
666 4189 788 4245 charitas
801 4189 891 4245 Patris
916 4191 943 4245 in
957 4207 1001 4247 eo.
1025 4192 1157 4260 Quoniam

357 4292 448 4335 antae
459 4278 531 4349 qued
550 4279 577 4334 in
595 4279 695 4335 mundo
710 4287 761 4345 est,
776 4282 994 4350 coucupiscentia
1017 4284 1118 4351 earnis,
1132 4292 1159 4340 ει

358 4373 583 4443 cerrcupiseentia
597 4374 737 4429 emulorum
751 4383 803 4441 est,
820 4384 848 4431 ει
861 4377 987 4445 superbia
1001 4378 1063 4433 ritae
1077 4396 1084 4434 ι
1098 4395 1158 4450 qnae

358 4478 420 4518 aron
441 4470 484 4518 est
501 4478 534 4517 ex
548 4462 638 4530 Patre,
663 4464 711 4520 scd
733 4481 766 4520 ex
791 4466 891 4521 munde
911 4475 968 4533 est;
994 4476 1021 4523 et
1044 4470 1160 4526 mundus

360 4551 477 4615 transit,
490 4560 518 4607 ει
531 4554 750 4625 eoncupiscentia
767 4552 845 4623 ejus:
866 4556 912 4626 qui
928 4564 1019 4614 autem
1035 4556 1100 4615 lacit
1115 4576 1161 4616 re-

360 4646 500 4700 luutatem
511 4642 570 4711 bet,
587 4655 678 4700 manet
691 4645 718 4699 in
731 4656 862 4701 aeteruum
881 4646 908 4718 (l
918 4646 999 4704 Jouu.
1011 4648 1052 4720 n).
1077 4669 1086 4702 s

670 4753 784 4810 CAPUT
812 4755 858 4809 lll.

360 4844 446 4913 Quod
463 4845 606 4899 carradam
617 4846 650 4900 sit
670 4864 686 4901 a
694 4846 857 4917 jureumuto,
869 4848 922 4904 sire
932 4849 998 4904 bena
1012 4851 1065 4906 sire
1079 4852 1159 4908 melo.

404 4980 414 5012 ι
439 4957 573 5015 turanum
588 4976 641 5015 non
663 4971 802 5015 assuescat
814 4975 845 5016 es
860 4968 951 5028 ιεειε;
972 4961 1072 5019 multus
1087 4965 1161 5020 enirn

361 5070 375 5105 c
401 5066 485 5107 casus
500 5050 526 5105 iu
541 5050 596 5103 illa.
617 5049 770 5107 Neruiuatio
785 5067 849 5107 vero
864 5051 912 5107 Dei
935 5054 1037 5109 nonsit
1052 5056 1161 5111 assidua

361 5167 376 5200 e
402 5145 431 5200 in
451 5158 499 5198 ere
520 5150 575 5205 tuo,
597 5151 625 5198 et
644 5142 798 5199 nominibus
819 5153 974 5199 sauctorum
998 5162 1051 5201 uon
1077 5148 1163 5203 admi·

363 5258 374 5291 ι
401 5236 526 5293 secaris:
542 5236 667 5307 quonium
683 5252 736 5290 εεε
751 5237 805 5292 eris
819 5236 946 5293 immunis
959 5238 993 5293 ab
1006 5240 1055 5294 cis.
1075 5259 1085 5293 s
1100 5240 1164 5298 ldee

359 5330 443 5388 etnim
458 5337 532 5383 vetat
541 5327 737 5398 juramentum,
753 5346 786 5385 ne
801 5331 847 5385 liat
864 5331 1021 5401 perjurium,
1035 5333 1163 5402 quoniam

360 5422 415 5496 qui
431 5436 504 5493 sepe
514 5420 600 5492 jurat,
615 5423 760 5494 aliquando
772 5422 884 5493 pejerat.
903 5422 978 5479 Uudc
992 5422 1122 5481 Dominus
1135 5425 1163 5481 in

362 5516 519 5587 Evangelio
529 5516 683 5588 juramenta
694 5517 842 5587 prohibuit,
855 5517 982 5586 quoniam
996 5517 1074 5572 noxia
1088 5526 1163 5582 sunt,

1202 2154 1236 2195 co
1255 2139 1363 2212 longius
1379 2155 1393 2194 a
1409 2138 1549 2212 pejerandi
1571 2140 1638 2196 vitio
1653 2140 1748 2207 stetis,
1767 2156 1821 2211 que
1840 2157 1892 2197 nce
1904 2158 1997 2197 verum

1203 2229 1329 2301 dejerare
1350 2231 1402 2286 uisi
1425 2247 1476 2301 pro
1496 2232 1617 2287 maxima
1640 2232 1803 2287 necessitate
1822 2232 1921 2288 velitis.
1946 2232 1999 2290 Sed

1202 2331 1230 2377 et
1243 2322 1289 2378 ille
1301 2322 1352 2378 sub
1361 2320 1494 2391 judicium
1507 2331 1599 2377 reatus
1612 2322 1723 2388 decidit,
1737 2322 1784 2393 qul
1797 2322 1849 2378 etsi
1861 2338 1999 2394 nunquam

1203 2422 1315 2487 peperat,
1332 2414 1456 2470 crebrius
1475 2422 1566 2469 tanam
1583 2429 1662 2484 quam
1677 2430 1746 2485 opus
1759 2424 1801 2472 est
1816 2430 1909 2470 rerum
1925 2415 1999 2485 deie-

1204 2515 1247 2562 rat
1258 2524 1265 2560 :
1278 2505 1342 2576 quia
1356 2505 1486 2560 nimirum
1505 2505 1563 2575 ipsa
1578 2504 1722 2575 superdea}
1737 2506 1882 2563 locutionis
1902 2507 1998 2561 otiosi·

1205 2608 1260 2655 tate
1280 2597 1423 2669 delinquit,
1445 2595 1612 2668 ellenditque
1629 2594 1758 2665 judicent,
1784 2596 1830 2667 qui
1854 2604 1882 2652 ει
1905 2596 1999 2651 inutile

1204 2692 1317 2748 verbum
1329 2700 1356 2747 et
1365 2689 1550 2759 juramentum
1563 2705 1644 2746 etune
1656 2690 1750 2746 vetuit.

1243 2804 1252 2837 r
1277 2784 1352 2840 Sicut
1365 2783 1438 2840 enirn
1453 2797 1549 2838 servus
1562 2783 1745 2856 interrogatus
1758 2784 1869 2841 assidue
1885 2800 1900 2839 a
1913 2784 1998 2840 livere

1208 2893 1218 2926 r
1242 2890 1296 2930 uon
1319 2873 1452 2929 minuitur
1472 2890 1479 2928 ε
1496 2873 1536 2928 sic
1556 2874 1645 2929 enutris
1657 2889 1755 2944 iurans
1768 2883 1796 2931 et
1810 2876 1955 2931 nominans
1970 2876 1997 2928 in

1209 2983 1219 3016 r
1243 2973 1299 3020 tutu
1313 2979 1329 3018 a
1343 2974 1457 3034 peccato
1471 2978 1524 3019 neu
1537 2965 1707 3035 purgabitur.
1726 2985 1736 3017 v
1752 2964 1866 3020 Servum
1885 2966 2000 3020 interro·

1206 3064 1298 3129 gatutu
1324 3056 1390 3111 dicit
1415 3055 1630 3125 correptionibus
1654 3056 1826 3128 castigatam.
1870 3056 1945 3113 Unde
1970 3056 1999 3109 iu

1206 3155 1356 3218 martyrum
1370 3146 1542 3217 passionibus
1558 3147 1799 3219 interrogationem
1824 3161 1874 3216 pre
1889 3144 2001 3217 flagellis

1206 3247 1234 3292 et
1249 3236 1391 3292 tormentis
1405 3237 1523 3307 positum
1537 3236 1701 3292 insanimus.
1722 3235 1798 3292 Sicut
1819 3237 1892 3292 cuitu
1906 3250 2002 3293 servus

1208 3329 1315 3384 assidue
1330 3338 1472 3399 correptus
1486 3343 1501 3382 a
1514 3327 1607 3383 liroris
1621 3327 1736 3384 crimine
1757 3343 1811 3384 non
1824 3327 2000 3392 abstrahitur,

1170 3400 1193 3463 C
1209 3418 1257 3474 sed
1272 3418 1358 3487 magis
1372 3416 1406 3473 ad
1419 3418 1511 3473 edium
1521 3425 1694 3488 provocatur,
1711 3417 1751 3473 sic
1761 3418 1852 3473 euruis
1862 3415 1960 3488 jurans
1972 3427 2001 3472 et

1208 3509 1352 3565 nominans
1364 3525 1434 3581 sape
1450 3510 1477 3565 in
1489 3508 1646 3578 juramento
1656 3523 1705 3564 sue
1716 3523 1812 3563 nomeu
1824 3509 1871 3564 bei
1884 3524 2000 3564 nouren-

1208 3619 1260 3673 que
1274 3610 1431 3658 sanctorum
1445 3599 1504 3670 ejus
1517 3600 1580 3656 inde
1594 3614 1609 3655 a
1624 3599 1746 3671 peccatis
1768 3615 1820 3654 uon
1833 3598 2002 3671 purgabitur,

1208 3693 1256 3748 sed
1264 3693 1350 3764 tnagis
1361 3692 1500 3763 polluitur.

1248 3803 1257 3834 ι
1276 3783 1325 3837 Vir
1339 3782 1454 3837 multum
1462 3779 1560 3850 jurans
1571 3782 1725 3853 implebitur
1740 3782 1894 3853 iniquitate,
1906 3789 1934 3838 ει
1949 3797 2003 3839 εεε

1212 3894 1221 3926 r
1245 3875 1366 3929 discedet
1392 3874 1507 3930 adonio
1530 3873 1602 3929 illius
1615 3874 1702 3945 plaga.
1727 3874 1761 3929 Et
1782 3874 1804 3930 si
1820 3874 2004 3938 frustraverit,

1212 3987 1221 4019 ι
1245 3967 1372 4023 delictum
1389 3967 1473 4037 ipsius
1485 3981 1567 4035 supra
1593 3966 1679 4037 ipsum
1696 3966 1748 4021 erit
1760 3983 1767 4022 :
1779 3976 1807 4021 et
1818 3966 1841 4020 si
1854 3965 2001 4021 simulave-

1213 4076 1223 4109 r
1247 4059 1293 4123 rit,
1307 4057 1446 4127 delinquet
1461 4056 1614 4126 dupliciter.
1641 4056 1708 4111 Etsi
1726 4056 1753 4110 iu
1767 4071 1881 4111 vacuum
1893 4055 2004 4126 jurare-

1213 4169 1222 4201 «
1248 4150 1291 4212 rit,
1311 4164 1365 4205 nen
1376 4148 1577 4219 justificabitur.
1597 4168 1607 4201 r
1631 4148 1676 4202 llle
1689 4162 1754 4218 ergo
1768 4148 1814 4217 qui
1830 4161 1908 4201 rrsum
1922 4145 2004 4200 habet

1210 4242 1366 4314 plusquam
1381 4241 1461 4297 decet
1483 4239 1606 4311 jurandi,
1621 4239 1778 4309 gravabitur
1793 4237 1890 4294 delicta
1916 4245 2003 4291 trans-

1210 4334 1373 4406 gressionis,
1397 4348 1451 4404 que
1475 4333 1674 4404 transgreditur
1700 4332 1857 4387 mandatura
1881 4333 1938 4399 bei,
1957 4334 2004 4403 qui

1211 4426 1341 4497 precepit
1361 4427 1472 4481 omnine
1496 4440 1549 4480 noo
1568 4425 1672 4496 jurare.
1698 4425 1775 4481 Unde
1787 4440 1840 4481 nan
1855 4423 2003 4480 diseedeta

1212 4519 1293 4575 dunno
1312 4518 1435 4588 eorporis
1447 4517 1506 4588 ejus
1521 4515 1598 4589 plaga
1611 4517 1749 4583 viudietae,
1762 4516 1826 4587 quia
1838 4531 1886 4586 per
1898 4530 2003 4587 praeva-

1212 4609 1372 4665 ricatieueru
1390 4608 1488 4677 liuguae
1501 4607 1602 4663 subibit
1622 4606 1703 4662 simul
1717 4622 1780 4662 eum
1793 4608 1883 4661 anima
1897 4621 2005 4676 putenam

1176 4702 1353 4809 1)gehcnnar.
1370 4699 1398 4755 st
1413 4714 1479 4771 ergo
1492 4698 1520 4754 iu
1531 4697 1648 4767 jurando
1662 4697 1785 4754 fraudem
1799 4698 2005 4769 perpetraverit,

1214 4800 1353 4862 peecatum
1364 4789 1422 4861 ejus
1434 4805 1515 4860 supra
1531 4789 1618 4859 ipsunt
1632 4789 1701 4855 erit;
1722 4788 1744 4844 si
1759 4797 1849 4843 autern
1864 4789 2006 4843 veritatem

1215 4899 1265 4954 per
1280 4883 1465 4953 juramentum
1490 4879 1666 4937 mauilestare
1682 4879 1906 4945 dissimulaverit,
1920 4879 2007 4949 dupii-

1214 4977 1284 5030 citer
1302 4974 1442 5044 delinquit,
1462 4974 1514 5028 hee
1531 4981 1588 5037 est,
1601 4974 1664 5043 quia
1682 4988 1731 5043 per
1749 4972 1947 5028 simulationem
1961 4986 2007 5026 rc·

1216 5067 1324 5122 ritatem
1344 5066 1451 5129 eelarit,
1472 5072 1499 5120 ει
1517 5064 1585 5119 alies
1604 5078 1652 5134 per
1671 5061 1817 5117 salsitatem
1836 5062 1862 5116 in
1882 5075 2006 5116 errarem

1216 5159 1331 5214 seduxit.
1344 5158 1429 5211 Porro
1446 5158 1468 5211 si
1484 5158 1511 5210 in
1523 5170 1639 5210 vacuum
1657 5164 1684 5208 et
1695 5154 1754 5209 sine
1771 5151 1826 5208 ulla
1840 5152 2005 5207 necessitate

1217 5250 1244 5304 iu
1256 5250 1343 5303 etiosa
1360 5247 1497 5302 locutione
1510 5262 1581 5317 sape
1589 5245 1684 5315 jurare
1702 5260 1756 5300 non
1771 5246 1883 5310 caverit,
1892 5243 2007 5315 justitia

1216 5339 1344 5394 meritum
1359 5338 1459 5393 babere
1473 5352 1527 5395 nun
1541 5337 1650 5409 peterit,
1666 5337 1714 5393 sed
1728 5350 1792 5392 reus
1803 5334 1895 5391 delicti
1916 5335 1944 5390 iu
1956 5348 2006 5389 ao·

1217 5430 1328 5486 vissima
1350 5428 1529 5484 retributione
1551 5435 1686 5484 turnaenta
1709 5425 1863 5483 sustinebit.
1884 5424 1950 5481 lade
1963 5439 2009 5481 se·

1217 5521 1310 5592 quitur
1324 5538 1332 5574 :

361 5622 396 5668 et
410 5609 439 5665 iu
454 5605 603 5679 perjurium
618 5608 754 5662 homiuem
770 5608 880 5662 mittunt
895 5606 1003 5679 (llattb.
1026 5607 1061 5679 v).
1086 5607 1164 5664 Sicut
1255 5629 1265 5662 r
1288 5609 1447 5680 Replebitur
1473 5608 1546 5665 euinr
1573 5610 1750 5667 retributione
1773 5610 1890 5681 pessinra
1912 5607 2009 5662 demut

360 5699 445 5759 eninr
462 5696 559 5752 lalsum
573 5697 645 5768 loqui
659 5714 712 5753 nen
727 5706 825 5767 potest,
844 5698 889 5768 qui
909 5714 961 5752 uon
980 5698 1110 5768 loquitur,
1124 5700 1166 5757 sie
1218 5718 1227 5751 r
1250 5698 1346 5756 illius.»
1363 5698 1419 5755 Nec
1430 5706 1473 5754 est
1487 5698 1537 5753 alia
1552 5698 1695 5754 retributio
1706 5696 1783 5769 pelet
1796 5696 1892 5752 inlerui
1905 5690 2007 5762 suppli·

359 5787 496 5866 'missure
511 5804 564 5843 non
579 5796 679 5858 potest,
696 5789 742 5859 qui
757 5804 810 5843 nou
822 5788 906 5857 jurat.
922 5788 998 5845 Unde
1012 5798 1038 5844 et
1048 5790 1166 5848 lacobus
1216 5789 1259 5846 eiu
1272 5807 1278 5841 :
1292 5789 1337 5844 ubi
1352 5789 1452 5844 vermis
1467 5789 1594 5845 mordens
1608 5804 1661 5845 εεε
1677 5790 1802 5851 moritur,
1818 5793 1846 5840 et
1859 5784 1929 5854 iguis
1942 5796 2009 5838 eru·

359 5875 514 5952 apestolus
527 5877 591 5930 ait:
615 5876 712 5933 thirle
735 5878 835 5945 etrrnia,
860 5876 960 5935 iratres
983 5881 1056 5946 ruci,
1084 5881 1166 5937 nolite
1218 5880 1294 5935 ciuus
1311 5894 1364 5935 nou
1378 5879 1569 5948 exstinguitur.

353 5966 476 6042 jurare,
496 5981 583 6037 neque
594 5983 642 6038 per
660 5969 770 6035 eoelunr,
785 5984 871 6040 neque
885 5986 933 6039 per
951 5983 1166 6047 terrenumque
1255 5990 1265 6025 r
1289 5972 1335 6027 Est
1346 5979 1373 6027 et
1388 5971 1439 6026 alia
1451 5970 1557 6041 loquela
1568 5971 1705 6026 contraria
1715 5968 1805 6037 utenti,
1821 5982 1874 6023 uua
1889 5961 2010 6023 turena·
