4709 6767
368 577 418 632 tut

689 572 719 628 li.
738 572 864 628 lldlblb'l
886 573 994 629 statut
1014 570 1173 627 auertiue.
1196 568 1351 625 thCUh'l'.
1370 568 1512 626 eruhuit
1531 568 1622 624 raus
1640 568 1660 624 l.

369 692 397 743 et
408 684 507 743 mulier
520 683 627 738 nomine
638 683 792 750 Thamaris,
804 693 831 739 et
842 685 885 739 alii
900 700 961 740 cum
973 682 1155 756 eisnounulli.
1173 686 1196 745 A
1210 697 1305 737 omncs
1330 682 1472 749 honorate,
1488 680 1689 737 fraternitatem
1718 681 1834 754 diligite,
1857 681 2004 738 Dominum

368 777 507 833 Posthac
525 791 632 845 quoqne
649 789 773 845 egressus
792 776 826 830 ab
848 775 963 831 htbcnis
977 759 1049 830 redit
1063 773 1157 828 Corin-

370 868 457 923 thum.
486 866 536 921 Ubi
561 866 630 936 apud
654 864 777 934 Aquilam
814 875 842 920 et
864 864 1013 921 PrIscillam
1037 873 1158 919 moratos

370 957 563 1014 scenofactoria
582 965 640 1012 arte
657 958 830 1027 operabatur,
843 969 871 1013 et
885 957 1079 1013 testificabatur
1098 972 1157 1011 om-

370 1048 450 1104 nibus
459 1049 493 1103 ad
502 1064 531 1103 sc
541 1048 710 1102 uenientibus
724 1045 816 1102 lesum
831 1048 979 1104 Christum.
990 1047 1036 1103 Sic
1048 1054 1075 1102 et
1088 1047 1158 1101 idem

370 1138 515 1209 Apostolus
529 1138 598 1208 apud
613 1137 750 1192 hontanos
765 1138 791 1190 br
806 1137 891 1191 libera
904 1150 1017 1191 manens
1037 1136 1159 1191 custodia

370 1228 656 1299 praedieahatrcrbum
674 1228 720 1283 hei
735 1229 881 1284 cumomni
897 1228 1005 1293 fiducia,
1025 1236 1053 1282 et
1074 1228 1160 1282 susci·

371 1318 462 1392 piebat
477 1319 631 1388 omnesqui
648 1317 869 1389 ingrediebantur
881 1319 915 1372 ad
934 1333 995 1372 cum
1009 1317 1082 1372 nullo
1097 1333 1161 1387 pro-

371 1406 489 1462 bibente.
509 1406 576 1462 lline
590 1394 619 1462 et
643 1407 669 1461 in
694 1406 814 1461 historiis
837 1405 1028 1461 ecelesiasticis
1053 1405 1162 1476 legitur,

372 1497 445 1568 quod
458 1497 507 1570 ipsi
522 1498 659 1571 principes
677 1497 796 1568 gentium
821 1497 878 1551 risa
904 1496 1109 1551 mansuetudine
1132 1510 1164 1548 ae

372 1590 521 1648 sobrietate
540 1589 659 1647 bdelium
673 1604 769 1659 poenas
783 1605 815 1644 ae
833 1590 887 1644 rim
909 1590 949 1644 eis
969 1588 1068 1643 inlcrre
1091 1603 1166 1643 eom·

373 1683 537 1752 pcseuerint.
552 1680 629 1735 Sicut
644 1680 768 1735 Tiberius
784 1679 875 1736 Caesar
895 1679 985 1734 edicto
998 1679 1163 1743 firmaverat,

375 1787 409 1828 tre
423 1773 484 1843 quis
500 1772 641 1826 adversum
653 1771 783 1826 doctrinm
793 1770 892 1826 Christi
905 1780 986 1840 atque
999 1768 1165 1824 contrarium

374 1864 526 1928 moliretur,
542 1865 799 1935 accusatoribusque
815 1861 1033 1919 Christianorum
1051 1869 1166 1915 mortem

375 1954 555 2014 romnrtnatas
584 1968 634 2015 est.
661 1958 707 2015 Sic
729 1968 756 2013 et
782 1957 909 2013 Claudius
932 1958 1088 2028 imperator,
1105 1954 1168 2007 liert

1212 773 1315 836 timete,
1337 786 1428 841 regem
1443 771 1633 828 honorificate.
1651 791 1660 823 r
1685 771 1755 827 ilinc
1766 782 1793 827 et
1807 772 1911 828 Paulus
1938 775 1977 828 ait
1995 793 2002 828 ε

1212 881 1221 912 r
1239 860 1371 917 Omnibus
1384 862 1562 933 potestatibus
1575 861 1777 917 sublimioribus
1790 862 1891 918 subditi
1909 872 2007 926 estote,

1211 962 1317 1007 nonest
1330 954 1403 1007 enim
1429 963 1551 1024 potestas
1576 954 1627 1008 nisi
1641 970 1656 1008 a
1669 954 1734 1020 ilco,
1753 970 1813 1024 qua
1828 963 1921 1009 autern
1944 966 2008 1010 sunt

1211 1060 1225 1098 a
1240 1046 1305 1110 Deo,
1318 1047 1448 1101 ordinata
1463 1054 1535 1102 sunt.
1563 1047 1656 1116 ltaque
1669 1046 1715 1117 qui
1745 1047 1846 1102 resistit
1865 1049 2007 1117 potestati,

1212 1138 1260 1193 hei
1272 1137 1435 1193 ordinationi
1454 1139 1575 1204 resistit;
1604 1140 1649 1210 qui
1673 1147 1764 1193 autem
1788 1139 1932 1203 resistunt,
1960 1140 2011 1209 ipsi

1212 1230 1261 1284 sibi
1290 1231 1490 1287 damnationem
1520 1231 1674 1300 acquirunt.
1703 1228 1771 1285 b'am
1792 1229 1932 1302 principes
1954 1246 2008 1285 non

1214 1328 1276 1374 sunt
1305 1321 1395 1375 timori
1427 1322 1491 1375 boni
1520 1323 1631 1391 operis,
1661 1321 1709 1376 scd
1734 1320 1809 1375 mali.
1840 1322 1889 1376 llis
1915 1329 2008 1375 autem

1214 1425 1268 1463 non
1298 1410 1395 1464 timere
1418 1410 1603 1479 potestatem?
1627 1408 1731 1464 lionum
1756 1409 1810 1475 lac,
1840 1418 1867 1466 ct
1900 1408 2013 1465 habebis

1215 1502 1321 1558 laudem
1348 1517 1381 1558 er
1410 1503 1474 1569 iiio;
1509 1502 1556 1557 het
1582 1502 1654 1557 enirn
1683 1502 1809 1558 minister
1837 1511 1880 1559 est
1907 1503 1935 1557 in
1963 1502 2011 1557 bo·

1216 1612 1261 1651 no.
1290 1595 1318 1651 Si
1345 1607 1435 1652 autem
1462 1596 1562 1651 malum
1599 1595 1719 1661 leceris,
1746 1597 1830 1663 time,
1859 1613 1915 1652 non
1939 1598 2011 1652 enim

1218 1690 1277 1745 sine
1298 1705 1379 1744 causa
1396 1687 1514 1759 gladium
1531 1696 1631 1758 portat,
1659 1688 1706 1743 lici
1724 1688 1797 1743 enim
1815 1690 1942 1743 minister
1957 1696 2008 1755 est,

1218 1780 1316 1835 rindex
1332 1781 1359 1835 in
1377 1780 1417 1833 ira
1445 1780 1471 1834 ei
1495 1780 1541 1850 qui
1556 1780 1658 1834 arulum
1674 1779 1740 1850 agit.
1767 1779 1831 1835 ldco
1848 1781 2012 1835 necessitate

1219 1871 1319 1927 subditi
1335 1880 1432 1931 estote,
1449 1887 1501 1924 non
1518 1871 1606 1926 solam
1630 1878 1742 1941 propter
1763 1870 1842 1933 iram,
1857 1871 1908 1926 sed
1930 1872 2011 1926 etiam

1219 1968 1331 2030 propter
1346 1961 1551 2024 conscientiam,
1568 1960 1628 2015 ideo
1644 1961 1715 2014 enim
1729 1969 1757 2014 et
1771 1960 1873 2015 tributa
1900 1971 2013 2031 praesta-

376 2048 483 2114 traaas
497 2050 619 2105 aduersis
629 2048 829 2105 calamitatibus
841 2047 980 2119 affligeret,
990 2056 1079 2101 umen
1090 2044 1167 2100 Chri·
1184 2035 1206 2094 B
1220 2054 1265 2113 qs,
1281 2053 1397 2107 minisci}
1413 2054 1486 2107 enirn
1507 2053 1554 2107 pet
1566 2060 1639 2116 sunt,
1655 2054 1746 2107 {111100
1763 2052 1850 2122 ipsum
1866 2053 2016 2108 scr-ciericos

376 2131 480 2205 stia'nos
493 2155 545 2195 non
558 2140 636 2196 lesit.
660 2140 737 2196 Unde
759 2140 860 2195 lactum
884 2148 925 2194 εει
947 2139 1019 2209 quod
1042 2139 1100 2209 ipso
1126 2151 1169 2190 re·
1221 2143 1407 2216 (hernantio
1422 2144 1455 2198 Et
1475 2145 1593 2198 iterum:
1615 2143 1763 2208 rhedthte,
1778 2142 1877 2213 iuquit,
1893 2143 2015 2197 omnibus

378 2238 477 2311 gnaote
486 2230 583 2285 Petrus
593 2230 730 2300 apostolus
743 2230 770 2283 iu
783 2230 850 2284 urbe
863 2229 984 2283 llonrana
998 2227 1171 2299 praedicando
1223 2237 1324 2300 dcliita,
1343 2237 1385 2290 cui
1402 2236 1541 2299 tribadum,
1561 2236 1714 2293 tributum:
1734 2233 1776 2289 eui
1791 2234 1922 2304 vectigal,
1935 2234 2016 2289 recu.

377 2321 509 2393 plurimos
524 2322 558 2377 ad
571 2320 650 2377 fidem
664 2321 764 2375 Christi
784 2326 965 2375 corn-artaret.
992 2318 1038 2373 Sic
1056 2326 1084 2373 et
1104 2317 1171 2372 Tra·
1222 2325 1264 2397 gri
1279 2344 1285 2379 :
1301 2326 1344 2381 cui
1358 2325 1493 2390 rimarem,
1510 2326 1635 2381 timorem
1651 2344 1658 2379 :
1673 2326 1716 2380 cni
1736 2315 2016 2390 honorem,trcrrnrcrn

374 2414 467 2485 ianus,
479 2413 541 2467 lieet
557 2414 673 2484 primum
685 2412 832 2468 Christiani
847 2412 956 2467 nomine
968 2410 1097 2479 deeeptus
1109 2424 1172 2465 con·
1223 2417 1329 2491 (iiia),
1342 2437 1351 2470 r
1368 2414 1445 2474 Unde
1458 2418 1530 2473 Elias
1541 2419 1673 2489 propbeta
1686 2418 1713 2472 in
1724 2417 1828 2485 begam
1839 2416 1940 2489 legitur
1953 2417 2014 2471 ado·

378 2504 495 2560 sessores
509 2502 611 2559 Christi
624 2512 782 2573 persecutus
798 2503 847 2567 sit,
862 2512 950 2555 tamen
967 2500 1045 2554 Plinii
1061 2499 1172 2554 secundi
1224 2525 1300 2565 rasse
1314 2509 1499 2579 impiissimum
1518 2524 1608 2579 regem
1623 2508 1726 2574 belrai),
1741 2523 1794 2563 nan
1811 2508 1907 2576 ntique
1921 2508 2018 2577 pictate

378 2597 464 2653 relatu
491 2596 656 2658 admonitae,
680 2603 708 2648 ct
734 2596 766 2650 de
800 2594 1016 2648 Christianormn
1041 2592 1173 2647 rrrodestia
1224 2600 1308 2655 dir-ini
1324 2599 1422 2665 epirus,
1441 2601 1489 2655 seri
1502 2599 1614 2655 honoris
1627 2598 1724 2654 0ffici0,
1745 2597 1854 2653 uincet
1867 2611 2018 2668 supranic-

380 2690 539 2751 instructus,
557 2686 697 2755 rescriptis
709 2685 856 2740 leuioribus
871 2685 1031 2755 temperarit
1045 2684 1172 2738 edietum.
1226 2700 1349 2746 „roricus
1363 2689 1501 2762 aposroirrs
1521 2690 1622 2745 paulus
1648 2690 1674 2744 in
1701 2688 1815 2744 Acribus
1837 2687 2018 2759 apostotorum

379 2778 511 2836 Similiter
523 2789 551 2832 ct
564 2777 653 2831 AElius
666 2777 802 2830 Adrianus
815 2793 863 2845 per
878 2776 1046 2841 Quadratum
1059 2775 1175 2843 discipu·
1226 2797 1317 2837 coram
1331 2781 1449 2853 Agrippa
1466 2797 1528 2852 rega
1554 2791 1581 2837 er
1598 2781 1679 2837 festo
1693 2779 1807 2852 praeside
1821 2793 1933 2834 cansam
1946 2792 2018 2833 snam

281 2908 284 2911 ,
378 2867 1176 2951 luntapostolorumethristidemrirnnrdtheniensemde
1227 2887 1320 2943 agens,
1348 2881 1489 2927 mansueta
1514 2872 1596 2926 rerba
1613 2878 1641 2924 ct
1669 2869 1821 2924 ariditatem
1848 2865 2019 2922 conciliantia

379 2962 534 3024 Christiana
553 2961 685 3033 reiigione
708 2962 858 3016 instructus
868 2969 950 3030 atique
961 2961 1093 3026 eruditus,
1109 2975 1177 3031 pra·
1226 2960 1337 3032 protulit
1364 2961 1457 3014 dicens
1483 2959 1517 3013 ad
1532 2958 1680 3029 Agrippam
1696 2971 1703 3010 :
1722 2975 1731 3008 t
1752 2956 1790 3011 lie
1817 2954 1862 3011 bis
1887 2955 2018 3015 omnibus,

380 3054 453 3126 cepit
467 3068 515 3126 per
528 3051 672 3123 epistolam
698 3050 731 3105 ad
755 3050 909 3104 ministrum
933 3049 1092 3103 Fundanum
1115 3064 1179 3117 pro·
1228 3053 1325 3122 quibus
1351 3067 1465 3107 acerrsor
1480 3067 1494 3105 a
1508 3051 1619 3118 Jardaeis,
1644 3066 1692 3105 rer
1706 3048 1837 3119 Agrippa,
1859 3049 2020 3103 aestimomc

379 3143 517 3211 consulem
529 3141 599 3196 Asiae
611 3140 713 3206 datam,
726 3147 756 3194 ut
767 3140 868 3195 nemini
884 3140 978 3197 liceret
992 3139 1176 3195 Christianum
1228 3146 1337 3200 beatum
1351 3144 1421 3214 apud
1437 3152 1475 3208 tc,
1492 3158 1554 3199 cunr
1566 3141 1618 3198 sirn
1634 3140 1795 3197 defensurus
1808 3156 1852 3195 nre
1865 3139 1956 3204 bodie,
1968 3155 2026 3193 ma·

380 3235 440 3303 sine
453 3233 559 3305 objectu
573 3233 694 3289 criminis
705 3242 752 3287 aut
764 3233 923 3304 probatione
934 3234 1076 3288 danrrrare.
1088 3232 1177 3287 ldem·
1230 3236 1302 3291 xime
1313 3244 1339 3291 tc
1353 3236 1455 3290 scicule
1466 3234 1568 3298 omnia,
1577 3241 1604 3288 et
1614 3248 1673 3302 quac
1681 3233 1752 3303 apud
1765 3228 1875 3286 lurlaeos
1887 3238 1951 3286 sunt
1960 3245 2038 3283 con—

380 3340 433 3398 que
447 3323 528 3380 Pater
539 3325 634 3396 patrias
649 3324 777 3381 insenattr
789 3324 858 3378 ultra
874 3339 976 3379 morem
989 3323 1119 3393 majorum
1132 3338 1179 3394 ap·
1230 3326 1386 3381 suetudines
1400 3333 1429 3380 et
1445 3325 1619 3396 quaestiones.
1632 3322 1747 3392 Propter
1763 3321 1835 3391 quod
1849 3320 1964 3376 obsecro
1974 3335 2032 3389 pa-

380 3401 620 3504 pellatur,etuxor
634 3416 691 3495 ejus
704 3387 1332 3488 brrgnsta..tdrtanasrempublicamCatcrrtcr
1347 3429 1390 3469 mc
1413 3416 1508 3469 audias
1538 3412 1710 3485 (Artaxat).
1739 3412 1801 3466 ›ttt
1818 3411 2097 3466 adsessoris-⁵·-

379 3509 580 3583 iustislegibus
608 3508 755 3575 ordinarit,
778 3508 878 3564 bellum
906 3509 974 3564 citra
1003 3508 1179 3563 Sauromatas
1231 3513 1401 3577 arguentem,
1427 3512 1508 3573 atque
1530 3504 1554 3557 ei
1569 3503 1722 3557 dicentem:
1744 3500 1897 3566 «insanis,
1920 3500 2096 3564 tuote;

382 3604 476 3684 gessit,
489 3603 594 3658 etrieit
605 3601 727 3668 ltrdaeoS,
740 3618 806 3658 saue
823 3602 1028 3672 perturbatione
1045 3602 1177 3657 scelerum
1231 3586 1324 3653 multa
1343 3606 1369 3652 te
1384 3596 1480 3652 litterae
1493 3595 1526 3650 ad
1543 3596 1676 3651 insaniam
1695 3600 1868 3659 convertunt,
1887 3607 2078 3663 »respon-7

382 3710 493 3752 suorum
506 3694 665 3764 exagitatos,
677 3706 704 3750 ct
716 3693 889 3748 Palaestinam
912 3694 1079 3765 provinciam
1091 3709 1177 3764 quon·
1232 3689 1272 3747 dit
1288 3703 1295 3744 :
1314 3709 1323 3741 r
1346 3689 1404 3745 Non
1419 3688 1534 3753 insanio,
1550 3688 1649 3758 inquit,
1671 3688 1772 3756 optime
1788 3685 1882 3751 Festo,
1895 3685 1944 3741 sed
1956 3683 2096 3739 τεεί--μ

383 3787 446 3842 dam
459 3801 534 3840 suam
543 3784 834 3855 depopulanterultinra
843 3786 914 3840 caede
927 3786 1089 3857 perdomuit.
1100 3784 1180 3841 Ultus
1232 3782 1296 3837 tatis
1307 3791 1335 3837 et
1355 3777 1513 3837 sobrietatis
1528 3781 1610 3835 rerba
1635 3779 1740 3849 loquor.
1758 3776 1817 3832 Scit
1838 3777 1914 3831 euim
1927 3776 1964 3831 de
1977 3775 2020 3830 his

383 3887 426 3933 est
438 3876 617 3941 Christianos,
634 3892 701 3947 quos
714 3876 794 3942 illico,
804 3877 895 3932 Theba
912 3880 991 3943 duce,
1004 3895 1052 3933 cur
1069 3879 1119 3933 sibi
1134 3879 1180 3931 al·
1232 3888 1290 3938 rex,
1317 3872 1350 3926 ad
1374 3888 1454 3943 quera
1480 3880 1508 3926 et
1522 3880 1679 3926 constanter
1706 3869 1822 3939 loquor;
1838 3867 1926 3922 latere
1954 3868 2094 3922 enin—

384 3983 492 4025 rersum
511 3966 713 4022 llomanosnon
737 3974 950 4032 assectarentur,
975 3969 1179 4032 excruciabant,
1232 3978 1293 4017 cum
1312 3962 1380 4016 nibil
1403 3963 1500 4017 borum
1532 3962 1660 4023 arbitror,
1676 3975 1764 4030 neque
1786 3958 1902 4013 cointio
1927 3957 2094 4029 angult,

383 4057 567 4131 precepitque
580 4072 614 4112 ne
628 4056 670 4111 eui
690 4056 783 4111 brimo
806 4057 958 4112 introeundi
983 4056 1180 4128 lerosolymam
1233 4055 1379 4128 quidquam
1392 4055 1489 4109 borum
1514 4063 1617 4124 gestum
1628 4062 1680 4107 est.
1695 4051 1801 4119 Credis,
1829 4066 1879 4106 rex
1894 4050 2093 4121 Agrippa‘

384 4148 575 4206 essetlieeutia
587 4187 594 4212 ,
606 4145 770 4215 Christianis
793 4155 882 4201 tamen
906 4148 1015 4203 civitate
1036 4147 1180 4218 pennissa,
1233 4145 1391 4218 prophetis?
1406 4145 1469 4200 Scio
1483 4145 1546 4214 quia
1566 4143 1655 4199 eredis
1676 4142 1804 4213 (tardis
1821 4150 1875 4197 cte.
1896 4140 2094 4198 similite(

386 4257 468 4311 qrram
482 4239 577 4311 ipsein
591 4240 722 4308 optimum
735 4247 834 4294 statum
846 4255 984 4297 murorum
997 4240 1181 4295 exstructione
1233 4245 1261 4293 et
1272 4239 1366 4302 rerba,
1384 4253 1444 4308 qtae
1456 4236 1490 4292 ad
1504 4238 1591 4307 ipsum
1603 4234 1775 4292 llololeruem
1790 4236 1825 4291 de
1837 4250 1888 4291 suo
1899 4236 2092 4296 adventu-p

386 4329 1179 4407 reparat·it,etAEliamuocarideprenominesuopraeecpit.
1234 4329 1310 4385 etde
1329 4328 1483 4383 iudeorum
1511 4328 1603 4382 laturo
1629 4324 1798 4381 casuluditb
1824 4325 1958 4396 loquitur,
1975 4341 2019 4381 nor
2042 4329 2092 4370 1

425 4444 435 4491 t
452 4423 552 4482 Videas
567 4424 658 4493 itaque
680 4421 772 4477 luditb
795 4422 967 4478 llololcrnem
994 4424 1130 4480 sedentem
1155 4427 1182 4480 in
1235 4431 1299 4478 suut
1318 4421 1482 4477 adulationis
1495 4420 1608 4491 prolana
1627 4419 1778 4484 mendacia,
1796 4418 1843 4474 sed
1855 4418 2090 4489 toturaproae

389 4506 636 4585 ‹conopco,quod
651 4522 708 4568 erat
724 4529 755 4570 ea
769 4528 986 4583 purpura,auro,
999 4524 1026 4568 et
1041 4514 1184 4588 smaragdo
1234 4513 1333 4584 phetiae
1358 4512 1512 4565 veneranda
1535 4509 1682 4581 mysteria3
1708 4508 1833 4579 predixit
1865 4509 1939 4563 enim
1968 4511 2088 4578 quat:

390 4630 400 4664 ι
421 4620 448 4668 ει
463 4609 596 4682 lapidibus
609 4609 735 4679 pretiosis
759 4608 912 4673 intextunr;
931 4617 1030 4664 etcum
1047 4610 1073 4663 in
1086 4589 1183 4665 laciem
1236 4603 1378 4658 homicidis
1397 4610 1423 4655 et
1440 4601 1696 4671 praevaricatoribus
1715 4599 1782 4671 legis
1800 4598 1880 4654 licia
1904 4599 2086 4669 gentico-³!

389 4723 399 4756 r
417 4702 663 4774 ejus'intendisset,
678 4701 801 4756 adorauit
813 4716 886 4766 euin,
902 4708 929 4756 et
950 4710 1125 4773 prosternens
1153 4719 1182 4759 se
1237 4704 1264 4751 el
1286 4695 1416 4749 Romanis
1433 4694 1603 4764 principibus
1622 4690 1712 4747 lutura
1737 4697 1817 4745 erant
1843 4688 1988 4760 supplicia,
2002 4683 2083 4742 εἰ

391 4811 400 4844 r
417 4808 499 4864 super
518 4800 618 4848 terram
636 4791 809 4847 elevaverunt
823 4791 895 4845 illam
919 4792 989 4847 servi
1016 4791 1180 4856 llololernis,
1196 4761 1294 4858 unae
1308 4787 1442 4841 unitetsae
1461 4793 1541 4839 lettae
1554 4785 1686 4856 ipsorum,
1701 4791 1813 4853 brother
1837 4788 1954 4851 Poefflla
1980 4794 2012 4836 ⁰⁰
2029 4797 2080 4816 ³

391 4902 400 4935 ι
418 4884 531 4955 jubente
547 4883 656 4938 domino
663 4896 721 4935 suo.
737 4901 746 4930 i
758 4880 834 4946 Quod
849 4878 940 4937 tuctur
953 4883 1047 4936 adorat
1057 4882 1182 4939 Ilololer·
1235 4895 1304 4947 rum,
1319 4879 1473 4934 immineret
1484 4878 1635 4933 subversio.
1648 4874 1774 4932 Sicenim
1787 4874 1844 4929 ait:

388 4989 468 5037 nem,
488 4984 595 5028 nonest
613 4969 779 5041 perturbatio
803 4971 918 5035 thuoris,
943 4972 990 5027 sed
1011 4975 1182 5029 conservatio
1532 4990 1644 5046 Clqup
1662 4988 1706 5043 xp.

388 5065 502 5120 ordinis.
518 5061 629 5129 Quoties
643 5059 716 5115 enim
731 5060 817 5115 saneti
840 5060 891 5113 riri
917 5069 1032 5115 terrente
1053 5065 1183 5132 potestati
1236 5079 1393 5150 norom„
1418 5099 1433 5134 s,
1448 5082 1540 5136 puppi
1564 5081 1682 5146 gerum„5
1708 5078 1777 5148 figo,
1791 5075 1878 5131 puger
1897 5079 2076 5144 ,mnu

388 5153 548 5225 impendunt
563 5150 702 5215 bonorem,
715 5165 767 5204 nou
781 5164 815 5204 er
830 5151 895 5204 ritio
908 5150 1077 5217 adulationis,
1092 5153 1137 5207 scd
1148 5169 1182 5208 ex
1270 5168 1345 5221 porse
1355 5151 1471 5219 confidit.
1493 5151 1586 5204 tadtrt
1600 5167 1701 5234 raroque
1715 5147 1939 5220 palchritudinem
1953 5156 2075 5201 etia*

387 5248 449 5320 jure
464 5246 603 5318 dignitatis
615 5246 667 5300 hoe
679 5243 790 5299 iaciunt.
814 5242 890 5299 Unde
905 5246 1030 5315 princeps
1045 5246 1181 5316 apostolo·
1269 5222 1394 5291 fiendam
1409 5238 1498 5276 ΟΜ*
1516 5232 1575 5276 ‘¹⁴¹⁸‘
1591 5222 1726 5275 “dmm

390 5354 451 5394 rum
466 5336 622 5407 inlipistola
638 5350 686 5389 sua
700 5334 793 5390 docuit
810 5334 903 5390 dicens
924 5355 929 5389 :
954 5354 963 5387 r
987 5335 1091 5393 Subditi
1116 5354 1181 5411 crgo
1272 5354 1280 5387 r
1305 5335 1360 5390 Nec
1387 5335 1440 5389 boc
1454 5333 1529 5398 latet,
1556 5335 1627 5404 qood
1643 5334 1751 5389 locutus
1773 5340 1817 5387 est
1835 5330 1951 5393 hehior,
1979 5329 2076 5385 ne<

390 5436 478 5495 estote
495 5426 568 5480 ornati
591 5427 717 5481 humanae
739 5433 871 5481 creaturae
894 5435 1004 5498 propter
1026 5429 1181 5496 Dominum,
1238 5446 1247 5477 ι
1271 5426 1336 5481 illud
1350 5427 1498 5496 ignoratur,
1513 5425 1620 5493 quodei
1642 5424 1757 5495 iusseris
1781 5423 1901 5477 evenire.
1915 5413 2077 5480 Conse-3¹

390 5522 448 5581 sire
462 5517 529 5589 regi,
543 5518 619 5587 quasi
642 5516 818 5589 praecellenti,
838 5520 894 5574 sire
919 5521 1030 5577 ducibus
1054 5530 1182 5593 tanquam
1238 5539 1246 5570 i
1269 5519 1341 5574 enim
1364 5517 1448 5571 licum
1476 5524 1600 5572 nostrum
1624 5516 1665 5571 sic
1687 5514 1808 5585 peccatis
1829 5511 1974 5574 offensum,
1997 5501 2079 5564 σῖ

391 5614 426 5668 ab
439 5626 472 5667 eo
495 5610 585 5664 missis
607 5609 640 5663 ad
659 5608 803 5664 uindictam
827 5611 969 5676 rnatorraa,
987 5611 1092 5668 laudem
1118 5629 1182 5670 rero
1240 5630 1248 5661 t
1271 5608 1440 5662 mandaverit
1452 5622 1501 5678 per
1514 5608 1660 5677 propbetas
1680 5621 1744 5660 suos
1757 5605 1790 5659 ad
1803 5603 1944 5675 populum,
1956 5583 2081 5673 quwl

390 5698 930 5769 bonorum;quiasierolantaslleiest,
960 5711 989 5756 ut
1011 5702 1183 5757 beneiaeien-
1240 5722 1248 5751 r
1273 5701 1361 5757 tradat
1376 5716 1438 5756 eum
1456 5700 1639 5770 propeccatis
1661 5699 1727 5753 suis.
1742 5697 1777 5752 Et
1795 5682 2081 5766 quaratamsetirr²¹

391 5806 433 5851 ιεε
453 5794 644 5850 obmutescere
668 5790 773 5852 faciatis
802 5793 1014 5863 imprudentium
1043 5794 1182 5848 bominum
1240 5791 1650 5848 rseollendissclicumsuum
1667 5790 1715 5844 srlii
1733 5787 1828 5854 lsrael,
1846 5797 1950 5843 tremor
1967 5780 2084 5839 tmj*

391 5884 596 5957 lgnorantlam;
623 5884 700 5953 quasi
728 5884 817 5948 liberi,
837 5892 864 5939 et
880 5900 932 5937 nou
959 5884 1036 5953 quasi
1060 5884 1182 5939 relamcn
1241 5903 1249 5936 r
1275 5900 1356 5953 super
1373 5884 1445 5954 ipsos
1458 5891 1509 5937 est.
1523 5883 1643 5953 Desuper
1658 5882 1741 5937 etiam
1755 5879 1841 5935 lames
1856 5879 1957 5935 inrasit
1968 5870 2084 5933 ⁴209

393 5979 524 6049 babent-es
552 5976 659 6048 malitia
684 5974 848 6048 lilrertatonr,
873 5975 918 6028 scd
943 5975 1012 6030 sieut
1036 5977 1105 6031 sarri
1135 5976 1182 6032 bei
1241 5998 1249 6029 ι
1272 5985 1299 6032 et
1313 5975 1346 6031 ab
1359 5975 1485 6030 ariditate
1503 5990 1580 6044 aquai
1599 5973 1656 6043 jam
1680 5972 1751 6028 inter
1772 5979 1897 6028 mertuos
1917 5959 2088 6039 euseb)
