4709 6767
366 639 419 698 Ξιιό
684 641 713 694 Β.
735 642 864 697 Ιιιιιιιιῖιι
882 641 991 697 ιιιιιέιιι
1009 640 1167 696 atteritur.
1186 640 1340 697 eodem.
1362 640 1504 699 OPERUM
1523 642 1613 697 PARS
1632 641 1651 694 l.
1938 638 1990 692 ‘lbi

365 757 478 815 scicntia
491 757 650 823 denudatos,
663 758 741 826 quasi
766 759 793 812 in
820 758 900 812 domo
926 757 1035 827 propria
1056 755 1152 826 opilius
1166 761 1192 821 Α
1206 770 1272 809 nonu
1288 755 1425 824 adjiciunt,
1442 764 1470 808 ct
1487 754 1616 807 iaculorum
1629 750 1759 819 csernplis
1774 752 1922 817 deprrmti,
1935 752 1991 803 suis

364 845 493 920 spoliatos
520 842 690 913 derelinquit.
710 846 829 913 Denique
850 844 917 900 tales
931 860 992 900 eum
1014 860 1044 900 se
1070 859 1152 899 sensu
1204 845 1350 900 sceleribus
1363 846 1467 914 priores
1485 848 1562 897 liunt.

364 934 496 1006 spirituali
510 934 627 1003 privatos
640 935 820 1003 conspiciunt,
834 949 883 1003 per
895 934 1078 1004 eloquentiam
1092 950 1153 989 ner·
1243 952 1251 982 ι
1267 932 1418 994 Demetam,
1444 932 1539 999 iuquit,
1566 927 1715 998 posteriora
1732 925 1835 991 Brasa,
1857 936 1884 981 ct
1903 937 1992 996 poste·

363 1027 461 1080 borum
474 1025 577 1093 copiam
591 1031 723 1092 querunt,
738 1032 871 1093 quatenus
886 1038 980 1078 eorum
994 1023 1153 1088 sonoritate,
1205 1024 1274 1077 rioru
1294 1022 1389 1076 domus
1408 1022 1489 1086 iliius,
1507 1030 1535 1074 et
1550 1019 1646 1073 tactam
1659 1019 1768 1073 domum
1783 1018 1841 1087 ejus
1862 1018 1932 1073 sieut
1945 1019 1993 1072 do-

364 1115 437 1170 rciut
451 1123 588 1169 scutorum
608 1128 739 1169 aereorum
759 1114 898 1180 firmitate,
924 1122 1044 1169 tutamen
1058 1124 1154 1168 eontra
1204 1129 1277 1166 nrum
1294 1112 1438 1167 Jerobonm
1455 1111 1501 1165 dlii
1517 1111 1633 1165 Nabatlr.
1653 1130 1662 1161 ι
1676 1109 1792 1164 Demetit
1803 1108 1933 1163 lloruiuus
1943 1125 1993 1179 po-

364 1204 456 1260 lrostes
469 1218 518 1273 pro
546 1201 673 1271 subjectis
700 1203 751 1258 sibi
776 1212 922 1274 opponant.
937 1203 991 1258 Sed
1005 1212 1154 1274 qmntoaes
1204 1210 1320 1263 steriora
1334 1209 1429 1273 llaasa,
1445 1222 1506 1262 eum
1523 1209 1635 1275 peecata
1658 1204 1810 1272 iniquorum
1831 1212 1892 1273 post
1912 1203 1994 1257 finem

364 1306 407 1352 est
421 1295 499 1351 rilius
521 1295 579 1350 auri
597 1294 713 1361 metallo,
729 1302 804 1349 tauto
823 1294 936 1350 inferior
957 1304 1000 1350 est
1015 1309 1082 1349 vana
1099 1294 1155 1349 elo-
1204 1298 1265 1352 ritae
1288 1297 1436 1352 ulciscitur.
1458 1296 1574 1351 Demetit
1594 1304 1622 1350 et
1646 1294 1796 1364 posteriora
1813 1293 1909 1348 domus
1924 1292 1994 1362 ejus,

363 1386 474 1457 quentia
491 1401 562 1440 reru
587 1384 726 1454 sapientie
743 1383 843 1439 imetu.
860 1383 937 1439 Unde
947 1399 996 1454 per
1009 1383 1154 1454 quemdam
1204 1404 1265 1442 cunr
1279 1389 1435 1443 civitatores
1451 1386 1557 1441 illorum
1570 1385 1680 1439 aeternis
1692 1382 1858 1438 cruciatibus
1868 1383 1994 1444 damnum

364 1475 511 1546 sapientem
522 1474 556 1528 de
564 1472 840 1543 eloqtlenliadidlurt
851 1490 861 1524 ι
873 1471 925 1528 Ubi
935 1473 1050 1542 plurima
1059 1472 1152 1536 verbm
1204 1490 1231 1533 et
1243 1479 1322 1534 incict
1335 1480 1442 1533 domurn
1460 1477 1545 1532 Brasa
1568 1477 1638 1531 sicut
1651 1475 1716 1532 tecit
1728 1476 1837 1530 domum
1851 1474 1996 1529 tereticam

364 1565 401 1622 ibi
425 1563 581 1636 frequenter
594 1572 699 1634 egestas
713 1562 803 1634 (Prou.
818 1562 878 1635 xri).
895 1581 904 1615 ι
922 1562 957 1617 m
974 1563 1001 1617 in
1012 1561 1154 1617 Psalruista
1205 1571 1250 1625 filii
1266 1571 1454 1635 aasumensi
1469 1577 1624 1639 peccatores
1640 1566 1668 1620 in
1684 1566 1825 1635 iniquitate
1845 1579 1892 1620 sua
1905 1579 1998 1635 perse·

364 1658 463 1728 legitur
479 1675 485 1712 :
504 1676 513 1707 ι
531 1655 580 1713 Vir
592 1656 732 1726 linguosus
744 1670 799 1709 nou
818 1655 950 1725 dirigetur
960 1669 1041 1724 super
1054 1662 1153 1708 terram
1205 1669 1330 1714 verantes
1355 1658 1435 1713 simul
1447 1673 1508 1713 eum
1520 1656 1628 1711 diabolo
1649 1663 1677 1709 et
1695 1654 1798 1725 augelis
1811 1654 1870 1724 ejus
1895 1652 1994 1709 inierni

366 1739 451 1820 (Psoi.
464 1746 584 1818 curru).
603 1767 612 1798 ι
632 1745 700 1801 Nam
720 1747 753 1801 de
779 1746 911 1817 sapientia
934 1745 1065 1814 scriptum
1089 1749 1152 1796 est:
1205 1750 1370 1805 cruciatibus
1385 1747 1481 1803 tradet.
1497 1748 1582 1801 Briasa
1593 1746 1665 1800 euim
1679 1749 1720 1816 (ut
1733 1744 1863 1814 diximus)
1874 1745 1997 1813 censurio

368 1859 376 1889 ι
393 1837 530 1908 Sapientia
555 1835 700 1907 pretiosior
713 1845 754 1891 est
774 1837 879 1892 eunetis
902 1813 1007 1906 opibus,
1022 1843 1050 1890 et
1063 1833 1154 1889 omnia
1205 1840 1361 1895 valencenas
1378 1840 1583 1908 interpretatur,
1597 1838 1741 1893 jeroboam
1752 1837 1941 1892 veredicum
1952 1855 1999 1906 pc-

366 1944 425 1998 quae
436 1929 624 1984 desiderantur
634 1927 697 1981 lruic
712 1942 764 1981 non
777 1924 867 1980 rulant
882 1924 1044 1996 comparari.
1057 1922 1155 1993 Lougi-
1205 1929 1305 2000 putum,
1317 1939 1345 1985 er
1354 1930 1460 1985 Napaei,
1473 1939 1645 1998 spontaneum
1657 1937 1776 1983 resonae,
1792 1928 1844 1995 0111
1855 1943 1919 1999 ergo
1934 1943 1999 1982 mn.

365 2021 430 2075 tudo
449 2020 552 2075 dierum
577 2019 604 2072 in
622 2018 733 2073 dextera
747 2018 815 2087 ejus,
828 2018 855 2072 in
870 2017 981 2073 sinistra
1007 2016 1106 2070 diritiae
1127 2022 1156 2069 ct
1206 2018 1328 2080 lusiones
1337 2034 1462 2073 errorum
1473 2028 1501 2072 et
1511 2025 1683 2088 precatorum
1696 2018 1827 2085 sequitur,
1837 2027 1875 2080 ct,
1887 2033 1998 2073 uxorum

366 2112 450 2183 gloria
474 2109 567 2183 (Proo.
585 2109 637 2181 ιιι).
654 2128 664 2162 ι
684 2109 734 2177 Qui
748 2124 813 2165 vero
832 2117 1010 2179 opportunam
1022 2106 1156 2161 detensio-
1171 2115 1194 2172 Β
1208 2107 1303 2177 gratim
1319 2106 1469 2175 spiritualis
1486 2106 1585 2160 liabere-
1598 2105 1746 2175 negligens,
1760 2105 1786 2159 in
1799 2105 1925 2159 ariditate
1937 2120 2000 2174 pec-

366 2217 428 2256 nent
440 2200 572 2256 Ecclesiae
585 2199 712 2255 exhibere
721 2199 779 2254 vult
789 2208 882 2254 contra
895 2198 1038 2253 hereticos
1050 2206 1077 2252 et
1089 2211 1155 2251 oon·
1208 2206 1329 2253 catorum
1344 2209 1429 2267 usque
1443 2198 1477 2251 ad
1500 2195 1579 2250 iiucm
1590 2196 1653 2250 vitre
1664 2205 1830 2266 perseverat,
1850 2198 1999 2266 posteriora

366 2305 409 2348 tra
421 2305 515 2348 omnes
526 2291 661 2355 inimicos,
676 2288 814 2361 sapientiae
825 2289 918 2358 utique
928 2287 1095 2342 adminiculo
1106 2288 1158 2341 boe
1207 2288 1266 2358 ejus
1280 2289 1353 2345 uelut
1375 2290 1474 2345 diaboli
1489 2297 1624 2343 metentur
1638 2307 1645 2341 ι
1659 2289 1704 2357 qui
1730 2288 1838 2357 propriu
1860 2288 2001 2343 vuluntate

366 2381 445 2436 ιιοιιοι
458 2379 597 2452 perlicere,
613 2394 664 2434 nee
682 2378 835 2448 eloquentia
847 2377 949 2446 aliquid
972 2378 1007 2432 ud
1027 2378 1080 2431 boe
1099 2376 1157 2431 sine
1207 2382 1380 2452 superbiendi
1403 2381 1454 2437 sibi
1468 2391 1583 2435 moriem
1603 2380 1754 2451 generat-ir,
1772 2388 1800 2434 er
1815 2389 1904 2435 remen
1916 2396 2001 2450 popu.

366 2472 498 2542 sapieutia
512 2468 635 2540 prolicit,
649 2470 703 2524 imo
721 2468 866 2539 plurimum
883 2474 972 2522 nocet.
987 2466 1072 2521 Porro
1084 2467 1157 2535 quod
1206 2473 1263 2528 lum
1282 2472 1448 2542 perditorum
1465 2469 1538 2524 velut
1564 2469 1711 2539 dijudicare
1730 2469 1854 2535 videtur,
1868 2485 1930 2526 curu
1945 2485 2000 2524 non

367 2563 465 2636 legitur
482 2563 510 2617 itt
528 2560 763 2631 subsequentibus,
779 2560 851 2630 quod
870 2559 971 2615 bellum
989 2558 1070 2614 irretit
1085 2559 1157 2613 inter
1204 2562 1493 2633 judicium'aequitatis‚
1510 2561 1559 2616 sed
1579 2560 1762 2616 damnationis
1780 2561 1807 2614 in
1819 2561 1859 2616 eis
1871 2577 2002 2617 exercerc

367 2656 487 2710 ltoiroam
511 2662 539 2710 et
562 2651 706 2709 leroboam
728 2660 756 2706 et
779 2651 844 2716 risa,
865 2665 955 2722 regem
971 2647 1054 2714 leda,
1076 2658 1158 2718 atque
1207 2650 1385 2723 dignoscitur.
1401 2651 1477 2707 Tune
1493 2651 1566 2706 enim
1582 2658 1755 2720 peccatorum
1778 2657 1860 2719 atque
1880 2651 2001 2706 omnium

366 2746 462 2804 liausu,
488 2758 579 2813 regem
602 2741 695 2807 lsrael,
722 2742 827 2796 eunetis
852 2741 948 2796 dielms
974 2754 1080 2804 eorum,
1103 2753 1157 2792 nou
1208 2740 1361 2809 iniquorum
1386 2740 1537 2810 posteriora
1562 2740 1746 2804 demetentur,
1765 2754 1826 2793 cum
1841 2739 1928 2809 capite
1952 2755 2002 2795 sun

367 2835 439 2889 aliud
459 2832 612 2905 significare
637 2840 712 2902 puto,
729 2846 810 2900 quam
824 2831 896 2899 quod
917 2837 1011 2884 sancta
1026 2829 1155 2892 Ecclesia,
1208 2830 1326 2896 diabolo,
1344 2831 1454 2899 quando
1471 2829 1557 2885 ludex
1576 2830 1700 2884 virerum
1727 2838 1756 2884 et
1779 2838 1947 2886 mortuorum
1974 2832 2002 2885 in

367 2942 429 2995 cquae
441 2925 468 2978 in
489 2923 592 2978 uilitate
608 2922 671 2975 lidei
683 2921 814 2990 persistit,
827 2920 927 2975 bellum
940 2921 1038 2976 lrabeat
1050 2935 1158 2988 semper
1210 2924 1263 2978 line
1291 2924 1381 2979 saeculi
1407 2925 1528 2979 dicturus
1551 2930 1594 2979 est
1615 2923 1659 2978 his
1675 2924 1721 2992 qui
1736 2925 1770 2978 ad
1788 2917 1932 2980 ¹sinistram
1944 2925 2003 2995 ejus

369 3032 431 3072 cum
442 3014 612 3069 lraereticiset
624 3011 815 3076 schismaticis,
826 3020 854 3066 et
865 3011 991 3065 omnibus
1000 3010 1047 3079 qui
1056 3008 1158 3064 violare
1211 3011 1338 3067 stabunt:
1353 3032 1362 3063 ι
1376 3008 1511 3068 Discedite
1522 3029 1537 3067 a
1554 3029 1608 3077 me,
1621 3014 1767 3076 maledicti,
1781 3014 1808 3068 iu
1825 3014 1915 3085 ignem
1923 3025 2003 3071 aeter·-

367 3105 533 3164 contendunt
544 3103 626 3159 iidem
642 3102 813 3157 catholicam.
830 3122 840 3154 ι
857 3101 959 3158 Omnes
974 3102 1046 3156 enim
1060 3101 1101 3172 (ut
1121 3102 1160 3155 ait
1210 3121 1285 3169 num,
1296 3106 1341 3174 qui
1352 3115 1463 3175 paratus
1474 3113 1518 3160 est
1529 3104 1670 3159 diaboloet
1681 3105 1784 3175 angelis
1795 3104 1864 3174 ejus.
1878 3106 1912 3160 Et
1925 3106 2005 3161 ibunt

368 3193 523 3268 spostolus)
534 3194 580 3263 qui
594 3194 638 3263 pie
655 3193 749 3249 solunt
760 3192 888 3247 vivereid
899 3190 1019 3256 Chrisw,
1035 3205 1160 3261 persecu·
1210 3196 1237 3250 hi
1261 3196 1288 3250 in
1310 3196 1472 3266 supplicium
1492 3203 1637 3258 aeteruum,
1661 3193 1728 3263 justi
1745 3204 1837 3249 autem
1868 3196 1895 3249 in
1918 3195 2003 3251 ritnnr

369 3287 469 3344 tionem
491 3286 630 3355 patiuntur
654 3283 695 3357 (ll
716 3284 784 3339 Tim.
800 3282 852 3356 ιιι).
872 3302 881 3336 ι
899 3283 967 3350 Quia
990 3282 1071 3338 draco
1089 3283 1160 3336 anti-
1210 3294 1340 3341 aeternam
1359 3284 1465 3356 (ιιιιιιιι.
1484 3284 1584 3356 urbs

369 3393 438 3450 quus
451 3358 788 3450 persequitur‘mutiercm,
809 3374 941 3430 insidians
953 3372 1156 3446 calcaneoejus,

1259 3377 1329 3445 rQui
1343 3386 1477 3444 mortuus,
1493 3377 1592 3447 inquit,
1607 3376 1688 3433 suerit
1700 3378 1734 3433 de
1743 3378 1829 3433 Bassa
1840 3377 1867 3433 in
1882 3378 2004 3443 civitate,

368 3469 468 3541 etipsa
495 3474 619 3523 conteret
645 3474 726 3537 caput
750 3466 821 3522 illius
843 3463 919 3537 (Gerr.
934 3466 987 3539 ιιι).
1013 3467 1069 3523 Asa
1085 3467 1158 3523 enim
1173 3458 1195 3519 C
1211 3469 1356 3525 comedent
1376 3484 1439 3523 eum
1456 3485 1551 3545 canes,
1572 3470 1606 3524 Et
1621 3471 1667 3539 qui
1687 3478 1811 3526 mortuus
1825 3469 1908 3525 luerit
1923 3485 1958 3525 ex
1972 3486 2005 3525 co

369 3558 540 3625 catenesiae
553 3555 703 3621 sustollens,
727 3564 755 3611 et
779 3555 865 3612 Baasa
879 3556 1011 3626 confusio,
1026 3556 1071 3613 rel
1083 3559 1160 3613 aieci-

368 3663 421 3716 ms,
435 3649 637 3719 interpretatur.
658 3646 693 3701 Et
708 3647 778 3702 bene
796 3646 922 3703 Ecclesiae
936 3648 1049 3718 populus
1063 3646 1160 3703 tolle-s

368 3741 425 3795 sive
440 3738 584 3795 sustollens
597 3736 707 3802 dieitur,
722 3737 768 3805 qui
780 3745 897 3792 ruentem
909 3752 984 3792 suam
997 3738 1031 3792 ad
1043 3752 1159 3807 superna

369 3829 503 3885 desideria
520 3828 696 3898 suspendens,
712 3827 898 3884 conimionem
922 3836 1091 3884 terrenarum
1110 3845 1158 3883 en-

370 3920 511 3988 piditatum
525 3934 585 3973 cum
601 3932 695 3972 mrum
716 3926 875 3988 suggestore
888 3915 996 3972 diabolo
1009 3916 1114 3986 spernit
1127 3932 1159 3971 ne

370 4014 442 4068 relut
454 4013 527 4069 sicca
540 4019 568 4066 et
583 4009 687 4065 inutilia
699 4009 859 4064 contemnit.

671 4138 785 4195 CAPUT
805 4137 862 4192 llV.

372 4250 447 4315 Quod
460 4265 543 4304 sermo
555 4247 662 4302 nonina
672 4248 758 4317 fectus
768 4256 805 4301 ert
821 4246 856 4301 ed
870 4247 950 4313 tetre,
961 4247 1047 4318 filium
1063 4248 1158 4315 Anam,

405 4329 495 4374 contre
513 4317 613 4383 Basse,
637 4334 721 4388 regem
738 4316 833 4382 lsrael,
854 4318 999 4388 predicens
1025 4335 1119 4390 penes·
1137 4320 1161 4372 ei

404 4389 520 4457 futuros,
533 4404 563 4442 co
576 4388 645 4459 qaod
659 4403 765 4458 peecare
780 4387 876 4456 feceret
898 4386 994 4452 lsrael,
1005 4399 1029 4443 et
1041 4388 1074 4442 de
1087 4390 1160 4442 Arrtrr'

405 4475 463 4530 repe
477 4456 572 4523 lsrael,
583 4456 712 4529 quomodo
733 4456 822 4510 emerit
843 4466 955 4512 orontem
971 4458 1110 4513 Seruarirc.
1123 4458 1162 4512 lle

405 4528 563 4599 temporibus
585 4526 684 4591 debeb,
701 4536 724 4579 et
748 4527 878 4597 quomodo
905 4525 994 4581 Aciricl
1015 4526 1047 4581 de
1071 4527 1161 4581 ιιοιιιοι

405 4598 545 4667 edificavit
576 4596 699 4659 derecto,
727 4595 755 4648 ιο
788 4595 887 4650 dbirurr
917 4596 1088 4667 primogenito
1113 4613 1161 4649 suo

406 4667 521 4747 [undem
531 4682 600 4732 eom,
612 4673 636 4720 et
645 4665 673 4719 ιιι
685 4663 772 4736 Seqsb
783 4666 922 4721 ιιοιιιιιιιιιο
936 4683 985 4720 sco
995 4681 1093 4736 perterre
1101 4681 1161 4735 por-

409 4747 528 4805 torrem.

407 4849 482 4920 (Cre.
498 4846 565 4918 xri.)
583 4868 591 4897 ι
612 4846 711 4901 Factus
733 4855 879 4901 astantem
898 4860 988 4901 sermo
1010 4844 1114 4900 Domini
1130 4844 1164 4899 ad

375 4960 383 4990 ι
405 4938 486 5003 ιοιιιι,
503 4937 587 4991 tilium
608 4937 707 5001 titiani,
720 4945 814 4989 contra
829 4934 924 4999 lluasa,
940 4934 1035 4989 dicens
1047 4951 1053 4987 :
1066 4933 1119 4989 Pro
1131 4949 1164 4989 eo

374 5048 383 5076 ι
406 5027 476 5096 qnod
488 5023 604 5078 exultavi
617 5032 643 5078 te
657 5024 690 5078 de
703 5022 824 5091 pulvere,
837 5031 866 5078 et
882 5024 959 5093 posui
971 5024 1066 5078 ducem
1083 5038 1164 5093 super

375 5138 384 5168 ι
407 5116 534 5188 populum
552 5131 642 5170 rnemu
657 5113 749 5179 lsrael,
765 5121 794 5168 tu
808 5130 898 5170 autem
916 5114 1057 5170 ambulasti
1079 5116 1106 5169 in
1120 5116 1162 5170 ria

376 5227 385 5255 ι
407 5204 561 5269 leroboum,
581 5212 608 5257 ct
631 5219 745 5274 peecare
766 5203 854 5260 iecisti
877 5205 1003 5276 populum
1022 5220 1109 5261 meum
1126 5205 1164 5261 ls-

376 5316 385 5348 r
407 5295 474 5360 rael,
486 5303 514 5349 ut
534 5309 577 5348 me
594 5294 716 5351 irritares
731 5296 759 5349 iu
773 5297 893 5366 peccatis
906 5313 1014 5363 corum,
1032 5313 1096 5353 eece
1114 5313 1163 5369 ego

376 5408 385 5438 ι
408 5386 542 5442 demetam
568 5386 718 5455 posteriora
741 5385 837 5452 baasa,
852 5396 880 5442 et
902 5388 1053 5458 posteriora
1067 5388 1164 5441 domus

377 5498 386 5532 ι
407 5477 476 5547 ejus,
491 5486 519 5532 et
536 5476 634 5532 taciem
657 5478 766 5533 domum
789 5488 862 5533 tuam
879 5480 950 5534 sicut
961 5474 1162 5533 domumlero·

378 5588 387 5619 ι
408 5567 500 5632 boam,
514 5564 560 5620 tilii
575 5564 692 5621 Nabath.
716 5568 766 5635 Qui
787 5576 910 5624 mortuus
925 5567 1009 5623 luerit
1024 5567 1058 5622 de
1076 5567 1163 5621 baasa

377 5674 387 5708 r
408 5654 436 5710 iu
450 5654 571 5721 civitate,
584 5656 726 5712 comedent
743 5672 805 5712 eum
824 5671 916 5712 canes.
930 5656 965 5711 Et
978 5656 1024 5726 qui
1041 5666 1164 5711 mortuus

377 5743 489 5800 eluerit
513 5760 547 5800 οι
560 5760 593 5799 eo
606 5745 633 5800 in
656 5746 776 5816 regione,
792 5746 935 5800 comedent
957 5759 1019 5800 eum
1042 5744 1164 5801 volucres

378 5854 387 5888 ι
410 5835 483 5902 coeli,
498 5845 554 5892 etc,
571 5856 580 5889 ι
597 5837 659 5891 llaec
672 5837 754 5892 rerba
764 5845 858 5892 contra
873 5851 968 5891 omnes
981 5845 1124 5906 peccantes
1137 5848 1166 5892 et

376 5936 470 5982 contra
489 5927 633 5983 hereticos
643 5936 670 5981 et
687 5936 780 5981 contra
795 5940 915 5996 paganos
928 5926 1046 5981 maxime
1058 5927 1163 5996 prolata

376 6028 438 6074 sunt
454 6036 460 6068 :
475 6016 574 6088 quippe
591 6016 636 6087 qui
660 6017 781 6086 peccatis
795 6016 917 6086 pristinis
935 6026 1045 6089 peccata
1059 6034 1166 6088 semper

1212 3561 1239 3615 in
1253 3562 1373 3631 regione,
1386 3561 1529 3617 comedent
1541 3576 1603 3616 eunt
1616 3562 1742 3617 volucres
1758 3561 1831 3617 eneti.
1854 3580 1863 3612 ι
1880 3559 1951 3627 Quid
1962 3568 2006 3616 est

1210 3667 1276 3723 ergo
1289 3662 1425 3707 mortuum
1440 3668 1501 3708 esse
1516 3653 1542 3707 in
1564 3653 1685 3717 civitate,
1701 3654 1752 3708 nisi
1767 3651 1916 3723 quemlibet
1934 3651 2004 3708 flde-

1212 3753 1291 3798 teuus
1304 3743 1331 3797 in
1346 3743 1467 3799 Ecclesia
1484 3753 1717 3813 perseverantem,
1730 3742 1890 3799 criminibus
1902 3742 2006 3812 capita-

1211 3835 1282 3891 libus
1295 3836 1441 3892 obnoxium
1459 3836 1541 3891 esse?
1568 3835 1597 3890 ln
1614 3836 1724 3891 civitate
1737 3849 1803 3906 ergo
1815 3834 1942 3899 moritur,
1956 3833 2004 3903 qui

1212 3925 1283 3980 iutra
1296 3925 1446 3982 Ecclesiam
1472 3926 1521 3981 Dei
1548 3941 1630 3996 opera
1653 3926 1799 3996 pravitatis
1818 3933 1938 3980 exercet.
1959 3923 2006 3979 llic

1211 4016 1284 4073 enim
1295 4032 1343 4072 ore
1352 4032 1449 4072 eanum
1461 4018 1605 4082 laceratur,
1619 4031 1681 4071 cum
1694 4016 1836 4072 sententiis
1847 4023 2004 4069 sanctorum

1211 4106 1352 4160 doctorum
1374 4107 1540 4175 increpatur,
1556 4107 1678 4177 arguitur
1692 4114 1773 4174 atque
1795 4107 1950 4160 damnatur.
1966 4106 2004 4159 lle

1212 4196 1310 4267 quibus
1329 4196 1455 4251 videlicet
1478 4196 1590 4251 canibus
1617 4195 1644 4249 in
1669 4194 1776 4249 Psalmo
1790 4194 1919 4263 scriptum
1937 4201 2004 4248 est:

1215 4308 1224 4339 ι
1242 4287 1277 4343 ιιι
1287 4302 1369 4342 canes
1383 4287 1535 4341 circuibunt
1545 4286 1684 4340 civitatem
1697 4282 1783 4357 (Ριιιι.
1798 4282 1885 4353 ιιιιι).
1900 4282 2008 4337 rCanes

1212 4378 1285 4431 cuim
1302 4377 1451 4431 acurendo
1466 4375 1529 4429 dicti
1544 4383 1615 4430 sunt.
1632 4375 1736 4430 Canum
1750 4372 1824 4428 enim
1838 4372 2006 4428 cousuetudo

1212 4475 1255 4521 est
1277 4464 1321 4520 illa
1337 4465 1395 4520 loca
1418 4464 1571 4524 defendere,
1588 4463 1723 4532 inquibus
1743 4476 1772 4517 se
1793 4472 1892 4516 norunt
1909 4461 2008 4515 alimo-

1213 4556 1286 4609 nium
1308 4555 1437 4624 reperire.
1452 4552 1554 4608 Civitas
1568 4562 1658 4607 autem
1683 4552 1739 4616 illa,
1755 4567 1835 4622 quarn
1863 4565 1946 4606 canes
1961 4550 2006 4604 isti

1213 4649 1393 4711 circumeunt,
1409 4644 1557 4701 Jerusalem
1581 4657 1632 4711 est,
1662 4646 1852 4701 universaliter
1867 4660 1916 4716 per
1928 4661 2008 4700 murr-

1215 4741 1278 4796 dum
1292 4738 1397 4794 ditiusa.
1410 4738 1487 4795 llanc
1501 4754 1566 4809 ergo
1579 4737 1710 4794 circuisse
1733 4738 1846 4792 Paulum
1870 4737 2007 4792 salutares

1175 4802 1203 4861 Ῑ)
1215 4829 1308 4898 generi
1321 4830 1440 4884 humano
1449 4838 1585 4885 testantur
1594 4828 1720 4899 Epistolae
1731 4843 1791 4897 quae
1802 4843 1851 4899 per
1864 4828 2008 4883 universus

1216 4926 1320 4990 gentes,
1347 4919 1421 4975 reiut
1451 4935 1528 4976 sacra
1555 4919 1661 4984 (lirina,
1689 4925 1843 4973 tonuerunt.
1864 4916 1887 4973 0
1909 4933 2007 4973 canem

1216 5010 1298 5064 istum
1311 5010 1430 5076 beatum,
1447 5011 1494 5080 qui
1512 5010 1624 5080 populos
1634 5010 1807 5080 persequitur
1819 5007 1951 5073 infideles,
1965 5008 2009 5063 lu-

1216 5114 1261 5154 res
1275 5100 1370 5171 abigit,
1389 5108 1418 5155 et
1432 5100 1513 5155 ovilia
1540 5108 1633 5154 sancta
1654 5098 1780 5162 custodit,
1799 5095 1877 5165 eujus
1891 5096 2009 5154 latratus

1214 5204 1265 5258 per
1278 5197 1363 5244 totum
1377 5188 1517 5253 muudum,
1530 5189 1607 5258 quasi
1626 5190 1788 5259 grandisona
1807 5190 1882 5256 tuba,
1894 5205 2007 5246 concre-

1215 5280 1287 5350 pult!

1254 5408 1263 5440 ι
1281 5388 1333 5455 Qui
1346 5388 1419 5442 enim
1434 5388 1559 5453 moritur,
1575 5390 1671 5453 ait,e1
1682 5387 1768 5443 Bassa
1786 5389 1814 5443 in
1828 5389 1949 5460 regione,
1960 5404 2009 5444 eo·

1216 5477 1326 5532 medeut
1347 5492 1408 5531 euru
1425 5478 1549 5533 volueres
1574 5477 1646 5533 eoeli.
1667 5477 1732 5532 ›ttti
1756 5478 1829 5532 enim
1852 5493 1887 5532 er
1904 5476 2007 5542 baasa,

1216 5570 1269 5626 hoe
1281 5576 1331 5633 est,
1346 5584 1380 5624 es
1393 5585 1509 5640 corpore
1521 5570 1620 5625 diaboli
1634 5569 1793 5625 contusione
1806 5567 1965 5637 plenissimo
1980 5569 2007 5621 in

1216 5659 1326 5731 regione
1357 5661 1527 5725 moriuntur,
1546 5660 1591 5730 qui
1613 5667 1690 5715 extra
1715 5658 1863 5714 Ecclesiam
1887 5659 2007 5727 separati

1216 5749 1375 5807 idololatriae
1398 5760 1446 5806 aut
1464 5751 1613 5806 lraeresibus
1637 5765 1685 5805 ore
1702 5757 1784 5817 atque
1806 5762 1889 5817 opere
1903 5744 2009 5800 nelarie

1216 5838 1380 5894 deserviunt.
1403 5838 1461 5893 lloe
1476 5838 1547 5893 enim
1562 5836 1686 5892 volucres
1705 5836 1769 5891 eneti
1786 5834 1941 5894 comeduut.
1954 5833 2008 5887 ilbc

1216 5928 1340 5984 uidelicet
1364 5928 1500 5992 volucres,
1520 5926 1553 5981 de
1571 5926 1668 5995 quibus
1693 5926 1719 5980 iu
1736 5923 1883 5995 Evangelio
1900 5923 1966 5978 dicit
1981 5925 2007 5976 in

1216 6021 1344 6089 parabola
1359 6021 1490 6076 sementis
1503 6031 1582 6074 secus
1596 6016 1666 6071 riam
1682 6030 1775 6072 semen
1792 6027 1917 6084 sparsum
1928 6012 2008 6067 uolu-
