4709 6767
364 574 433 632 ttslt
721 571 899 630 COMMENT.
917 572 952 627 IN
970 571 1094 628 Libuos
1114 569 1399 628 haettnbffiohtltt.
1418 602 1452 613 -
1473 571 1506 626 bv
1525 572 1589 626 ΗΒ.
1611 571 1631 625 i.
1930 576 1999 631 ltus

362 686 518 746 deicerent,
538 685 571 739 ad
584 683 743 740 abolendam
768 685 890 757 segnitiae
904 685 1039 741 maculam
1054 684 1153 741 bellum
1168 687 1192 747 Α
1205 697 1267 738 com
1281 698 1335 740 non
1347 683 1405 739 suis
1419 682 1533 747 viribus,
1560 683 1606 737 scd
1626 682 1719 752 gratiae
1742 681 1840 737 divinae
1856 683 1998 742 uictoriam

361 779 469 836 Parthis
483 773 585 833 inierrc
611 778 707 832 statuit
723 796 729 830 :
746 777 824 847 cujus
847 779 993 834 adventum
1007 793 1061 833 nou
1078 778 1157 833 inviti
1206 791 1287 846 quam
1301 777 1391 847 adepti
1406 785 1469 831 sunt
1483 776 1621 846 deputant,
1636 775 1758 828 dicentes
1770 789 1831 829 cum
1842 774 1998 846 Propheta:

360 872 480 931 Orientis
491 869 583 942 popuii
600 870 693 924 videre
708 878 820 941 propter
833 871 991 928 Arsacbidae
1004 872 1078 943 regis
1091 870 1157 923 Par·
1208 867 1269 922 iiou
1289 868 1375 932 nobis,
1404 866 1526 931 Domine,
1551 880 1603 918 non
1626 864 1709 926 nolis,
1724 865 1768 917 scd
1784 864 1883 919 nomini
1905 875 1951 922 tato
1967 871 2002 922 ris

362 974 469 1024 thorum
488 961 686 1025 crudelitatem,
715 971 743 1018 ct
767 964 840 1034 quod
865 965 952 1020 veteri
980 963 1156 1020 Macedonum
1206 956 1317 1027 pierium
1343 972 1422 1027 tttper
1445 955 1625 1009 misericordia
1650 963 1675 1006 et
1700 954 1875 1007 verbotenus
1910 951 1998 1025 (Petti-

360 1053 475 1125 irnperio
491 1053 593 1108 assucti
610 1051 672 1107 nuri
689 1052 781 1123 popuii
796 1053 952 1124 superbiam
965 1054 1074 1125 indigne
1087 1053 1158 1108 iere-
1206 1048 1296 1117 estiti-

359 1144 436 1199 bant.
451 1144 546 1213 itaque
568 1158 630 1198 cum
647 1141 791 1199 Persarum
815 1153 843 1198 ct
866 1143 980 1200 aliorum
1006 1144 1157 1199 vicinorum
1244 1136 1277 1190 Et
1293 1137 1359 1191 tedii
1379 1136 1527 1190 Demetrius
1539 1135 1623 1188 111111
1635 1132 1778 1203 1111111911
1791 1132 1844 1199 1111,
1857 1142 1910 1188 eii·
1922 1132 2001 1202 Quod

360 1235 462 1291 auxilio
485 1234 639 1305 juvaretur,
670 1232 762 1289 multis
786 1234 888 1306 praeliis
907 1231 1024 1289 Parthos
1039 1240 1160 1308 vastatos
1207 1227 1361 1282 Demetrius
1378 1225 1503 1281 Junatbae
1524 1240 1574 1295 pro
1599 1223 1740 1280 beooileiis
1767 1225 1893 1279 retribuit
1917 1226 2000 1293 maia,

361 1325 429 1382 irrdit
444 1344 450 1380 :
467 1327 500 1380 ad
515 1333 683 1395 postremum
705 1339 766 1380 cum
780 1326 857 1394 pacis
881 1323 1054 1380 simulatione
1077 1322 1155 1379 dere·
1207 1317 1343 1387 siguiiicat
1360 1315 1484 1371 carnales
1495 1314 1601 1378 stultos,
1616 1329 1677 1368 curn
1691 1314 1731 1369 eis
1746 1314 1895 1370 consulitur
1907 1317 1941 1372 ad
1955 1332 2001 1373 sa-

360 1426 423 1487 ptus
447 1417 566 1485 capitur,
596 1415 793 1486 traductusque
816 1429 927 1485 perora
951 1414 1091 1469 civitatum
1105 1428 1155 1484 po·
1208 1409 1303 1475 iutetn,
1329 1425 1382 1464 nun
1399 1410 1512 1464 reddere
1538 1406 1758 1463 icrreiactoribus
1771 1409 1829 1463 suis
1852 1412 2001 1469 secundum

359 1509 429 1582 pulis
463 1509 509 1579 qui
539 1508 719 1563 deseruerunt
748 1521 821 1573 cum,
840 1504 867 1576 iu
883 1506 1029 1562 ludibrium
1057 1506 1157 1563 favoris
1208 1502 1298 1558 dehita
1321 1501 1465 1566 beneiicia,
1494 1502 1542 1557 sed
1557 1502 1705 1556 secundom
1732 1501 1837 1557 obtrusi
1852 1504 1941 1558 cordis
1958 1505 2001 1561 sui

359 1601 532 1668 ostenditur,
551 1600 652 1655 missus
667 1598 765 1654 deinde
779 1598 807 1653 iu
820 1596 976 1654 Herennium
992 1599 1108 1671 benigue
1130 1606 1158 1653 et
1207 1593 1417 1681 pravaconsiiia
1434 1611 1440 1646 :
1456 1592 1588 1664 quidquid
1601 1592 1673 1647 euim
1687 1592 1727 1647 cis
1747 1591 1838 1663 agitur
1850 1594 1884 1649 ad
1898 1595 2002 1650 utilita-

357 1691 435 1764 iuxta
451 1691 553 1747 cultum
567 1691 710 1761 pristinum
723 1690 850 1745 babetur.
1208 1692 1273 1749 tem,
1290 1683 1328 1738 illi
1352 1693 1437 1740 totum
1457 1691 1583 1754 reputant
1596 1683 1630 1738 ad
1644 1684 1818 1749 noxietatem,
1838 1692 1867 1739 et
1892 1686 2001 1742 invidia·

399 1781 434 1837 m
459 1781 530 1836 misit
558 1780 690 1835 icantitos
707 1779 742 1833 nri
765 1779 928 1835 Demetrium
942 1789 970 1834 nt
988 1780 1092 1852 ejiceret
1114 1796 1156 1835 eos
1208 1776 1317 1830 stimulo
1341 1776 1447 1831 incitati
1461 1774 1634 1845 nequissimae
1656 1788 1711 1828 stne
1735 1772 1837 1844 eligunt
1864 1774 2003 1831 deservire

359 1873 404 1945 qni
415 1872 443 1927 in
455 1888 515 1927 arce
530 1880 616 1936 erant,
633 1878 686 1924 cte.
701 1868 772 1937 Quid
785 1876 827 1925 cst
839 1870 912 1941 quud
924 1868 1055 1925 iouathas
1067 1883 1082 1923 a
1093 1883 1157 1941 rege
1208 1866 1351 1922 voluntati.

359 1961 496 2017 Demetrio
510 1960 580 2032 petit
596 1967 626 2015 ut
637 1959 748 2030 ejiceret
761 1974 809 2015 cos
826 1959 871 2029 qui
886 1967 964 2015 crant
975 1960 1003 2014 iu
1014 1973 1078 2014 arce
1091 1958 1155 2013 iiic·
1244 1958 1278 2012 Et
1296 1959 1376 2012 crivit
1395 1958 1526 2013 ionathus
1551 1968 1574 2012 et
1595 1958 1792 2029 perambulabat
1815 1969 1889 2014 troas
1903 1962 2003 2031 flamen

359 2051 480 2108 rusaiem
494 2058 522 2106 ct
533 2050 559 2104 iu
573 2050 718 2121 presidiis,
734 2049 781 2120 qui
797 2057 826 2104 et
849 2050 1044 2120 impugnabant
1059 2048 1153 2115 lsraci,
1171 2047 1335 2108 ilciritntcs,
1361 2055 1415 2102 etc.
1433 2047 1486 2101 Per
1502 2046 1625 2101 iouathae
1653 2048 1795 2102 transitum
1816 2048 1887 2103 ultra
1901 2050 2003 2108 ilumeu

357 2157 440 2214 aquo
454 2141 619 2197 econtrario
632 2139 753 2210 postulat
780 2140 933 2197 Demetrius
946 2140 1046 2196 auxilia
1062 2140 1158 2195 adrer-
1211 2141 1430 2210 predicationem
1444 2143 1519 2198 verbi
1535 2144 1568 2197 ad
1582 2157 1629 2198 eos
1643 2144 1689 2213 qui
1704 2145 1819 2199 neudum
1839 2146 2003 2218 baptismate

358 2248 405 2290 sus
420 2232 556 2297 inimicos,
580 2232 634 2288 nisi
660 2233 733 2303 quod
755 2231 882 2288 doctores
896 2232 983 2287 sancti
998 2241 1156 2304 expetunta
1209 2230 1310 2286 Christi
1324 2231 1409 2287 abluti
1422 2240 1496 2294 sunt;
1507 2247 1652 2304 possumus
1670 2234 1804 2305 accipere,
1820 2237 1883 2306 quia
1902 2237 2003 2307 pract-

364 2326 485 2397 gentium
499 2324 666 2395 principibus
688 2325 764 2381 esai)
787 2325 861 2381 omni
884 2328 986 2398 populo
1014 2326 1119 2382 erroris
1130 2336 1158 2381 et
1209 2331 1317 2376 calores
1330 2323 1416 2377 sancii
1442 2322 2003 2398 aliquantiogentilesadsacrombaptis·

362 2417 498 2488 superbiae
522 2415 741 2483 debellationem,
768 2418 860 2488 stipsi
884 2418 1011 2474 similiter
1025 2434 1040 2473 a
1055 2418 1157 2474 sanctis
1209 2425 1283 2466 mum
1297 2421 1458 2481 provocant,
1473 2413 1619 2482 aliquando
1633 2413 1726 2470 ildelcs
1740 2416 1774 2471 ad
1788 2416 1939 2486 proiectum
1950 2419 2003 2473 vir·

363 2509 523 2565 doctoribus
547 2507 684 2578 postulant
697 2506 857 2579 suffragium
871 2508 1040 2565 doctrinaect
1053 2510 1156 2565 oratio·
1208 2503 1438 2558 tutumexeitant.
1459 2504 1526 2560 Cum
1547 2521 1612 2577 crgo
1635 2514 1712 2561 trans
1727 2504 1826 2562 ssumcu
1849 2508 2002 2581 regreditur
2070 2543 2073 2551 -

358 2601 402 2657 nis
416 2600 450 2657 ad
463 2601 632 2671 superandos
649 2599 785 2671 spiritales
811 2600 956 2657 inimicos:
973 2609 1069 2657 neuter
1083 2602 1156 2657 enim
1208 2593 1350 2662 ionathas,
1363 2596 1438 2650 renit
1448 2596 1483 2650 ad
1493 2611 1555 2650 eum
1570 2597 1707 2652 exereitus
1721 2596 1807 2669 Syriae
1818 2600 1845 2654 in
1859 2599 2000 2665 auxilium,

359 2696 428 2752 ordo
456 2695 516 2751 sine
530 2694 641 2750 alterius
666 2692 844 2764 opitulatione
860 2694 985 2750 edoctum
1009 2693 1154 2751 ministerii
1207 2684 1271 2756 111111
1284 2686 1392 2756 attondit
1400 2684 1518 2756 apostoli
1533 2687 1566 2741 de
1576 2686 1676 2742 iudaeis
1690 2688 1725 2742 ad
1738 2690 1859 2761 gentium
1869 2691 2003 2760 oradica-

359 2787 402 2843 sui
416 2785 610 2857 rite-perlicere
625 2784 708 2851 salet,
722 2784 984 2855 qoiaoccdoctorcs
1000 2784 1086 2839 sancti
1100 2798 1157 2838 me·
1208 2778 1310 2833 tionem
1335 2778 1527 2849 1118111111111,
1556 2793 1617 2834 mol
1642 2780 1751 2848 plurimi
1777 2782 1811 2837 tie
1828 2783 1953 2854 gentihus
1967 2786 2003 2841 ati

360 2876 443 2931 ritum
468 2873 637 2929 lucrificandi
665 2872 724 2928 sine
748 2873 925 2928 conversione
951 2882 978 2929 et
1002 2872 1156 2929 obedientia
1209 2867 1289 2924 iidem
1299 2877 1329 2924 ct
1340 2869 1506 2940 baptismum
1521 2858 1621 2925 Christi
1643 2871 1849 2940 conveniebant,
1863 2875 1908 2944 qui
1921 2875 2001 2947 adju·

363 2968 543 3033 subditorum,
556 2980 607 3021 nec
622 2964 672 3035 ipsi
689 2964 789 3020 subditi
805 2964 919 3019 salutem
931 2964 1081 3034 promereri
1093 2979 1156 3037 pos-
1209 2968 1283 3015 tores
1307 2959 1532 3029 predicatoribus
1559 2960 1661 3016 sanetis
1675 2962 1702 3015 in
1717 2962 1864 3032 Evangelio
1877 2965 1926 3021 Dei
1941 2963 2001 3021 iue-

361 3063 426 3112 sunt
439 3056 497 3110 sine
508 3053 670 3111 documento
683 3062 712 3108 et
739 3054 917 3109 instnrctione
941 3055 1155 3127 magistrorum
1208 3059 1281 3117 runt,
1302 3060 1436 3123 quatenus
1453 3066 1573 3123 paganos
1596 3053 1631 3108 ad
1655 3052 1842 3109 credulitatem
1868 3058 2001 3126 perduce-

359 3153 476 3223 uteripue
497 3151 570 3208 cnim
586 3150 665 3215 ordo,
690 3155 720 3203 ut
734 3148 892 3219 praedictum
908 3157 959 3215 est,
978 3139 1012 3203 ab
1026 3149 1079 3205 alio
1100 3148 1155 3204 iul·
1208 3151 1279 3199 reni·
1294 3141 1413 3198 Perrexit
1425 3143 1592 3209 Ascalonem,
1610 3160 1671 3215 ttttae
1684 3145 2001 3220 iuterpretaturoppensn
2038 3218 2042 3228 Ι

359 3241 434 3297 citur
451 3248 478 3296 et
489 3241 524 3295 ab
537 3237 591 3294 alio
617 3237 753 3293 divinatur
767 3235 839 3309 (sic).
859 3236 935 3293 Unde
946 3236 1047 3292 Patulus
1069 3238 1154 3295 Thes-
1208 3231 1250 3289 vei
1271 3233 1340 3303 inuis
1360 3231 1478 3303 insumis,
1493 3243 1518 3286 et
1532 3243 1703 3288 occurrerant
1728 3235 1761 3288 de
1774 3236 1877 3292 ciuitate
1890 3238 2001 3293 honori·

360 3328 767 3400 saioniccusibusait(inopus)
784 3346 790 3381 ε
809 3326 831 3381 T
831 3344 882 3382 nnc
892 3328 1001 3383 nmmos
1012 3330 1034 3383 si
1045 3346 1089 3385 uos
1100 3340 1154 3386 sta·
1205 3324 1266 3395 fice-
1281 3323 1350 3379 Cim
1373 3322 1596 3393 Piaedifflwfl'biffl
1610 3325 1712 3379 8111111ῑῦ
1738 3325 1766 3380 lli
1790 3327 1836 3397 qui
1858 3329 2002 3387 1111ῢὶῑίοηί

359 3426 395 3479 tis
408 3424 436 3477 in
449 3421 571 3485 Dommo,
597 3420 720 3491 qnoniam
741 3418 885 3490 pandemus
907 3428 1012 3490 propter
1025 3436 1071 3476 cos
1094 3430 1155 3476 unte
1168 3400 1192 3465 C
1206 3413 1300 3470 taecltii
1313 3413 1515 3480 1111θηὶ611111,
1535 3412 1676 3469 audientes
1695 3417 1807 3472 verbum
1822 3418 1881 3484 Dei,
1897 3420 1999 3485 81111111,

360 3514 504 3570 Dominam
530 3517 713 3566 nostramet
740 3510 774 3564 ad
799 3509 954 3566 Corinthios
969 3529 975 3564 :
992 3508 1095 3577 Clario,
1111 3512 1154 3566 in·
1206 3507 1303 3563 relicta
1319 3507 1467 3578 cupiditate
1478 3506 1584 3573 muudi,
1598 3506 1633 3562 ad
1651 3507 1832 3563 obedientiam
1854 3524 2003 3568 concurre-

359 3606 430 3678 quit.
447 3613 531 3658 uestro
549 3618 652 3667 snmus,
665 3601 733 3655 sicut
745 3609 770 3656 et
785 3617 829 3656 ros
847 3609 938 3655 nostro
953 3602 979 3656 in
992 3601 1035 3657 riis
1046 3601 1154 3658 Domini
1206 3599 1272 3654 bant
1285 3598 1433 3671 Evangelii.

359 3697 446 3751 trostn‘
459 3696 523 3751 iesu
537 3692 637 3749 Christi
650 3691 693 3762 (ii
704 3690 766 3746 Cor.
783 3692 814 3764 r).
1242 3690 1277 3745 m
1291 3690 1356 3745 obiit
1370 3691 1401 3743 in
1421 3688 1522 3745 Cosam
1541 3696 1567 3745 et
1580 3690 1679 3746 obsedit
1704 3708 1763 3747 enm
1776 3702 1800 3749 ct
1817 3694 2003 3751 concitarentur

398 3789 430 3843 m
444 3789 561 3844 ciderunt
579 3788 625 3858 qui
641 3793 716 3840 erant
730 3785 762 3839 dc
782 3786 884 3840 ciuitate
896 3787 965 3857 quod
982 3787 1154 3843 obtinuissent
1205 3780 1378 3851 terviliani
1398 3779 1487 3833 011111·
1512 3778 1565 3834 Per
1579 3778 1690 3844 Galam,
1717 3798 1778 3852 quse
1804 3784 2002 3857 interpretatur·

358 3880 449 3937 indui
465 3879 593 3934 cinitotem
607 3878 675 3931 sicut
700 3875 829 3943 coiciunt,
847 3886 899 3932 etc.
924 3877 1001 3945 Quod
1015 3875 1100 3932 iudaei
1113 3879 1154 3932 vi·
1205 3872 1344 3944 fortitudo,
1370 3872 1532 3942 exprimitur
1562 3872 1709 3927 obstinatio
1734 3874 1893 3940 inhdciium,
1909 3878 1936 3933 iu
1948 3895 2001 3949 qua

358 3972 474 4027 ctoriam
487 3969 631 4039 capiebant
643 3968 676 4023 dc
688 3966 822 4033 hostibus,
849 3968 983 4037 cogebant
998 3982 1044 4022 cos
1058 3982 1153 4037 pacem
1205 3963 1323 4021 seductae
1342 3972 1447 4018 mentes
1459 3976 1605 4032 pravorum
1627 3962 1810 4028 includuntur,
1821 3968 1885 4036 quia
1904 3970 2002 4024 cedere

357 4060 495 4134 postulare
505 4068 531 4114 ct
550 4059 660 4114 dextras
674 4057 725 4114 sibi
739 4058 809 4124 dari,
826 4056 962 4129 significat
975 4058 1047 4127 quod
1072 4059 1154 4113 robur
1204 4053 1314 4109 veritati
1329 4052 1407 4125 [uon]
1433 4052 1618 4106 consentiunt.
1633 4052 1720 4119 Quam
1735 4055 1843 4110 obsedit
1855 4055 2000 4127 Jonathas,

359 4160 464 4207 sanctae
487 4149 615 4204 Ecclesiae
636 4147 761 4203 hostibus
786 4147 945 4216 praeeminet
958 4148 1110 4212 urriversis;
1126 4155 1154 4202 et
1204 4155 1229 4199 et
1244 4144 1377 4199 succendit
1392 4143 1508 4197 ciuitates
1521 4142 1549 4196 in
1559 4143 1681 4208 circuita,
1694 4159 1755 4199 curu
1773 4146 1899 4204 docturos
1920 4149 2000 4207 Chri-

358 4243 417 4299 sire
434 4254 480 4296 cos
497 4256 547 4311 per
557 4239 788 4296 conversationem
801 4237 947 4295 salubriter
964 4239 1062 4296 cedere
1077 4237 1152 4306 iacit,
1205 4235 1240 4291 sti
1251 4235 1369 4305 nudique
1383 4233 1546 4289 testimoniis
1557 4241 1713 4289 sarrctarum
1727 4234 1929 4307 Scripturarum
1939 4257 2001 4312 per-

358 4333 417 4388 sirc
431 4339 633 4401 contemptores
645 4331 671 4385 io
693 4344 741 4384 sua
753 4330 902 4401 pertinacia
916 4331 1153 4402 insistentcsjuste
1205 4328 1274 4384 iidos
1285 4335 1437 4394 coarctant,
1460 4335 1627 4382 eternorum
1652 4326 1759 4383 iliorum
1783 4330 2000 4390 machinationes

356 4423 446 4494 punit,
460 4423 524 4493 qrria
539 4422 596 4493 ipsa
611 4420 843 4477 aSalvaturesuo
858 4421 1153 4479 Dominonostroicsu
1205 4418 1363 4475 debellando
1403 4425 1521 4473 vastant.
1558 4417 1633 4475 Unde
1662 4429 1826 4489 rogaverunt
1854 4420 2000 4479 ionatham

357 4514 468 4572 Christo
480 4521 642 4583 potestatem
661 4504 766 4583 accepti
779 4512 903 4568 calcandi
928 4523 1153 4586 supercrescentes
1205 4511 1317 4566 dextras
1331 4509 1383 4565 sibi
1406 4509 1472 4566 dare
1497 4508 1646 4577 Gazenses,
1660 4524 1776 4581 quorum
1800 4514 1904 4584 acecpit
1929 4514 2000 4572 iiiios

356 4616 381 4663 et
399 4606 559 4677 scorpiones,
582 4615 606 4660 et
618 4621 696 4674 snper
708 4620 811 4658 omnem
823 4605 945 4660 virtutem
960 4606 1061 4661 inimici
1075 4605 1152 4679 (Leuc.
1206 4602 1315 4657 obsides
1340 4602 1452 4659 mittens
1472 4602 1500 4657 in
1524 4600 1693 4658 iherusalem
1709 4621 1715 4657 :
1732 4618 1793 4659 eum
1805 4606 1939 4674 pravitate
1952 4605 1999 4663 de-

356 4696 399 4767 x),
412 4695 446 4750 de
467 4710 519 4765 qua
538 4695 601 4749 aiibi
625 4696 652 4749 in
667 4694 812 4767 Evangelio
825 4695 938 4765 loquens
953 4697 987 4750 ad
998 4697 1152 4769 apostolum
1205 4696 1277 4750 vieta
1296 4695 1476 4766 superborum
1491 4694 1593 4750 diutius
1618 4696 1725 4750 veritati
1740 4706 1868 4754 resistcre
1883 4714 1937 4754 non
1953 4714 2001 4753 va·

356 4799 438 4842 suum
457 4784 567 4840 Petrum
581 4784 618 4839 ait
636 4804 641 4837 :
660 4783 699 4839 Te
712 4801 738 4839 es
760 4783 866 4852 Petrus,
882 4794 906 4840 et
921 4802 999 4857 saper
1018 4788 1087 4842 bane
1104 4806 1152 4860 pc·
1169 4755 1304 4855 ¹>irritem
1326 4787 1403 4858 pacis
1426 4788 1478 4843 sibi
1499 4787 1603 4843 ioedcra
1628 4789 1774 4859 magistros
1789 4788 1917 4847 Ecclesiae
1934 4791 2001 4849 dare

355 4885 427 4931 tram
441 4875 578 4944 edificabo
591 4874 737 4929 Ecclesiam
750 4891 835 4929 meum
849 4892 858 4930 :
872 4884 990 4946 ctportre
1009 4878 1088 4949 inferi
1101 4896 1153 4933 non
1207 4879 1365 4950 deposcunt,
1389 4893 1506 4950 suosque
1532 4878 1602 4935 idios
1615 4880 1655 4935 eis
1672 4879 1781 4935 obsides
1802 4882 1919 4947 tradunt,
1948 4882 2001 4940 hoe

355 4964 536 5037 prevalebunt
549 4965 741 5020 aduenaseom
754 4964 861 5037 (Mutth.
874 4967 943 5038 xvv).
1210 4978 1259 5034 cst,
1274 4969 1337 5025 iidci
1351 4969 1453 5025 erroris
1477 4970 1600 5041 pignora,
1629 4970 1754 5026 videlicet
1777 4972 1811 5026 ad
1827 4974 2000 5045 negationem

394 5058 431 5113 Et
456 5058 584 5113 nominati
598 5066 670 5123 sont,
696 5057 795 5129 inquit,
814 5058 903 5112 indui
924 5060 952 5113 in
976 5076 1064 5130 repno.
1085 5059 1153 5127 Quia
1207 5069 1236 5112 et
1256 5058 1417 5114 obedientias
1442 5059 1649 5136 subiectionem,
1664 5062 1691 5115 in
1709 5062 1858 5118 Ecclesiam
1884 5066 1999 5136 promit·

355 5149 530 5207 confessores
539 5149 640 5205 Christi
663 5147 772 5219 gloriosi
787 5162 918 5219 apparent
932 5150 958 5204 in
972 5157 1029 5204 tuto
1041 5152 1153 5215 rnurrdo,
1210 5157 1278 5215 tunt,
1307 5158 1441 5220 quatenus
1459 5151 1673 5205 conversationis
1692 5152 1725 5207 ad
1752 5153 1833 5208 iidem
1846 5168 1908 5224 spes
1922 5164 2000 5211 certa

355 5241 408 5297 sed
425 5241 497 5295 hunc
512 5239 625 5311 gloriam
636 5254 690 5296 nou
704 5239 755 5294 sibi
774 5239 912 5295 ascribunt
932 5243 1018 5295 sancti
1032 5242 1092 5307 viri,
1105 5244 1153 5298 scd
1209 5240 1346 5295 reddatur.

358 5332 429 5404 Regi
443 5345 502 5396 suo,
516 5330 638 5386 omnium
661 5329 786 5384 videlieet
807 5330 939 5384 bonorum
953 5329 1073 5401 largitori
1086 5334 1151 5388 Deo.
1244 5331 1277 5387 iit
1290 5334 1391 5388 audiuit
1414 5345 1501 5387 antem
1521 5332 1651 5388 toouttms
1674 5338 1737 5406 qnia
1757 5339 1924 5407 prevaricati
1940 5350 2001 5394 sunt

358 5424 438 5481 Unde
451 5432 477 5478 et
491 5422 636 5478 subditur:
1208 5426 1337 5498 principes
1364 5424 1489 5480 Demetrii
1511 5426 1539 5480 in
1556 5424 1652 5493 Codes,
1679 5445 1739 5499 qnoe
1763 5441 1802 5485 est
1827 5432 1856 5485 in
1876 5429 1999 5492 Galilaea,

396 5515 515 5585 iiepreasi
525 5523 588 5569 snnt
600 5517 628 5568 in
644 5513 809 5570 iiiernsoiem
828 5514 951 5570 babentes
962 5515 1047 5586 spolio
1058 5517 1152 5572 ntuito.
1208 5519 1392 5573 camesercitn
1406 5515 1499 5583 mrito,
1512 5517 1624 5573 unientes
1644 5535 1703 5573 eunt
1722 5526 1862 5585 remouere,
1881 5530 1933 5575 etc.
1949 5520 2000 5575 De·

354 5605 517 5676 liujusmodi
532 5614 622 5677 grates
643 5615 670 5659 et
697 5604 838 5661 Psalmista
864 5604 920 5660 Deo
941 5621 971 5661 se
998 5604 1100 5662 reicrre
1113 5615 1155 5662 te·
1210 5612 1298 5667 metrii
1311 5612 1458 5683 principes,
1473 5611 1519 5682 qui
1533 5614 1705 5683 praevaricati
1724 5587 1787 5670 sunt
1802 5615 1828 5668 io
1843 5613 1930 5669 Gades
1945 5610 1999 5668 Ga-

356 5705 450 5753 statur
460 5697 571 5752 dicens:
588 5696 659 5751 Bone
670 5697 928 5767 nantinoijnstitium
941 5707 1013 5750 tunm
1026 5699 1052 5752 in
1065 5698 1156 5753 Eccic·
1207 5702 1294 5769 liiaese,
1310 5718 1365 5758 nun
1387 5704 1534 5773 incongrue
1551 5714 1697 5774 potestates
1719 5704 1864 5759 saeculares
1883 5703 1999 5775 intelligi

357 5788 402 5842 1111
421 5801 537 5858 maella-¹
560 5804 617 5840 1111
640 5787 711 5841 iabit!
739 5803 798 5840 111111
821 5804 873 5841 111111
902 5787 1041 5857 prohibebo
1067 5787 1154 5856 (Pi-ti·
1208 5803 1332 5865 possunt,
1356 5812 1415 5872 quae
1434 5796 1691 5853 licetintcrddeies
1715 5796 1999 5867 proptercatholicaut

357 5877 470 5945 xxxix).
495 5876 523 5930 iu
554 5877 674 5932 Ecclesia
701 5891 766 5948 ergo
787 5878 880 5932 tiricies
898 5879 998 5947 unique
1024 5880 1155 5934 habentes
1207 5884 1405 5941 consessionem
1423 5895 1647 5950 annumerentur,
1674 5888 1725 5940 boc
1740 5887 1812 5940 euim
1826 5884 1925 5954 Caeles,
1939 5902 2000 5958 rpuas

355 5967 446 6047 spolia
463 5968 593 6025 tirtutum
607 5947 808 6038 regrediuuthr,
831 5979 861 6024 ut
874 5969 967 6025 laudes
980 5967 1072 6025 dicant
1086 5969 1154 6039 Deo,
1208 5974 1403 6048 interpretatur
1430 5986 1533 6042 sanctu,
1560 5975 1603 6031 vci
1629 5983 1741 6040 mutatu,
1767 5986 1796 6030 ct
1813 5974 1933 6042 Callima,
1947 5977 1997 6036 burc

577 6060 716 6123 rursus.
735 6060 817 6126 clx.
1458 6151 1460 6156 Ι
1740 6067 1780 6131 38
