4709 6767
596 621 773 681 couneus.
793 623 825 677 tv
846 619 975 677 aranuh
995 615 1200 675 surranum.
1224 647 1259 657 -
1276 615 1340 671 nm.
1352 598 1405 670 ru.
1768 617 1822 682 na

285 739 372 797 tritici
390 755 515 810 uuquam.
531 739 563 794 tlt
581 739 644 793 item
658 756 664 792 :
680 735 773 803 Panis,
788 737 885 808 inquii,
903 751 980 807 quern
994 739 1019 799 Α
1032 743 1070 788 est
1087 734 1226 788 subtritus.
1250 732 1291 787 Eu
1312 728 1528 802 quadrupesimus
1549 748 1633 786 annus
1646 740 1684 785 est
1703 741 1730 784 at
1749 748 1820 786 reeo-

285 829 326 896 bo,
343 845 406 883 roro
422 847 478 883 utra
496 839 533 883 est
554 846 601 900 pro
614 829 705 882 muudi
722 828 784 882 uita.
805 826 840 882 Et
848 841 956 881 rursum
970 839 978 878 :
1032 825 1096 896 pices
1107 825 1136 879 in
1147 824 1225 878 eorde
1236 833 1293 890 tuo,
1303 824 1366 896 quio
1375 824 1443 878 sieut
1452 822 1540 879 erudit
1549 823 1626 878 bomo
1635 822 1721 893 fiiirtm
1732 842 1821 887 sunau,

285 919 391 976 Macar
403 935 509 973 carnem
520 936 602 973 meam
610 927 635 972 et
643 919 706 973 bibit
718 920 802 972 ateuu't
815 914 978 987 sartpuirtem,
1032 916 1069 969 sia
1083 914 1212 969 Dominus
1226 913 1297 968 beas
1312 922 1373 968 tuus
1385 913 1497 968 erudiuit
1513 923 1538 967 te
1553 923 1579 968 ut
1594 913 1727 968 custodias
1744 934 1821 974 mau-

285 1017 410 1066 monetet
428 1026 474 1080 epo
489 1010 516 1063 iu
528 1026 558 1063 eo
575 1010 665 1080 (loon.
681 1008 729 1082 vt).
745 1008 902 1078 Quicunque
916 1019 981 1076 ergo
1032 1005 1095 1059 duta
1111 1004 1158 1059 Dei
1172 1003 1226 1069 tui,
1240 1014 1264 1058 et
1280 1003 1396 1058 ambules
1410 1006 1437 1059 ia
1451 1006 1498 1059 uiis
1512 1004 1580 1074 ejus,
1597 1013 1621 1057 et
1639 1005 1732 1059 tinteas
1745 1022 1822 1069 cartu,¹

285 1100 325 1174 iss
341 1101 421 1172 panis
442 1100 674 1170 participationem
695 1098 831 1153 veraciter
846 1097 979 1167 pervenit,
1032 1095 1162 1150 Dominus
1182 1095 1251 1149 enim
1273 1103 1333 1149 tatus
1354 1095 1501 1149 introducet
1522 1104 1547 1149 te
1566 1095 1594 1148 in
1614 1105 1711 1150 terrant
1728 1095 1823 1150 bonam

304 1191 388 1250 dubio
410 1191 493 1245 vitum
516 1199 643 1245 aeternam
666 1190 724 1243 sine
748 1188 800 1242 litte
824 1185 980 1257 possidebit.
1034 1185 1122 1256 (Dera.
1136 1188 1213 1258 νννι).ι
1231 1186 1284 1241 Sed
1307 1186 1371 1257 quia
1393 1186 1443 1257 ipsi
1466 1202 1573 1256 semper
1594 1188 1692 1258 ingrati
1715 1185 1825 1243 fuerunt

286 1291 351 1338 ntur
364 1297 431 1353 ergo
445 1280 553 1351 reprobi
568 1279 682 1349 spiritaii
701 1277 779 1342 larue,
792 1287 818 1330 et
834 1285 983 1346 pascuntur
1033 1285 1060 1333 et
1082 1277 1174 1350 tigurae
1194 1279 1374 1342 adherentes,
1398 1277 1483 1347 ipsam
1505 1279 1648 1333 veritatem
1669 1278 1702 1332 ad
1726 1294 1756 1335 se
1776 1295 1823 1333 ve-

285 1374 428 1432 saiubriter
444 1371 633 1441 coelestipane
651 1390 656 1424 :
676 1370 712 1425 iiii
736 1368 854 1439 quotidie
870 1368 983 1422 diversis
1034 1371 1153 1425 nientem
1167 1370 1288 1439 recipere
1307 1369 1449 1433 nolebant,
1471 1370 1530 1424 ideo
1548 1369 1582 1425 ad
1603 1369 1706 1425 fructus
1724 1380 1825 1427 sancte

285 1474 529 1537 tusprceparantur
544 1465 578 1518 ad
595 1464 711 1518 suturam
732 1477 853 1533 pmnam;
875 1460 919 1515 isti
935 1475 983 1513 au·
1034 1461 1162 1517 Ecclesiae
1181 1462 1305 1517 universa
1328 1461 1458 1515 translata
1480 1470 1562 1527 sunt;
1588 1463 1679 1518 omnia
1701 1463 1773 1519 euim
1795 1463 1824 1519 in

285 1573 314 1632 pe
332 1558 423 1614 divina
443 1556 563 1627 quotidie
582 1555 740 1610 nutriantur
757 1553 790 1607 ad
810 1555 893 1607 vitam
905 1561 984 1607 ater·
1033 1551 1120 1624 figura
1142 1553 1337 1625 contingebant
1357 1552 1421 1607 iilis.
1455 1551 1563 1624 Scripta
1590 1560 1653 1607 sttnt
1677 1564 1767 1610 autem
1792 1554 1826 1609 ad

285 1649 360 1719 uuae
378 1657 406 1705 et
424 1649 559 1718 Propheta
578 1653 693 1701 testatur
709 1644 801 1701 dicens
813 1659 821 1697 ι
834 1643 920 1697 ilaita
933 1645 984 1714 ita-
1033 1645 1231 1714 eorreptionem
1251 1653 1391 1705 nostram,
1416 1643 1487 1713 qnod
1508 1656 1536 1699 et
1555 1643 1655 1698 Panins
1676 1644 1710 1697 ad
1722 1644 1827 1716 ¹Corin·

285 1749 336 1796 aatt
357 1749 540 1812 peccatorum
559 1746 691 1808 sperantes
715 1746 803 1791 autent
822 1737 850 1789 in
871 1735 982 1790 Domino
1034 1733 1105 1788 tbios
1117 1727 1241 1788 serib'ens
1253 1719 1655 1802 n'rauiiesteprohavit<licens:
1673 1732 1744 1787 h'oio
1757 1736 1827 1788 enim

285 1830 370 1886 'ordis
383 1829 557 1884 circumdabit
573 1826 658 1901 (Psoi.
674 1825 750 1899 xxxv)
1033 1840 1078 1878 ros
1099 1824 1232 1893 iquorem,
1253 1821 1359 1892 iratres,
1379 1824 1503 1893 quereiam
1525 1833 1612 1893 patres
1633 1823 1717 1897 nost-ri
1737 1841 1826 1879 omues

585 1961 591 1970 ,
648 1962 654 1974 ,
1033 1913 1080 1966 sub
1094 1913 1160 1966 nabe
1171 1912 1287 1981 iuerrtrrt,
1301 1922 1325 1966 ct
1336 1930 1426 1966 crtttta‘s
1437 1929 1508 1966 utare
1519 1914 1690 1979 transierunt,
1703 1925 1727 1968 et
1738 1932 1827 1970 orrtncs

502 1962 615 2017 mm
635 1962 667 2015 ‘x'
699 2021 702 2026 ·
1034 2001 1062 2054 in
1077 2000 1170 2071 ,iiopse
1186 2000 1312 2071 baptisati
1327 2010 1386 2054 sunt
1403 2001 1429 2054 iu
1446 2001 1512 2056 nabe
1525 2012 1549 2056 et
1562 2003 1590 2056 itt
1603 2005 1681 2070 mari,
1700 2012 1724 2057 et
1739 2021 1828 2060 omncs

285 2094 383 2167 tquod
404 2096 495 2148 mortis
517 2105 540 2147 et
564 2096 625 2148 ariter
646 2092 717 2156 solas
741 2093 868 2147 Dominus
888 2091 1150 2152 lrabeathamtiem
1166 2090 1409 2162 escamspiritaiem
1426 2092 1667 2157 manducaverunt,
1693 2103 1717 2149 et
1740 2112 1828 2149 omnes

285 2169 391 2248 ΜΨ*
413 2167 456 2247 lul
478 2176 543 2218 ''m'‘
564 2183 612 2218 ⁸¹⁴⁰
637 2165 710 2246 Min.
723 2164 853 2244 “fimat
875 2159 981 2243 libem
1032 2184 1151 2239 eumdem
1170 2192 1261 2255 potam
1276 2184 1422 2255 spiritaiem
1437 2184 1566 2239 biberunt.
1594 2181 1722 2241 dibebant
1740 2199 1828 2241 orttrm

285 2251 335 2328 ’Ψ
356 2252 458 2305 'ml’ws’
482 2246 506 2288 θ’
528 2252 595 2305 pm
615 2235 711 2290 ΜΨ
733 2234 851 2303 'eſsm
871 2249 938 2303 Μ’
1032 2274 1065 2328 de
1081 2274 1195 2346 spiritaii
1215 2285 1385 2345 consequente
1399 2292 1442 2329 eas
1457 2284 1552 2346 petro:
1571 2286 1645 2346 petra
1664 2288 1752 2332 autem
1772 2288 1828 2332 crat

285 2373 354 2420 stura
371 2366 440 2420 euim
459 2364 506 2418 tibi
525 2367 636 2419 creatori
649 2366 807 2440 desertione,
818 2364 982 2419 excandescit
1034 2366 1152 2421 Christus
1166 2365 1192 2438 (l
1205 2365 1266 2420 Cor.
1283 2367 1321 2436 ι).
1345 2366 1439 2421 Totins
1457 2366 1529 2421 enim
1546 2366 1613 2437 legis
1627 2366 1829 2423 firmamentum

285 2465 397 2509 mentum
418 2455 542 2509 aduersus
566 2454 694 2524 irritatos,
723 2463 746 2507 et
774 2453 859 2508 leuior
878 2453 923 2522 fiet
948 2453 983 2507 ad
1033 2467 1060 2512 et
1075 2458 1168 2527 iigtrrae
1181 2457 1283 2511 veritas
1297 2455 1423 2511 Christus
1437 2465 1498 2521 est,
1515 2471 1594 2525 quem
1610 2457 1656 2526 qui
1671 2457 1826 2518 crediderit.

285 2547 404 2624 siendum
425 2563 471 2617 pro
490 2548 531 2600 itis
551 2548 596 2617 qai
616 2547 676 2601 aitte
694 2546 839 2615 corradunt.
865 2544 984 2605 Coniun—
1034 2555 1119 2601 totam
1134 2544 1220 2617 legem
1243 2544 1383 2616 irnplevit3
1411 2547 1457 2616 qui
1482 2558 1572 2601 autent
1594 2563 1647 2602 non
1665 2548 1828 2611 crediderit,

285 2652 293 2691 r
310 2635 363 2692 bac
385 2637 519 2692 sententia
541 2652 636 2692 omnes
659 2638 734 2707 impii
757 2645 785 2692 et
805 2646 981 2707 peccatores,
1033 2637 1111 2708 quasi
1126 2637 1323 2707 praevaricator
1337 2636 1403 2709 legis
1417 2637 1444 2691 in
1460 2646 1590 2693 aeternum
1604 2639 1711 2710 peribit.

285 2745 345 2788 tutu
367 2738 465 2785 caetera
486 2738 612 2784 ereatura
630 2730 747 2784 creatori
766 2744 816 2783 suo
837 2729 982 2793 describat,
1070 2729 1147 2796 Quod
1159 2731 1229 2784 enim
1244 2728 1276 2783 ab
1291 2731 1350 2801 ique
1364 2747 1417 2784 aon
1429 2738 1531 2801 poterat
1545 2732 1724 2797 estenuinari,
1741 2735 1830 2788 statim

285 2819 314 2875 ui
333 2819 393 2889 ejus
413 2818 545 2874 voluntati
567 2830 595 2875 et
618 2821 753 2874 mandatis
772 2836 922 2891 relinquare
944 2821 985 2875 in·
1034 2823 1066 2877 ab
1080 2821 1174 2892 eripuo
1190 2821 1265 2875 radio
1279 2820 1341 2875 solis
1355 2820 1512 2899 calefactum
1527 2821 1684 2887 tabescebat,
1698 2829 1831 2884 utnotum
1917 2812 1923 2818 ⁵

285 2917 346 2966 rtur.
371 2908 425 2965 Sed
442 2910 505 2980 quia
526 2926 606 2965 nemo
626 2911 725 2980 poterit
744 2911 872 2966 resistere
890 2910 986 2965 volun·
1035 2912 1154 2967 aturribus
1168 2910 1234 2968 ess'et
1256 2913 1382 2983 quoniam
1404 2921 1504 2983 oportet
1525 2914 1668 2984 prmueaire
1691 2913 1772 2968 solent
1796 2916 1832 2969 ud

287 3015 342 3066 us,
363 3001 426 3056 inde
446 3002 544 3056 merito
567 3010 755 3056 ereaturarum
774 3002 895 3056 omniunt
917 3018 984 3056 cort·
1035 3003 1240 3058 benedictionem
1256 3014 1346 3066 taam,
1366 3013 1391 3057 ct
1404 3003 1439 3056 ad
1460 3003 1586 3057 orientem
1608 3002 1673 3058 iacis
1693 3014 1792 3073 oportet
1808 2987 1839 3059 te⁰

307 3089 477 3164 depellantur
499 3101 581 3162 utrque
605 3093 809 3164 corripiuntur,
834 3102 862 3147 et
884 3094 906 3148 si
931 3109 984 3148 itan
1036 3095 1157 3148 odorare.
1187 3091 1318 3163 Superius
1330 3093 1386 3163 jam
1403 3093 1521 3148 diximus
1543 3094 1615 3163 quod
1639 3110 1738 3149 manna
1762 3094 1833 3166 iguis

285 3183 370 3240 serint
391 3198 479 3254 neque
500 3196 530 3240 se
555 3185 724 3240 correxerint
742 3184 880 3254 perpetuis
898 3184 986 3252 prunis
1035 3186 1145 3239 adorem
1163 3185 1302 3240 sustinens
1313 3184 1347 3238 ad
1360 3184 1426 3239 solis
1440 3183 1559 3239 calorem
1573 3186 1743 3250 tabesceret;
1758 3202 1833 3241 nune

285 3276 332 3332 ndi
350 3276 501 3330 tradentur.
522 3275 593 3330 Solis
611 3285 701 3330 autem
718 3276 796 3331 bonis
807 3291 869 3330 vera
882 3289 986 3345 prapa-
1037 3286 1126 3332 autem
1140 3277 1203 3347 quia
1217 3278 1287 3332 idem
1304 3277 1401 3346 repetit
1414 3276 1574 3347 mysterium
1590 3278 1649 3348 ejus
1660 3277 1752 3345 dicere
1766 3280 1831 3334 satis

285 3384 288 3400 ·
307 3367 389 3432 bonu,
413 3368 512 3437 iniquis
535 3376 625 3430 autem
648 3367 831 3423 indeficientia
851 3366 985 3420 destinata
1037 3380 1096 3421 esse
1109 3361 1257 3421 credimus.
1276 3366 1322 3421 iiie
1336 3366 1408 3420 enim
1422 3357 1543 3436 figuralis
1562 3366 1639 3423 eiius
1654 3368 1833 3426 historialiter

285 3471 421 3518 mereata.
1000 3455 1022 3516 C
1038 3457 1167 3527 pascebat
1181 3465 1273 3527 patres
1288 3464 1406 3522 nostros,
1428 3457 1476 3512 sed
1491 3457 1524 3510 nd
1539 3465 1630 3511 ortum
1645 3460 1700 3513 veri
1718 3461 1783 3516 solis
1795 3460 1832 3516 ii·

499 3593 613 3650 (ᾺΡυΤ
634 3594 668 3649 Ἦ
1038 3548 1185 3620 queiiebat,
1195 3550 1247 3604 hoc
1257 3556 1310 3614 est,
1323 3548 1505 3603 innativitate
1518 3547 1618 3628 Christi
1634 3549 1667 3604 ad
1681 3551 1832 3620 spiritaiem

520 3639 530 3717 ζ
635 3635 644 3649 ‘
672 3634 678 3646 '
1037 3655 1114 3694 usmn
1131 3638 1295 3703 solvebatur,
1313 3648 1341 3693 et
1355 3638 1381 3692 in
1397 3637 1508 3693 etuieste
1526 3648 1727 3695 sacramentum
1744 3652 1831 3698 vertar-

450 3703 574 3775 S⁰lu²¹m
590 3714 618 3757 ¹¹⁴
636 3720 727 3773 wila·
1037 3730 1125 3796 batur,
1141 3737 1275 3800 quatenus
1295 3729 1496 3798 praeveniamus
1516 3729 1601 3785 solem
1621 3731 1648 3785 ia
1667 3732 1834 3790 benedictio·

285 3825 344 3888 pter
361 3815 410 3869 boe
432 3826 456 3869 et
478 3825 539 3870 tane
559 3817 587 3870 in
606 3817 695 3870 omnia
715 3815 905 3886 ttaasfiqttaitt
928 3830 986 3868 om·
1038 3822 1128 3885 nibus,
1140 3813 1192 3876 boe
1205 3830 1256 3886 est,
1268 3819 1368 3876 Christi
1384 3820 1553 3876 divinitatem
1568 3824 1677 3879 {eternis
1690 3826 1834 3894 praeconiis

285 3907 383 3962 medei
404 3908 497 3978 pratia
518 3916 568 3962 tae
589 3907 757 3970 deserviebat,
777 3907 812 3959 ati
830 3906 987 3961 uetustatem
1038 3914 1225 3984 predicemus,
1243 3912 1363 3967 dieentes
1384 3927 1446 3966 cum
1470 3912 1634 3983 evarrgoiista
1648 3911 1772 3969 beaune:
1797 3914 1832 3968 lu

300 3998 345 4070 qui
366 4014 383 4050 a
402 4010 426 4053 te
444 3997 585 4052 desiderati
605 4007 686 4052 suat:
706 4007 734 4052 ut
754 3999 849 4052 scireut
869 3997 919 4066 fiili
937 3998 987 4063 tui,
1038 4003 1166 4073 principio
1187 4012 1244 4056 erat
1262 4000 1384 4066 i'erbam,
1405 4010 1430 4055 et
1447 3999 1560 4055 Verbum
1576 4011 1632 4056 erat
1648 4003 1718 4073 apud
1734 4003 1831 4071 baum,

285 4093 407 4158 dilexisti,
428 4094 752 4165 liomine‚quaniemnau
770 4093 943 4165 natiuitatiss
973 4122 987 4133 ·
1039 4092 1148 4146 etDcas
1172 4102 1228 4145 erat
1245 4091 1368 4146 Verbum.
1398 4091 1456 4146 lloe
1478 4103 1533 4147 erat
1558 4094 1585 4146 iu
1608 4095 1738 4165 principio
1762 4098 1833 4168 apud

285 4194 380 4242 ustum
398 4185 525 4251 itomiues,
539 4187 584 4241 sed
605 4203 689 4240 serrato
710 4196 771 4240 tuus
792 4186 840 4240 lros
857 4186 901 4257 qui
921 4185 948 4238 iu
965 4195 989 4239 te
1039 4181 1145 4235 Deum:
1163 4182 1251 4234 omnio
1270 4199 1316 4251 per
1332 4182 1418 4252 ipsunt
1433 4182 1505 4251 [aeta
1520 4194 1592 4246 sum,
1611 4194 1635 4237 et
1649 4185 1706 4238 sine
1720 4185 1776 4255 ipso
1791 4186 1833 4256 irt-

285 4277 371 4344 erist,
391 4287 534 4330 conseruat.
566 4275 706 4348 biuitipiici
728 4292 794 4347 ergo
816 4275 913 4330 solatio
937 4291 988 4346 po·
1040 4286 1110 4328 auru
1123 4272 1249 4337 estnihil,
1264 4282 1315 4327 etc.
1333 4272 1423 4344 (leun.
1438 4273 1469 4344 r).
1490 4272 1530 4327 ha
1545 4282 1633 4328 ortum
1651 4283 1740 4329 autem
1755 4274 1833 4338 ineis,

291 4369 341 4425 bei
359 4370 386 4423 in
403 4370 510 4424 deserto
530 4370 621 4424 divina
642 4370 816 4424 miseratione
836 4367 987 4423 fovebatur.
1040 4367 1091 4422 hue
1105 4374 1157 4430 est,
1172 4365 1207 4419 ad
1220 4365 1364 4420 adventurn
1379 4363 1537 4420 Sairatoris.
1555 4365 1696 4421 dicamus:
1722 4364 1834 4421 Verbum

293 4463 347 4519 iilis
367 4445 401 4519 ¹de
421 4462 491 4519 eoelo
511 4476 629 4527 manna,
652 4461 714 4515 data
735 4467 778 4514 est
798 4458 838 4513 eis
858 4460 890 4514 de
912 4470 989 4528 petra
1041 4475 1103 4512 caro
1118 4458 1216 4528 iactum
1230 4468 1278 4523 est,
1292 4467 1317 4512 et
1329 4458 1456 4512 habitauit
1470 4458 1497 4511 iu
1513 4457 1598 4522 uobis,
1614 4469 1638 4512 et
1654 4461 1765 4514 vidintus
1780 4461 1836 4531 pio-

288 4552 455 4624 lsrgissima,
476 4551 546 4622 pasti
564 4558 627 4605 sunt
646 4550 735 4603 avium
754 4548 893 4613 carnibus,
908 4548 990 4602 resti·
1041 4549 1107 4602 mam
1123 4549 1199 4620 ejus,
1223 4547 1334 4620 pierium
1346 4548 1422 4617 qrtasi
1441 4548 1568 4620 stuipeuiti
1581 4566 1597 4603 a
1612 4547 1707 4615 Patre,
1728 4549 1833 4621 pieriam

285 4667 289 4699 t
310 4659 404 4700 eorum
425 4660 477 4699 non
499 4652 561 4698 sunt
582 4641 686 4706 attrita,
699 4654 786 4710 neque
806 4639 989 4694 calceamenta
1041 4644 1134 4711 pratia
1146 4653 1171 4696 ct
1183 4642 1312 4696 ueritatis.
1329 4640 1400 4708 Quid
1413 4649 1503 4694 atttem
1517 4639 1550 4695 de
1563 4640 1609 4696 iilo
1620 4643 1719 4712 populo
1731 4644 1835 4698 carnali

285 4747 378 4808 raptu
410 4752 458 4806 per
479 4736 549 4790 diem
575 4734 614 4789 soi
638 4748 690 4788 non
714 4733 809 4787 urebat
833 4747 900 4796 eas,
926 4732 989 4800 quia
1042 4735 1224 4804 subsequatur
1238 4731 1388 4787 videamus.

285 4833 359 4884 leus
379 4827 406 4880 iu
428 4827 499 4880 nube
520 4825 590 4886 diei,
615 4830 642 4877 et
665 4830 719 4877 tota
740 4829 820 4876 nocte
841 4821 868 4874 in
887 4800 1029 4874 titani-D
1079 4823 1182 4894 laureti
1195 4826 1264 4878 euim
1278 4823 1344 4892 fides
1364 4833 1489 4893 tauquam
1506 4821 1648 4877 hibernans
1663 4809 1774 4892 pluries,
1791 4833 1834 4876 ta-

285 4919 415 4989 teignis,
443 4928 472 4972 ut
494 4917 610 4972 creatori
633 4932 682 4970 suo
705 4914 767 4982 inde
789 4914 877 4984 stragis
899 4913 988 4968 devoti
1042 4917 1120 4971 bescit
1135 4925 1160 4971 et
1172 4916 1297 4986 disperiet
1309 4924 1435 4985 tanquam
1449 4931 1518 4985 aqua
1535 4930 1706 4985 ertperuaeua.
1732 4912 1836 4985 Ingrati

285 5017 316 5076 t,
341 5025 396 5080 quo
416 5025 463 5064 eos
488 5008 573 5077 pratis
597 5007 623 5060 in
646 5005 719 5061 omni
741 5006 903 5060 necessitate
924 5020 989 5073 pre·
1042 5004 1115 5065 enirn
1129 5010 1238 5081 popuii,
1255 5010 1307 5064 hoe
1321 5016 1378 5074 est,
1393 5007 1548 5065 ludaeorum
1564 5024 1626 5078 spes
1640 5023 1722 5079 quarn
1737 5008 1773 5064 ilii
1788 5009 1837 5064 hu-

286 5101 322 5157 tio
351 5099 502 5168 adiuvaret.
536 5099 598 5154 ideo
625 5098 696 5152 sirint
725 5096 778 5151 iilis
806 5095 991 5167 temporaliter
1042 5102 1107 5155 hent
1125 5095 1206 5155 modo
1226 5100 1253 5155 in
1274 5100 1419 5154 adventum
1441 5099 1512 5170 regis
1533 5100 1591 5162 sui,
1613 5099 1742 5155 nimirum
1758 5101 1836 5155 Anti·

285 5193 328 5258 iit,
349 5201 378 5247 nt
396 5193 469 5246 ilium
488 5190 682 5262 perpetualiter
694 5190 837 5261 diligerent
854 5199 935 5259 atqtre
948 5189 990 5242 in·
1043 5192 1149 5255 christi,
1161 5198 1288 5260 tanquam
1302 5189 1451 5244 hibernalis
1465 5189 1565 5261 glacies
1580 5189 1705 5255 tabescit,
1719 5191 1771 5246 boc
1784 5203 1837 5258 est,

285 5273 368 5349 trent,
391 5284 538 5338 seeundum
559 5280 638 5349 hujus
659 5280 711 5336 ioci
735 5281 910 5355 mentionem,
925 5293 991 5348 qrto-
1044 5282 1142 5354 brigida
1157 5282 1185 5336 in
1197 5280 1354 5336 iniideiitate
1369 5280 1427 5334 sine
1441 5278 1530 5334 fractu
1546 5279 1660 5349 justitia
1674 5284 1837 5347 marcescit,

294 5390 349 5431 non
368 5375 520 5430 nativitatis
540 5375 645 5429 fructus
664 5382 776 5444 pascunt
793 5373 926 5436 homines,
944 5371 991 5426 sed
1046 5382 1074 5430 ct
1088 5373 1219 5444 disperiet
1233 5382 1361 5442 tanquam
1378 5387 1448 5443 aqua
1466 5388 1650 5444 supervacua,
1668 5377 1731 5430 eum
1747 5377 1838 5432 omnis

285 5466 360 5522 tbei
393 5467 441 5522 hos
464 5467 510 5536 qui
533 5466 560 5522 in
589 5463 665 5518 iiimn
691 5464 804 5519 credent
830 5469 990 5517 coraservat.
1046 5463 1157 5519 traditio
1168 5463 1298 5519 doctrinae
1309 5460 1427 5526 illorum,
1440 5462 1514 5518 nulio
1527 5462 1588 5518 usui
1601 5471 1666 5535 apta·
1679 5465 1837 5536 deputetur;

291 5565 319 5615 st
329 5556 434 5629 iloyses
447 5558 473 5611 in
486 5556 697 5611 Deuteronomio
712 5553 867 5624 comprobat
879 5553 990 5608 diceus:
1046 5556 1112 5610 dicit
1129 5554 1202 5610 enim
1215 5554 1293 5609 nobis
1308 5553 1434 5609 Salvator
1447 5562 1540 5609 noster
1554 5554 1667 5626 loquens
1682 5556 1716 5612 ad
1731 5564 1840 5627 aposta

284 5649 300 5704 'a
319 5658 344 5703 te
363 5649 483 5720 penuria,
499 5657 522 5701 et
540 5646 610 5700 dedit
629 5646 676 5700 tibi
693 5645 780 5699 cibum
794 5660 902 5700 suanno.
917 5658 993 5713 quem
1047 5645 1105 5701 ios:
1123 5642 1207 5700 Sinite
1224 5644 1301 5709 ilios,
1325 5646 1387 5700 caci
1408 5653 1468 5700 sunt
1488 5645 1568 5701 duces
1586 5663 1725 5702 cereorum.
1746 5644 1838 5700 Omnis

285 5740 344 5796 abas
365 5749 392 5793 tu
414 5748 439 5793 et
458 5750 545 5810 patres
567 5737 617 5801 tui,
642 5746 669 5789 ut
690 5734 835 5810 ostenderet
858 5732 902 5786 tibi
923 5732 993 5803 quod
1047 5735 1175 5807 plantatio
1186 5752 1264 5808 quant
1278 5751 1329 5789 nort
1341 5734 1467 5806 plammit
1480 5733 1563 5791 Pater
1575 5752 1647 5790 meus
1661 5732 1838 5790 coelestisera·

285 5850 304 5888 rs
317 5831 373 5887 solo
387 5847 454 5901 parte
471 5831 529 5884 uicit
543 5836 630 5893 tronto,
651 5826 696 5882 sed
712 5827 823 5881 inomni
837 5825 912 5880 aerbo
924 5824 994 5894 quod
1048 5828 1180 5883 dicabitur
1192 5827 1300 5900 (blattis.
1315 5828 1372 5899 xv).

285 5925 336 5978 itur
354 5922 387 5976 de
407 5939 452 5975 ore
472 5921 532 5975 Dei.
559 5919 747 5974 vestimentum
770 5928 842 5971 tuum
864 5932 915 5986 quo
934 5931 995 5984 ope-

285 6018 313 6073 t't
324 6031 487 6087 nequaquam
501 6021 627 6067 uetustate
643 6011 746 6081 deserit,
764 6019 788 6063 et
804 6025 848 6080 pes
864 6018 925 6061 tuus
941 6022 993 6061 ttott
