4709 6767
355 559 424 617 ιω
688 550 720 604 Β.
738 546 866 604 IlABANl
884 544 994 603 ttatttd
1013 543 1173 602 attctdur.
1194 542 1353 602 NDGUNT.
1372 541 1518 602 oruuutt
1534 542 1628 636 PARS
1643 545 1665 600 l.
1933 548 2005 607 lffl

353 677 419 733 Post
428 672 561 729 Nemnem
575 681 640 723 rero
653 664 740 721 Galba
754 665 782 719 in
794 663 890 728 iberia,
902 663 1026 720 Vitellius
1038 663 1066 717 in
1078 663 1146 719 Ger·
1160 668 1185 729 Α
1197 659 1342 717 multitudo
1361 658 1539 731 ierosolymis
1559 660 1726 730 reperiretur
1743 676 1857 717 causam
1882 660 2006 734 Azymo·

354 765 455 828 mania,
472 769 499 817 ct
510 760 580 817 Otho
590 759 681 815 Romae
697 758 839 827 imperium
855 762 1027 825 arripucrunt
1041 773 1047 808 :
1061 752 1146 809 Galba
1200 766 1260 806 mm
1281 749 1368 805 luisse
1382 749 1478 815 relert,
1492 749 1528 806 ob
1540 764 1601 820 quac
1623 752 1747 806 exomni
1762 761 1844 822 gente
1857 750 1949 808 ludaei
1972 755 2006 810 ad

332 856 471 928 ‚septimo
489 867 581 907 mense
602 850 707 920 imperii
735 849 776 905 sui
798 852 825 904 in
844 850 933 905 medlo
947 848 1076 903 Romanae
1101 861 1149 899 ur·
1199 842 1329 913 templum
1346 841 1604 908 conduentes,urbe
1625 844 1704 913 quasi
1727 859 1842 899 earcere
1868 853 1937 899 suut
1962 861 2005 902 re·

355 943 468 1001 bisloro
488 943 575 1012 capite
591 948 745 1005 truncatum
764 940 945 1008 Vespasianus
963 938 1069 992 duobus
1080 951 1150 1006 pre·
1199 933 1267 990 clusi
1286 932 1450 1004 :oportebat
1464 935 1538 989 enim
1559 934 1586 989 in
1600 934 1695 991 iisdem
1709 935 1805 992 dicbus
1822 935 1942 992 Paschae
1961 954 2006 994 cos

355 1035 399 1090 liis
411 1041 552 1105 superatos
561 1030 668 1086 ludaeos
683 1031 716 1084 ad
730 1045 823 1085 necem
837 1029 983 1100 compulit;
999 1027 1079 1091 Otho,
1093 1035 1150 1082 ter·
1200 1026 1327 1092 interfici,
1342 1029 1370 1081 ln
1389 1027 1486 1097 quibus
1503 1026 1672 1083 Salvatorcm
1695 1026 1908 1083 crucitixcruut.
1924 1028 2006 1084 Colli·

355 1126 394 1179 tio
404 1123 479 1192 regni
494 1122 535 1177 sui
550 1137 652 1187 mense,
663 1130 790 1176 renatum
804 1120 885 1192 [apud
901 1118 1076 1190 bebriacum]
1088 1134 1151 1189 pro·
1201 1118 1275 1189 gitur
1288 1125 1378 1171 autern
1391 1133 1472 1172 omne
1490 1124 1596 1187 tempus
1607 1118 1635 1171 in
1649 1118 1801 1172 secundum
1820 1132 1927 1172 annum
1944 1118 2007 1174 Ves-

355 1213 414 1284 pria
428 1227 511 1269 tnanu
529 1212 671 1277 occubuit;
686 1211 810 1267 Vitellius
827 1227 842 1265 a
857 1210 1016 1281 Vespasiani
1037 1211 1151 1265 ducibus
1201 1209 1306 1278 pasiani
1322 1218 1349 1262 ct
1367 1209 1540 1263 nouissimam
1564 1207 1798 1278 Jemsolymorum
1821 1208 2006 1275 eversionem,

355 1307 383 1360 in
395 1304 514 1360 Tiberim
525 1302 676 1373 projicitur.
689 1302 874 1357 Romanorum
886 1302 1017 1372 septimus
1028 1301 1151 1371 regnavit
1202 1316 1218 1354 a
1232 1299 1337 1356 decimo
1348 1301 1443 1369 quinto
1455 1314 1525 1353 anno
1536 1299 1638 1355 Tiberii
1659 1299 1787 1365 Caesaris,
1802 1309 1832 1355 et
1845 1301 1884 1356 ab
1898 1303 2007 1357 ewnlio

357 1395 536 1464 Vespasianus
555 1394 634 1449 aunis
655 1401 728 1460 octo,
749 1394 888 1449 mensibus
906 1393 1043 1459 undecim,
1056 1393 1151 1449 diebus
1202 1393 1366 1462 evangelicae
1387 1392 1587 1462 predicationis
1612 1392 1676 1445 anui
1697 1391 1885 1462 qnadraginta
1911 1394 2005 1447 duo..l

356 1485 580 1557 vigintiduobus,
595 1486 642 1555 qul
662 1486 731 1555 apud
743 1483 851 1540 Judaos
868 1485 1016 1555 imperator
1028 1485 1063 1539 ab
1075 1499 1151 1539 exer·
1203 1482 1360 1551 captivitate
1377 1490 1466 1537 atttem
1481 1497 1561 1552 quam
1576 1483 1611 1537 ab
1630 1482 1764 1539 Antiocho
1783 1484 1913 1554 perpessi
1938 1494 2006 1550 sunt,

357 1577 411 1630 citu
425 1576 584 1647 appellatus,
597 1584 624 1630 et
644 1575 744 1631 bellum
758 1575 813 1630 cito
827 1573 882 1630 illio
894 1574 1088 1630 commendans
1098 1573 1153 1628 llo·
1203 1572 1268 1627 anni
1281 1573 1391 1627 ducenti
1414 1573 1526 1644 triginta
1541 1583 1603 1629 octo
1621 1572 1752 1648 [noremJ.
1766 1575 1858 1631 Porro
1875 1576 1951 1631 Darii
1969 1593 2006 1633 se·

358 1684 429 1722 mam
449 1683 497 1737 per
512 1667 702 1722 Alexandriam
718 1667 909 1737 proficiscitur.
933 1667 1017 1739 Cujus
1034 1667 1153 1723 meando
1204 1665 1292 1721 errtdo
1311 1680 1394 1731 anno,
1409 1667 1459 1721 sub
1482 1681 1536 1736 quo
1551 1682 1658 1722 rursum
1682 1667 1815 1737 templum
1841 1668 2006 1725 aedisrcatuur

358 1775 428 1814 arrrro
451 1759 528 1814 'litus
549 1757 641 1814 tudae
666 1768 745 1829 capta
766 1767 794 1814 et
809 1758 986 1829 ierosolymis
1003 1756 1152 1823 subversis,
1204 1768 1258 1824 est,
1270 1759 1334 1814 anni
1352 1760 1492 1829 quingenti
1506 1760 1801 1830 nonagintaAprima
1816 1770 1913 1815 autern
1929 1762 2008 1817 :edilr-

358 1857 486 1905 scrcenta
510 1849 593 1904 millia
618 1852 739 1905 uirorum
765 1848 909 1904 interiecit.
932 1847 1066 1919 losephus
1089 1863 1155 1903 vero
1205 1850 1312 1905 catione
1328 1850 1419 1921 templi
1441 1850 1491 1906 sub
1504 1848 1649 1906 Salomone
1669 1866 1757 1920 usquc
1772 1852 1809 1905 ad
1829 1853 2006 1907 nouissimam

358 1941 447 1997 sciens
462 1940 579 1996 allirmat
603 1951 730 1997 sexcenta
756 1940 895 2013 [undecies
915 1940 1042 2012 centena]
1070 1940 1154 1995 millia
1206 1940 1266 2009 ejus
1291 1942 1409 2008 ruinam,
1423 1956 1484 2011 quae
1505 1943 1557 1997 sub
1579 1942 1747 2013 Vespasiano
1776 1941 1850 1997 lacta
1871 1950 1927 2007 est,
1950 1944 2007 1996 anni

359 2031 480 2088 virorum
500 2032 712 2102 gladioctlamc
727 2034 851 2103 periisse,
866 2032 958 2087 etalia
975 2039 1083 2087 centum
1098 2025 1348 2104 mil-Bquingenti
1374 2034 1518 2103 nonaginta
1542 2034 1616 2090 mille
1643 2035 1751 2090 ducenti
1780 2033 1860 2107 [anni
1886 2037 2008 2091 undecies

359 2121 396 2177 lia
410 2124 576 2195 captivorum
592 2124 698 2193 publice
721 2123 885 2177 venundata.
910 2122 946 2179 Ut
967 2133 1056 2178 autem
1077 2129 1153 2176 tanta
1186 2124 1315 2180 ‚centeni
1330 2133 1358 2178 et
1372 2122 1452 2196 rlnol.

873 2422 928 2502 tlt
969 2418 1167 2499 LIBRUM
1207 2418 1504 2501 SECUNDUM.

286 2657 292 2667 ⁴
399 2667 538 2725 Secundus
553 2665 851 2721 libcrllacbaboeorum
864 2662 998 2728 Historiae,
1014 2661 1077 2718 licet
1092 2664 1155 2718 bre·
1208 2662 1251 2716 nis
1272 2661 1408 2716 undecim.
1433 2662 1584 2719 Antiochus
1603 2663 1724 2736 bapator
1745 2667 1828 2722 annis
1849 2668 1964 2735 (luobus,
1981 2679 2006 2726 rt

361 2760 421 2814 rior
430 2758 467 2813 sit
479 2757 563 2826 priori
574 2754 694 2825 eiusdem
706 2754 796 2824 operis
809 2753 879 2809 libro
898 2754 926 2808 in
947 2753 1075 2808 historica
1090 2766 1155 2806 nar·
1209 2752 1363 2807 Demetrius
1386 2751 1485 2809 Sotlier
1499 2756 1577 2810 arinis
1595 2756 1749 2823 duodecim,
1769 2759 1816 2828 qui
1833 2769 1900 2815 sunt
1918 2764 2004 2817 aricia

362 2852 480 2915 ratione,
495 2849 647 2918 antiquiora
659 2855 748 2901 tamen
764 2847 952 2915 quadantenus
966 2844 1079 2916 replicat
1090 2853 1158 2899 tcm-
1210 2842 1345 2914 principio
1367 2844 1443 2914 regni
1468 2844 1574 2901 Seleuci
1600 2846 1761 2914 Nicanoris,
1785 2851 1862 2921 regis
1877 2851 1970 2922 Syria,
1991 2870 2004 2908 a

362 2956 440 3012 pora,
461 2946 574 3008 excepto
592 2937 664 3007 quod
677 2935 721 2990 illc
735 2936 883 2991 Alexandri
901 2935 989 3006 Magni
1004 2934 1159 2991 llacedonis
1212 2948 1267 3004 quo
1289 2935 1365 3005 requi
1383 2934 1540 2992 Grecorum
1555 2948 1749 3009 computantur
1767 2949 1909 3012 tempora,
1927 2961 2005 3016 usique

364 3032 392 3085 in
419 3029 550 3100 principio
571 3028 613 3083 sui
638 3028 748 3082 brevem
771 3025 835 3098 lacit
862 3025 1158 3081 commemorationem.
1214 3024 1345 3079 adliuem
1366 3025 1496 3081 Demetrii
1515 3029 1665 3084 centesimo
1688 3033 1865 3103 sexagesimo
1884 3037 2004 3102 secundo,

364 3121 433 3177 Nam
446 3130 473 3176 ct
486 3119 592 3176 Seleuci
605 3118 687 3190 regis,
705 3126 885 3187 cognomento
900 3116 1053 3181 Nicanoris,
1071 3116 1099 3170 in
1112 3114 1160 3171 Ju-
1213 3114 1312 3185 quibus
1326 3112 1489 3182 adjiciantur
1501 3117 1564 3172 anni
1585 3127 1688 3188 septem
1703 3120 1737 3174 de
1752 3136 1839 3193 regno
1854 3124 2004 3189 Alexandri,

364 3212 437 3269 deos
459 3217 653 3266 commemorat
679 3209 733 3264 iste
757 3207 905 3271 beucllcia,
932 3222 1014 3277 quem
1039 3206 1159 3262 historia
1214 3206 1259 3277 qui
1275 3205 1402 3275 ignobilis
1412 3212 1441 3260 et
1454 3207 1577 3273 uitiosus,
1593 3210 1776 3281 indignusque
1788 3214 1866 3284 regia
1883 3215 2005 3285 dignitate

364 3300 561 3371 Antiquitatum
578 3297 688 3370 losephi
702 3305 730 3353 et
752 3298 881 3354 chronica
897 3297 1007 3353 Errsebii
1027 3304 1161 3352 testantur
1176 3311 1198 3375 C
1214 3312 1229 3360 a
1243 3295 1372 3367 Pompeio
1387 3294 1477 3366 Trogo
1490 3297 1671 3364 describitur,
1688 3301 1735 3355 sed
1755 3316 1818 3355 cum
1840 3318 1953 3375 regnum
1971 3316 2005 3360 to

364 3390 472 3447 Judmos
497 3391 524 3443 in
542 3390 678 3460 republica
699 3404 751 3445 sua
771 3390 851 3461 digne
871 3386 977 3444 edicere
1000 3387 1156 3460 [effecissch
1212 3388 1305 3443 nuisse
1317 3386 1575 3444 describaturannis
1590 3390 1683 3445 decem
1695 3391 1819 3463 [septem
1833 3393 1857 3467 1,
1875 3396 2005 3453 dantem-

365 3489 394 3537 et
410 3496 518 3552 aequum
532 3481 573 3535 eis
595 3481 725 3536 bonorem
740 3494 801 3534 cum
817 3480 1013 3534 habitatoribus
1036 3478 1160 3535 llaccdo-
1212 3487 1269 3533 tum
1285 3481 1552 3551 sexagintanovem.
1576 3480 1702 3537 Dicamus
1726 3492 1757 3537 et
1781 3484 1882 3552 aliter,
1910 3488 2005 3559 primas

365 3570 445 3628 tribus
460 3578 487 3626 et
505 3569 607 3626 Graccis
625 3569 786 3639 deputasse;
813 3568 939 3624 similiter
962 3578 991 3623 et
1010 3568 1160 3625 Antiochus
1212 3578 1273 3640 post
1285 3571 1468 3629 Alexandrum
1481 3571 1554 3628 Asiae
1567 3571 1691 3642 regnarit
1699 3571 1857 3643 Antigonus
1877 3578 1954 3631 arturis
1966 3580 2005 3632 de·

366 3660 490 3731 Magnus,
516 3660 677 3714 testantibus
701 3673 782 3729 supra
806 3659 966 3715 memoratis
987 3660 1160 3715 auctoritati·
1212 3672 1311 3717 ccmct
1325 3678 1422 3719 novem
1435 3681 1443 3730 ;
1458 3672 1612 3734 postquem
1623 3662 1788 3728 Demetrius,
1803 3665 1854 3733 qui
1871 3673 1900 3720 et
1917 3666 2006 3721 Polior

366 3749 439 3815 bus,
463 3764 510 3804 eos
526 3749 630 3804 crebris
649 3749 771 3820 epistolis
791 3750 897 3814 laudat,
918 3761 950 3807 et
967 3752 1160 3823 multiplicibus
1212 3760 1294 3817 cctcs,
1324 3755 1448 3825 regnarit
1471 3755 1565 3809 decem
1586 3760 1614 3808 et
1635 3761 1739 3823 septem
1759 3754 1854 3809 annis.
1876 3754 1927 3811 llic
1948 3772 2006 3826 erga

367 3835 526 3898 muneribus
548 3840 639 3895 donat.
664 3839 751 3895 llabct
773 3841 971 3910 quodammodo
996 3842 1067 3897 idem
1092 3842 1161 3898 liber
1213 3843 1367 3901 Demetrius
1388 3845 1495 3900 decimo
1515 3844 1631 3914 septimo
1651 3858 1723 3898 atino
1738 3844 1818 3915 regui
1833 3846 1877 3899 sui
1893 3847 2008 3917 seruetip

367 3930 534 3989 diversama
554 3931 638 4002 priori
656 3931 850 3996 narrationem,
870 3933 916 3987 sed
934 3941 1024 3988 tamen
1041 3933 1160 3989 historiar
1212 3946 1272 3987 sum
1289 3932 1404 3988 Seleuco
1418 3934 1541 3998 tradidit,
1564 3941 1591 3988 et
1612 3932 1757 4001 conjuncta
1779 3941 1825 3989 cst
1845 3934 1914 3989 Asia
1932 3951 2007 4006 regno

368 4036 422 4081 non
438 4020 553 4076 destruit
566 4020 706 4075 veritatem
724 4039 730 4075 :
746 4021 809 4091 qnia
826 4020 888 4077 licet
912 4022 997 4078 multa
1010 4022 1109 4092 prioris
1125 4022 1159 4080 li·
1213 4021 1300 4094 Syrie
1313 4038 1386 4079 anno
1399 4022 1507 4080 Seleuci
1527 4023 1670 4080 Nicanoris
1689 4023 1825 4094 vigesimo
1851 4035 1959 4081 octaro.
1981 4027 2007 4081 Si

367 4112 410 4167 hri
425 4112 564 4167 contineat
583 4120 756 4177 testamenta,
779 4120 869 4169 tamen
884 4113 1012 4167 nonnulla
1022 4113 1161 4169 interserit
1212 4133 1277 4189 erqo
1287 4120 1451 4190 ceperimus
1464 4128 1623 4190 computare
1632 4133 1705 4174 nuuc
1724 4119 1829 4175 seriem
1852 4136 2006 4178 anuorurna

368 4217 430 4274 quae
443 4201 470 4256 in
483 4202 527 4258 illo
540 4218 592 4258 non
608 4203 790 4259 inveniuntur.
808 4200 1011 4273 Scriptusenim
1023 4202 1057 4258 ab
1071 4203 1114 4259 his
1123 4204 1162 4259 ri-
1212 4211 1300 4280 primo
1321 4227 1394 4267 anno
1417 4213 1494 4283 regni
1517 4212 1655 4283 Antigoni,
1676 4211 1724 4281 qui
1750 4216 1882 4284 regnavit
1904 4216 1931 4269 iu
1949 4214 2006 4268 Asia

367 4292 448 4351 detur
459 4295 506 4366 qui
521 4296 617 4351 morati
631 4306 694 4352 sunt
716 4298 743 4352 iu
766 4294 933 4360 terrulam,
954 4295 989 4350 ad
1007 4311 1055 4351 eos
1070 4298 1117 4366 qui
1132 4298 1160 4353 in
1212 4303 1291 4357 aunis
1315 4312 1419 4373 septem
1437 4313 1583 4374 antequam
1606 4301 1738 4357 Seleucus
1752 4302 1782 4357 in
1797 4302 1883 4375 Syria
1901 4319 2007 4378 regnare

368 4383 607 4457 euterislagerunt
621 4388 786 4458 regionibus.
802 4387 879 4444 Unde
891 4387 1010 4443 idemita
1024 4390 1128 4460 incipit.
1212 4391 1350 4461 caepisset,
1373 4401 1560 4463 preponentes
1579 4392 1688 4448 cosdem
1700 4401 1806 4464 septem
1821 4410 1911 4451 annos
1931 4411 2007 4467 regno

628 4498 742 4557 cpppp
765 4498 909 4555 ppppfflpq,
1213 4480 1330 4546 Seleuci,
1351 4490 1380 4537 et
1402 4498 1436 4538 eo
1458 4482 1539 4539 modo
1558 4490 1713 4555 computum
1739 4499 1879 4541 annorum
1900 4503 2006 4559 Quota

368 4564 472 4621 ledeia
491 4569 518 4622 in
533 4567 648 4639 AEqppto
664 4571 754 4624 dicunt
772 4568 862 4625 iudei
881 4569 1003 4626 llierorol
1048 4572 1071 4626 ir
1086 4570 1160 4627 uala-
1214 4569 1300 4644 Syriae
1312 4587 1398 4643 usque
1410 4573 1445 4628 ad
1457 4574 1633 4629 novissimum
1650 4588 1753 4629 aunum
1765 4575 1901 4632 Demetrii
1916 4578 2007 4633 Sorte·

405 4645 465 4717 iem·
482 4637 625 4719 ADNWDD
649 4641 749 4721 ⁰⁶⁶⁵&
768 4649 806 4721 ert
827 4641 855 4694 ¹⁸⁸³
875 4640 969 4711 ‘ellidii’
1005 4659 1101 4722 ΜΦ·
1121 4641 1160 4724 93
1173 4662 1200 4726 1)
1213 4663 1251 4718 ris
1268 4663 1486 4731 perduxerimus,
1510 4677 1616 4719 summa
1639 4663 1740 4735 prioris
1762 4668 1874 4721 numeri
1895 4675 1951 4722 tota
1972 4668 2004 4723 tbi

404 4723 463 4776 tque
477 4708 601 4777 sacrificat
615 4708 765 4763 abscondito
783 4726 809 4763 rn
830 4720 916 4782 puteo.
934 4709 1027 4765 Oratio
1042 4709 1160 4768 Ncemtoe
1213 4752 1219 4765 .

406 4776 542 4841 triuerat,
557 4780 627 4847 quod
648 4781 700 4848 reqi
717 4776 859 4834 Persarum
877 4780 1046 4849 manifestum
1060 4782 1161 4851 [netum
1212 4754 1358 4808 “mnium
1382 4751 1436 4809 sed
1455 4754 1554 4807 mirum
1572 4754 1707 4825 ΨΜ
1728 4755 1757 4809 in
1772 4759 1953 4826 mmmm
1970 4759 2005 4815 ‘fi'

404 4856 442 4903 est
466 4848 623 4903 miraculum
642 4850 796 4905 mutatiom'r
815 4852 882 4920 iqnis
900 4859 925 4903 et
945 4861 1082 4921 aquirere
1097 4868 1160 4908 con·
1212 4839 1386 4897 ⁰²¹⁰?th
1408 4842 1436 4896 5¹¹
1459 4842 1608 4897 oeflieNmil
1628 4843 1797 4912 ⁰⁰⁸⁰iissiffl⁰
1822 4858 1922 4901 ⁰⁰¹²V⁰
1940 4861 2005 4901 ΜΝ

407 4932 489 4972 terro.
1212 4946 1274 4987 curn
1293 4940 1389 4986 senatu
1412 4931 1579 4999 Aristobulo,
1603 4933 1736 5004 magistro
1759 4934 1905 4993 Ptolomaei
1929 4940 2003 5010 regis,

292 5059 295 5069 ,
405 5006 545 5063 Fratribus
567 5011 611 5081 qui
624 5020 684 5065 runt
698 5028 744 5082 prr
762 5011 909 5083 AEppptum
928 5010 1032 5068 Iudeis
1052 5013 1161 5070 salutem
1212 5019 1313 5076 dixisse
1329 5020 1488 5078 salutemet
1510 5023 1654 5078 mandasse
1672 5025 1706 5079 de
1725 5025 1922 5092 purificatione
1943 5039 2004 5084 um

371 5096 459 5154 dicant
471 5100 565 5167 tratres
577 5100 623 5170 qui
636 5110 696 5154 sunt
709 5100 737 5156 ia
749 5099 919 5171 lerosolymis
929 5100 1030 5169 tadei,
1041 5114 1065 5158 et
1078 5105 1124 5175 qui
1134 5105 1162 5158 iu
1211 5110 1259 5180 pli,
1271 5126 1353 5180 quam
1370 5113 1421 5182 ipsi
1440 5111 1539 5167 lactari
1559 5120 1639 5167 erant
1660 5113 1754 5184 quinta
1769 5123 1798 5170 et
1815 5118 1946 5174 vicesima
1965 5121 2003 5173 die

371 5189 475 5259 reqioue
497 5190 604 5257 ludeo,
631 5199 684 5247 etc.
711 5192 865 5247 Demetrius
889 5192 934 5247 hic
956 5192 1028 5264 (sub
1056 5209 1110 5265 quo
1132 5210 1162 5251 sc
1212 5202 1315 5258 meusis
1328 5202 1443 5267 Caetera
1471 5218 1534 5258 cum
1556 5201 1639 5259 ludas
1663 5206 1690 5259 in
1710 5207 1796 5275 priori
1823 5210 1896 5267 libro
1917 5229 2000 5283 surpra

371 5293 465 5337 orasse
489 5278 686 5353 ierosolymitae
715 5283 953 5355 commemorant)
987 5284 1015 5339 in
1045 5283 1163 5357 AEgypto
1212 5292 1285 5348 dicto
1297 5292 1435 5352 Demetrio
1450 5294 1558 5349 vivente
1572 5292 1679 5366 legatur
1697 5298 1784 5355 multo
1803 5310 1872 5357 aute
1893 5305 2000 5358 essede-

372 5370 535 5426 constitutus
552 5373 610 5441 ipse
633 5383 675 5428 cst
689 5395 695 5429 ;
711 5375 756 5444 qui
776 5384 837 5445 post
860 5372 1023 5429 Antiochum
1045 5374 1163 5446 Eupato·
1212 5381 1344 5439 iunctus:
1366 5385 1499 5455 siqnidem
1519 5394 1596 5441 serto
1619 5400 1691 5444 anno
1712 5390 1848 5447 Deanmmi
1862 5396 1999 5450 secundum

372 5463 513 5522 romAsiae
528 5472 555 5519 et
570 5464 655 5536 Syriae
668 5468 801 5538 regnarit,
820 5468 906 5538 quiet
919 5467 978 5539 ipsc
990 5468 1163 5539 cognomina·
1213 5474 1403 5530 chronicorum
1421 5475 1650 5533 lideminuenitur
1668 5480 1789 5535 occisus.
1811 5483 1870 5539 Sed
1887 5487 1948 5556 quia
1964 5487 1996 5539 in·

373 5562 416 5609 tus
431 5552 546 5621 Sether,
568 5555 619 5611 boc
638 5565 681 5612 est
694 5557 823 5612 salrator.
844 5558 873 5613 ln
892 5559 964 5613 bunc
983 5559 1056 5615 enim
1077 5576 1159 5616 auno
1213 5565 1280 5619 certi
1304 5574 1367 5620 sunt
1387 5567 1439 5636 ipsi
1457 5576 1582 5623 auctores
1601 5569 1743 5634 librorum,
1764 5588 1821 5627 non
1843 5576 2000 5631 absurderi·

374 5660 432 5732 rpm
448 5663 576 5703 rrumerus
590 5648 633 5702 hie
647 5659 818 5720 computatus
831 5658 890 5716 est,
911 5652 963 5707 boc
975 5661 1027 5716 cst,
1047 5654 1163 5709 centesi-
1213 5654 1313 5709 dentur
1346 5654 1374 5711 iu
1409 5657 1613 5726 computatione
1644 5665 1800 5729 temporum
1832 5664 1997 5734 discrepare,

373 5752 433 5795 tuus
450 5740 633 5809 sexagesimus
651 5755 738 5795 nonus
772 5741 900 5796 decurrit.
923 5740 992 5795 Nam
1013 5742 1163 5801 Antiochus
1213 5745 1330 5800 maxirue
1350 5760 1412 5800 cum
1437 5747 1464 5801 in
1484 5746 1615 5817 legalibus
1634 5748 1712 5804 libris
1735 5750 1809 5807 Lxx
1830 5753 1998 5825 interpretum

373 5828 538 5902 Epiphanes,
560 5834 606 5905 qui
619 5842 681 5906 post
697 5836 873 5892 centesimum
888 5836 1054 5892 tricesimum
1078 5839 1162 5907 septi·
1213 5835 1368 5891 editiocum
1384 5834 1519 5892 llebmica
1538 5838 1654 5895 reduto
1676 5839 1704 5895 in
1723 5854 1857 5913 computo
1876 5858 1997 5903 annorum

373 5933 448 5975 utum
462 5923 539 5996 requi
551 5922 708 5981 Graecorum
729 5925 811 5999 coepit
828 5937 953 6002 regnare,
978 5926 1100 5997 regnarit
1112 5942 1161 5986 an·
1215 5931 1328 5990 maritum
1341 5931 1485 5989 discordet.
