4709 6767
357 627 408 686 ut
710 663 713 668 ·
800 622 976 684 couneus.
996 626 1031 684 ut
1049 587 1326 684 attuuuounuu.
1347 659 1381 669 -
1399 628 1464 684 un.
1482 628 1525 685 ιιι.
1932 631 1985 690 sss

355 742 514 808 ostendunt,
531 741 608 812 quasi
621 742 710 810 capita
722 740 908 799 columnarum
921 757 989 813 opus
1009 743 1037 798 in
1051 758 1082 800 se
1095 742 1143 797 lilii
1157 743 1184 804 Α
1196 741 1307 814 Dystice
1319 751 1408 799 autom
1421 743 1491 799 sicut
1503 744 1688 801 centenarium
1704 761 1844 801 numcnun
1860 745 1982 815 praedixi·

354 842 476 906 quatuor
486 830 640 887 cubitorum
664 831 803 886 exhibent.
823 830 874 887 Ubi
894 832 1143 903 notandum‚1uxta
1195 846 1256 887 mus
1276 841 1406 887 mmmmm
1428 832 1621 889 beatitudinem
1638 834 1763 905 ligurare,
1779 834 1982 890 etduceutenu-

354 922 490 987 litteram,
500 921 563 991 quia
572 936 635 976 cum
645 936 713 991 opus
724 921 773 975 liiii
788 922 815 976 in
828 921 961 991 capitellis
972 932 1089 991 quatuor
1098 938 1147 977 eu·
1196 923 1265 978 rium
1273 923 1413 992 utriusque
1423 921 1588 980 Testamenti
1601 925 1713 995 populos
1727 924 1827 980 ibidem
1835 923 1864 979 in
1873 923 1985 980 Christo

354 1013 477 1070 bitorum
490 1026 552 1068 esse
565 1020 743 1077 memoratur,
758 1027 847 1082 neque
862 1012 982 1078 additur,
999 1011 1146 1074 latitudinis
1195 1013 1362 1078 adunandos,
1374 1016 1412 1069 ιιι
1429 1024 1457 1071 et
1472 1030 1543 1070 nurre
1555 1023 1698 1081 testamur,
1713 1032 1762 1085 per
1775 1016 1984 1088 quadringente

356 1109 405 1158 aut
414 1100 573 1166 altitudinis,
585 1100 693 1156 lectoris
713 1101 806 1170 utique
816 1100 929 1172 judicio,
941 1109 1032 1156 utrum
1047 1101 1075 1156 in
1086 1100 1147 1156 alti·
1195 1104 1301 1160 narium
1326 1114 1443 1174 quatuor
1469 1104 1614 1176 Evangelia
1641 1106 1764 1161 eamdem
1789 1105 1983 1160 beatitudinem

356 1192 462 1257 tudine,
487 1206 522 1247 an
544 1190 572 1246 in
588 1190 729 1246 latitudine
749 1191 861 1263 intelligi
888 1192 995 1257 debeat,
1021 1192 1146 1248 aebctum
1195 1194 1319 1250 omnibus
1342 1194 1394 1249 rite
1414 1194 1442 1250 in
1466 1193 1550 1249 Deum
1573 1194 1747 1250 credentibus
1768 1202 1796 1250 et
1809 1194 1881 1250 hanc
1901 1193 1984 1252 iidem

355 1290 408 1340 est
430 1282 543 1338 Constat
555 1291 645 1338 ιιιιιιιι
667 1283 770 1353 absque
786 1282 840 1337 ulia
858 1297 970 1353 prorsus
984 1284 1144 1340 dubietate:
1194 1278 1274 1337 bonis
1294 1281 1421 1351 operibus
1438 1296 1526 1352 usque
1548 1281 1576 1337 in
1596 1282 1678 1337 Dnem
1695 1283 1758 1337 ritae
1779 1282 1912 1354 condigne
1926 1298 1984 1339 ser·

354 1374 422 1445 quia
434 1373 569 1439 columna,
584 1388 666 1442 quam
679 1372 819 1429 duodecim
831 1374 983 1430 cubitorum
995 1375 1077 1429 restis
1088 1389 1147 1430 am·
1195 1371 1320 1427 vantibus
1335 1371 1478 1441 spondere,
1494 1386 1510 1426 a
1531 1372 1664 1428 bonorum
1676 1372 1797 1429 omnium
1815 1371 1944 1445 largitore
1956 1373 1983 1429 in

354 1466 468 1534 biebat,
502 1473 619 1537 quatmr
651 1465 757 1520 cubitos
789 1464 907 1522 hahebat
944 1465 1144 1537 grossitudinis.
1195 1460 1300 1519 coelesti
1314 1477 1397 1533 regno
1410 1463 1591 1519 tribuendam.
1604 1462 1640 1517 Ει
1650 1466 1754 1536 statuit,
1770 1465 1869 1536 inquit,
1881 1464 1983 1521 colum·

353 1557 452 1614 Dinnis
465 1557 537 1612 euim
561 1557 680 1613 circtdus
702 1567 832 1628 quantum
848 1560 931 1615 babet
952 1559 1032 1630 spatii
1045 1559 1072 1614 in
1089 1560 1146 1615 dia·
1196 1571 1244 1610 nes
1269 1554 1336 1610 duas
1358 1555 1387 1609 iu
1400 1556 1503 1627 porticu
1517 1554 1616 1628 templi.
1637 1553 1705 1612 Cum
1727 1557 1869 1612 statuisset
1879 1556 1982 1613 colurn-

354 1655 455 1711 taetro,
479 1654 584 1701 tantum
609 1647 692 1702 babet
719 1657 761 1703 ter
786 1650 813 1702 in
831 1664 907 1721 gyro.
930 1648 1052 1721 Denique
1070 1666 1146 1707 mare
1195 1660 1259 1701 nam
1272 1646 1422 1711 dexteram.
1433 1645 1540 1702 ¹00³?st
1552 1660 1611 1701 0²¹⁰
1625 1645 1853 1713 ”limine-bsscbl‘n.
1864 1648 1916 1703 ¹¹⁰⁰
1930 1656 1981 1711 0⁵1.

353 1753 472 1802 runcum,
486 1738 550 1808 quia
564 1738 724 1794 diametrum
740 1739 857 1795 babebat
870 1741 963 1796 decem
981 1742 1146 1810 cubitomm,
1195 1734 1317 1805 firmitas.
1342 1735 1475 1792 Similiter
1498 1736 1587 1793 erexit
1605 1737 1759 1793 columnam
1780 1739 1939 1803 secundam.
1956 1748 1984 1795 θῑ

353 1826 428 1881 ιιιιιι
451 1827 626 1897 sequentibus
662 1828 769 1900 iegitur,
802 1840 1001 1900 consequenter
1026 1833 1145 1890 habebat
1194 1828 1303 1885 vocati!
1329 1844 1429 1886 nomen
1462 1829 1521 1900 eius
1547 1828 1636 1897 Boot,
1660 1828 1713 1885 hoc
1736 1838 1797 1896 est,
1823 1830 1850 1884 in
1880 1829 1982 1884 robore·

353 1919 468 1990 trigirtta
481 1920 586 1976 cubitos
608 1921 635 1974 in
656 1937 732 1992 gyro.
750 1922 849 1977 Verum
863 1924 935 1994 quod
949 1925 1057 1993 dicitur,
1077 1942 1146 1998 opus
1195 1921 1312 1978 Dextera
1333 1922 1470 1988 columna,
1482 1929 1514 1977 ut
1531 1921 1755 1992 supradiximus,
1771 1921 1877 1977 illorum
1892 1921 1984 1991 expri-

353 2008 406 2064 lilii
421 2019 538 2080 quatuor
553 2009 636 2067 luisse
649 2012 814 2079 cubitorum,
832 2014 889 2070 siue
903 2014 1082 2084 latitudinem,
1097 2034 1144 2074 sen
1196 2011 1246 2068 mit
1261 2010 1373 2084 ngumm
1388 2011 1539 2077 dmidium,
1554 2010 1601 2081 ‘1¹¹1
1615 2009 1782 2080 primilillm
1803 2010 1831 2066 5¹¹
1855 2009 1984 2067 fflssfflw·

354 2099 482 2168 designet
509 2100 687 2165 altitudinem,
715 2102 891 2160 nihilominus
912 2106 983 2162 ratio
1003 2108 1146 2177 perspicua
1160 2083 1185 2143 Β
1197 2100 1277 2173 lymis
1290 2100 1431 2156 instituere
1450 2098 1618 2166 Ecclesiam
1635 2101 1752 2155 monada
1770 2114 1875 2167 eorum,
1889 2099 1935 2169 qui
1949 2100 1983 2153 ιιι

355 2196 410 2254 est,
426 2190 490 2261 quia
516 2206 569 2246 non
592 2192 646 2247 nisi
668 2208 716 2262 per
740 2194 927 2267 Evangelium,
944 2199 1148 2268 exoptatissima
1197 2189 1396 2262 praedicandum
1431 2188 1557 2261 lentibus
1579 2187 1708 2245 desiisslll
1732 2196 1805 2244 ΜΒ
1831 2185 1880 2244 Vel
1895 2205 1897 2210 '
1911 2196 1985 2244 ⁶⁰¹¹ss

356 2280 403 2336 illa
418 2297 470 2338 ros
485 2282 604 2338 insonuit
618 2300 625 2336 t
644 2283 828 2340 Poenitentiam
841 2288 920 2357 agite,
932 2290 1149 2362 appropinquabit
1197 2281 1293 2337 dulia
1304 2280 1486 2336 0011111111θωῦ
1506 2278 1641 2351 Slssssissssal
1650 2279 1696 2349 qui
1706 2288 1849 2336 lemurum
1863 2279 1890 2335 Ῑῐὶ
1901 2294 1984 2336 0²l¹¹0

356 2367 426 2420 euim
445 2383 552 2438 regnum
564 2367 687 2422 celarum
703 2368 811 2439 (lluttli.
826 2371 879 2443 ιιι).
892 2372 968 2439 Quod
983 2388 1048 2430 uero
1058 2375 1149 2446 sequi-
1197 2370 1341 2428 Dominum
1365 2370 1551 2443 prophetando
1571 2371 1751 2441 praedixerant
1764 2389 1771 2426 ε
1784 2370 1901 2427 secunda
1923 2372 1985 2429 ilios

357 2463 404 2510 tur
418 2473 426 2511 ι
443 2455 594 2513 Etruriam
608 2457 663 2513 alia
674 2460 794 2530 capitella
807 2461 835 2515 in
848 2464 997 2519 summitate
1011 2464 1149 2520 columna·
1197 2463 1244 2535 qui
1256 2460 1392 2532 bonejam
1413 2464 1531 2530 venisse,
1544 2472 1573 2519 et
1586 2464 1715 2520 mundum
1736 2479 1786 2520 suo
1798 2465 1929 2536 sangnine
1942 2482 1985 2522 re·

358 2564 417 2602 ram
431 2548 543 2619 desuper
550 2550 631 2619 juata
644 2567 793 2607 nicaeorum
810 2551 939 2610 columna
958 2564 1050 2611 eontra
1066 2557 1147 2612 retia·
1196 2552 1314 2610 demisse
1336 2560 1481 2609 testatuur.
1505 2552 1541 2608 Et
1562 2560 1624 2622 apte
1644 2552 1727 2608 simili
1750 2551 1881 2609 vocabulo
1897 2555 1984 2610 ambae

356 2637 429 2704 sala,
439 2636 519 2708 juxta
529 2654 683 2695 mensuram
694 2642 827 2698 columnae
844 2644 911 2701 dicit
926 2654 1007 2702 tantae
1020 2646 1147 2717 amplitu-
1196 2644 1379 2701 oensebamm
1388 2642 1531 2710 columnae,
1544 2656 1605 2698 cum
1617 2658 1681 2708 una,
1694 2641 1807 2712 p'rmitas
1820 2659 1830 2710 ,·
1845 2641 1942 2709 altera,
1953 2644 1982 2698 in

358 2727 438 2794 diuis,
449 2739 550 2798 quanta
569 2740 629 2786 erat
642 2739 670 2787 et
681 2731 815 2787 columna.
828 2732 911 2802 Cujus
928 2743 1020 2791 tamen
1034 2735 1148 2793 altitudo
1197 2733 1299 2800 robore,
1323 2734 1395 2791 dicta
1414 2741 1457 2789 est
1478 2741 1532 2789 :ut
1546 2748 1599 2788 una
1614 2731 1677 2789 briei
1691 2740 1719 2787 et
1740 2731 1831 2803 operis
1854 2731 1983 2788 tortitudo
2086 2754 2088 2758 ’

357 2827 458 2887 quanta
470 2819 561 2885 luerit,
572 2820 682 2877 minime
693 2830 831 2877 narratur.
847 2824 912 2891 Quae
924 2825 1017 2892 etiam,
1029 2835 1059 2881 ut
1072 2841 1147 2896 reor,

358 2924 478 2979 presens
492 2910 606 2966 bistoria
619 2912 646 2966 in
661 2914 846 2983 sequentibus,
870 2915 917 2971 ubi
934 2915 1067 2972 iacturam
1080 2926 1148 2973 tem·

358 2999 394 3070 pii
409 3015 459 3070 pter
479 2999 599 3070 singulas
614 3002 719 3072 species
741 3011 892 3070 enumerat,
909 2997 1033 3078 epistylia
1057 3006 1146 3062 aomi-

362 3097 417 3144 uat.
431 3087 487 3144 Sed
510 3090 568 3147 bico
581 3092 704 3162 capitella
716 3093 913 3166 qualiacunque
928 3103 956 3152 et
978 3107 1146 3167 quantacun·

360 3194 412 3248 que
425 3179 526 3234 luerim
537 3184 600 3248 (non
615 3181 687 3236 enirn
702 3198 829 3241 mensura
850 3200 944 3241 corum
961 3197 1055 3257 aperte
1069 3186 1144 3244 Scri-

360 3276 434 3338 ptura
445 3269 579 3341 designat)
592 3288 665 3327 more
674 3273 793 3330 liliorum
803 3276 930 3332 videntur
939 3293 1001 3334 esse
1010 3280 1144 3351 apposita.

360 3359 397 3416 De
411 3377 526 3431 quorum
549 3363 653 3419 tactura
665 3366 687 3421 si
701 3366 765 3436 quid
778 3368 921 3439 mysticum
939 3370 1076 3440 inquirere
1096 3372 1145 3428 de·

360 3449 449 3517 lactat,
467 3454 539 3510 illam
555 3458 630 3527 regni
642 3460 769 3528 perennis
783 3461 975 3519 sublimitatem
987 3472 1077 3534 potest
1090 3481 1144 3523 nou

360 3540 507 3615 incongrue
517 3545 668 3618 designare,
685 3549 748 3619 quia
761 3567 807 3605 nec
821 3552 913 3609 oculas
927 3555 1003 3622 uidit,
1015 3573 1062 3611 nec
1072 3572 1144 3612 auus

360 3639 469 3706 audiuit,
485 3657 531 3695 nee
551 3642 578 3695 iu
595 3658 641 3697 ror
654 3644 766 3700 hortinis
777 3645 905 3713 aseendit,
915 3664 973 3718 quae
986 3652 1146 3721 praeparauit

360 3731 429 3808 Deus
451 3733 618 3804 diligentibus
631 3753 659 3790 se
671 3734 698 3808 (t
712 3735 773 3791 Gor.
788 3736 831 3809 ιι).
852 3740 953 3795 Verum
970 3741 1033 3811 quia
1050 3743 1146 3799 eadem

361 3837 537 3896 supernorum
558 3828 673 3883 societas
688 3828 786 3884 citium
799 3830 938 3901 utriusque
958 3832 1048 3904 populi
1059 3832 1147 3890 tideli-

361 3914 408 3973 bus
431 3918 573 3986 tribuitur,
594 3928 668 3976 reete
682 3920 853 3993 subjungitur
876 3923 1145 3996 :llalogranatorum

361 4019 445 4065 estem
467 4011 572 4065 ducenti
592 4012 696 4067 ordines
718 4014 834 4070 arentin
852 4015 963 4070 circuitu
977 4017 1091 4087 capitelli
1106 4034 1146 4073 se·

362 4103 448 4157 madi.
462 4103 585 4159 Diximus
604 4103 883 4176 enim,ma10granata
897 4107 938 4163 vei
950 4109 1032 4164 totius
1046 4118 1146 4166 sanctae

361 4189 495 4256 Ecclesiae,
509 4193 550 4247 rel
561 4194 726 4266 singulorum
737 4211 905 4268 quommque
918 4198 1037 4254 bdelium
1052 4208 1144 4271 typum

361 4287 461 4337 tenere.
474 4281 652 4339 Centenarius
666 4299 730 4340 acro
745 4288 942 4359 numerus‚t1ui
957 4289 992 4345 ad
1006 4290 1144 4346 dexteram

360 4387 467 4428 manum
478 4376 611 4445 pervenit,
622 4392 815 4448 nonnunquam
836 4379 864 4434 in
875 4387 983 4436 aeterna
1001 4380 1145 4437 beatitudi-

1196 2824 1301 2880 cunctis
1317 2824 1407 2880 inesse
1430 2823 1586 2880 doctoribus
1612 2830 1821 2888 monstraretur,
1844 2823 1984 2893 nostrique

1196 2915 1327 2985 temporis
1346 2915 1444 2971 inertia
1473 2915 1555 2971 tacite
1577 2925 1719 2970 notaretur
1733 2930 1741 2967 t
1756 2914 1802 2969 ubi
1820 2929 1850 2970 se
1863 2912 1983 2969 nonnulii

1196 3004 1321 3062 doctores
1334 3005 1489 3061 sacerdotes
1512 3013 1540 3060 et
1555 3004 1696 3060 columnas
1717 3003 1813 3060 domus
1834 3002 1883 3061 Dei
1896 3000 1983 3058 rideri

1196 3101 1279 3165 atque
1292 3093 1419 3166 appellari
1432 3093 1536 3161 uolunt,
1551 3108 1613 3149 cum
1632 3093 1670 3148 nil
1684 3092 1712 3149 in
1731 3109 1761 3150 se
1772 3107 1886 3163 prorsus
1899 3090 1984 3147 iirmae

1196 3184 1259 3242 iidei
1272 3186 1306 3240 ad
1320 3185 1532 3241 mntemaendas
1543 3184 1633 3240 saectdi
1648 3198 1770 3255 pompas,
1785 3198 1818 3239 ac
1827 3182 1984 3241 desideran-

1196 3274 1232 3332 da
1251 3275 1321 3331 bona
1335 3275 1494 3341 inuisibilia,
1510 3274 1711 3330 nihiilrabeant
1725 3273 1830 3331 roboris
1842 3274 1877 3330 ad
1896 3272 1983 3329 corri-

1196 3365 1308 3438 gendos,
1322 3366 1361 3422 nii
1372 3366 1510 3423 industria
1522 3365 1619 3423 saltem
1628 3365 1666 3424 ad
1677 3365 1865 3438 intelligendos
1875 3381 1980 3432 eorum,

1196 3455 1293 3528 quibus
1305 3455 1409 3527 praelati
1419 3465 1492 3524 sunt,
1507 3471 1635 3515 errores.

1498 3569 1612 3628 eleut
1635 3569 1681 3627 iV.

1196 3659 1236 3717 De
1247 3660 1330 3717 altare
1349 3660 1640 3727 solemnissimam
1661 3676 1744 3726 aneo,
1757 3669 1782 3714 et
1798 3658 1880 3715 bubus
1903 3677 1981 3731 super

1231 3747 1297 3856 goos
1306 3732 1391 3802 ipsum
1408 3733 1520 3803 positam
1533 3739 1607 3797 erat,·
1623 3731 1655 3786 de
1666 3730 1755 3784 decem
1766 3731 1870 3785 constris
1881 3732 1909 3784 in
1921 3731 1983 3802 ιιιιι-1

1250 3818 1280 3855 us
1293 3799 1411 3856 leuandae
1425 3811 1500 3856 erant
1524 3800 1633 3865 hostire,·
1655 3800 1688 3854 de
1710 3798 1798 3854 decem
1818 3799 1982 3855 candelabris

1232 3870 1319 3926 astreis
1334 3881 1358 3925 et
1384 3871 1475 3925 deren
1490 3872 1603 3934 mensis,·
1624 3869 1657 3923 de
1675 3870 1751 3923 atriis
1765 3870 1857 3924 domas
1875 3869 1982 3924 Domini

1232 3949 1258 3995 et
1278 3940 1443 3995 distinetione
1454 3956 1560 4005 eorum,·
1575 3940 1607 3994 de
1623 3938 1732 3995 diuersis
1746 3940 1814 3993 uasis
1835 3954 1893 4010 que
1904 3938 1981 4007 pusii

1233 4008 1329 4064 Hiram
1339 4008 1473 4065 Salomoni
1484 4009 1512 4065 in
1526 4010 1629 4080 regione
1640 4008 1776 4074 iordanis,
1787 4008 1899 4078 [undem
1913 4024 1943 4060 ea
1954 4008 1981 4062 iu

1232 4079 1347 4150 arpilosu
1360 4089 1440 4134 terra.
1453 4079 1493 4134 De
1502 4079 1581 4132 altari
1602 4094 1692 4143 aureo,
1704 4077 1752 4132 boc
1763 4087 1811 4142 ert,
1824 4078 1981 4147 thymiama-

1231 4149 1278 4214 tis,
1292 4157 1317 4201 et
1333 4164 1422 4203 menso
1436 4149 1628 4219 propositionis,
1654 4157 1732 4219 atque
1753 4146 1982 4203 candelabrorum

1232 4217 1345 4272 lucernis
1366 4219 1432 4279 suis,
1457 4228 1486 4274 et¹
1506 4219 1606 4272 ceteris
1619 4219 1687 4271 nasis
1700 4215 1924 4282 ministerialibus.
1943 4216 1984 4272 De

1232 4288 1324 4342 ltostiis
1338 4286 1426 4357 tempii
1440 4286 1607 4342 interioribus
1620 4297 1644 4340 et
1656 4284 1838 4341 exterioribus.

1232 4375 1306 4432 Ferit
1320 4392 1421 4448 quoque
1442 4375 1525 4433 altare
1539 4392 1640 4433 eneam
1660 4376 1750 4448 upari·
1765 4376 1910 4432 sabbarum
1920 4374 1980 4432 lort-

361 4463 399 4520 nis
420 4465 508 4535 ligura
532 4466 595 4535 poni
620 4468 769 4525 oonstteuit.
793 4469 951 4539 Duplicatur
979 4480 1071 4527 autem
1098 4473 1144 4529 bic
1195 4469 1332 4542 giludinia,
1348 4478 1373 4524 ct
1392 4469 1484 4541 uiginti
1506 4469 1653 4527 subitarum
1674 4466 1834 4535 latitudinis,
1847 4476 1871 4523 et
1892 4469 1979 4522 decem

360 4568 485 4610 uumerus
510 4555 756 4627 malogranatorum
781 4559 939 4616 incircuitu
958 4560 1078 4632 capitelli
1098 4576 1143 4617 se·
1195 4558 1344 4616 cubitorum
1357 4558 1515 4613 altitudinis.
1530 4557 1667 4630 Scriptum
1688 4558 1771 4615 estin
1785 4556 1981 4629 posterioribus

361 4644 447 4709 mndi,
461 4654 490 4700 ut
505 4644 658 4703 insinuetur
671 4647 840 4719 mysterium,
851 4652 922 4720 quod
937 4651 1076 4722 ultriusque
1091 4651 1143 4709 To-
1196 4651 1268 4724 quod
1283 4648 1410 4706 Salomn
1424 4649 1520 4706 lecerit
1529 4651 1621 4706 omnia
1633 4664 1698 4705 rasa
1713 4650 1810 4705 domus
1830 4648 1889 4716 Dei,
1904 4656 1932 4704 ct
1941 4637 1980 4702 ιιι-Ι

360 4731 482 4787 stamemi
504 4733 617 4804 papulus
636 4734 793 4792 adunandus
814 4736 841 4792 in
863 4736 983 4804 Christo,
1008 4746 1089 4809 atque
1105 4741 1140 4797 ad
1154 4776 1182 4837 D
1196 4751 1255 4799 tare
1267 4756 1391 4808 aureum,
1403 4748 1432 4814 et
1448 4755 1556 4798 mensas
1570 4748 1598 4797 et
1612 4755 1694 4813 super
1707 4755 1754 4798 cas
1763 4755 1848 4812 panes
1858 4740 1980 4815 proposi-

360 4829 484 4876 mternaru
498 4823 559 4877 ritae
578 4824 614 4879 sit
625 4825 833 4883 introducendus
847 4843 985 4884 coronam.
997 4825 1074 4898 Quod
1092 4845 1142 4884 au·
1191 4834 1286 4904 sionis,
1301 4842 1355 4893 erc,
1369 4834 1402 4891 Et
1424 4834 1535 4905 quidem
1556 4833 1643 4889 altare
1666 4834 1853 4906 thymiamatis
1874 4833 1981 4908 lloysrs

360 4919 409 4968 ιοιιι
423 4914 560 4971 diciturin
571 4919 767 4987 posterioribus
783 4918 861 4989 huius
874 4921 994 4978 historiae
1007 4922 1082 4986 locis.
1101 4923 1143 4978 in·
1192 4926 1256 4984 lecit
1280 4928 1308 4982 in
1332 4942 1424 4984 eremo
1446 4925 1556 4998 (duod.
1587 4941 1680 4982 xxxvu
1697 4924 1719 4996 ),
1735 4927 1840 4983 habens
1855 4928 1980 4984 cubitum

360 5010 399 5059 ter
411 5013 510 5061 caetera
530 5022 591 5077 quac
604 5008 746 5066 fabricarit
759 5010 852 5066 iliram
877 5012 974 5068 artilex
990 5014 1045 5085 regi
1062 5013 1141 5070 Salo·
1192 5008 1379 5084 longitudinis,
1392 5016 1421 5064 et
1438 5007 1553 5064 aiterum
1572 5006 1733 5074 latitudinis,
1755 5006 1862 5064 ctduos
1873 5004 1979 5062 cubitos

359 5096 428 5151 ιιιοιιι
453 5097 481 5152 in
498 5097 612 5154 aedificio
633 5100 737 5170 templi,
750 5101 847 5158 iecisse
868 5103 1052 5173 malogranata
1073 5121 1141 5176 qua·
1193 5102 1384 5159 inaltitudine.
1399 5099 1512 5170 Quantas
1533 5106 1623 5155 auum
1644 5098 1837 5171 magnitudinis
1860 5098 1913 5155 hoc
1930 5095 1981 5152 Sa·

355 5181 507 5259 'driugenta,
535 5196 563 5244 et
595 5190 725 5246 retiacula
746 5191 813 5258 duo,
841 5193 878 5248 ita
903 5201 933 5248 ut
954 5194 1011 5249 bini
1033 5195 1142 5252 ordines
1193 5194 1285 5250 lomon
1298 5190 1405 5256 lecerit,
1416 5188 1556 5260 Scriptura
1571 5188 1675 5260 Regum
1687 5189 1745 5246 siue
1756 5187 1979 5258 Paralipomenon

360 5275 603 5348 malagranatorum
636 5281 749 5352 singulis
782 5263 920 5341 retiaculis
947 5285 1142 5356 jungerentur,
1194 5300 1249 5341 non
1260 5283 1334 5348 dicit,
1358 5282 1406 5337 sed
1431 5289 1537 5336 tantum
1561 5281 1633 5351 quod
1658 5295 1771 5337 aureum
1785 5277 1882 5337 lecerit
1903 5279 1979 5335 dicit.

359 5379 414 5434 qum
428 5376 600 5439 protegerent
628 5371 751 5443 epistylia
767 5380 795 5427 et
806 5374 929 5443 capitella
944 5375 1140 5443 columnarum,
1194 5375 1307 5433 Constat
1317 5381 1407 5429 autern
1417 5372 1489 5444 quod
1499 5380 1605 5428 tantum
1615 5371 1706 5430 lacere
1717 5386 1771 5428 non
1793 5372 1882 5443 potuit
1894 5387 1981 5443 quan·

359 5453 406 5510 boc
424 5472 478 5511 non
497 5457 632 5514 historicas
650 5460 800 5518 narrationi
815 5461 869 5518 uilo
888 5463 976 5527 modo,
1000 5478 1087 5534 neque
1100 5463 1142 5520 al·
1194 5475 1251 5523 tum
1273 5464 1338 5522 lecit
1356 5464 1527 5522 holocausti:
1554 5463 1617 5535 quia
1632 5464 1655 5520 si
1669 5463 1763 5521 decem
1777 5464 1932 5521 cubitorum
1954 5464 1981 5518 iu

358 5539 471 5616 legorico
497 5549 589 5605 sensui
615 5550 785 5619 adversatur,
815 5553 878 5625 quia
897 5552 975 5624 juata
999 5556 1142 5612 historiam
1192 5556 1359 5629 longitudine
1373 5565 1402 5613 et
1418 5555 1558 5612 latitudine
1570 5553 1672 5611 laetum
1686 5562 1770 5622 esset,
1789 5563 1874 5612 totam
1887 5553 1983 5623 templi

358 5633 636 5697 ucntduaccotumnae
648 5649 676 5696 et
687 5641 751 5697 bina
765 5642 899 5712 capitella,
911 5643 1028 5714 binaque
1039 5646 1142 5717 episty-
1195 5646 1363 5703 latitudinem
1385 5644 1560 5716 implevisset.
1577 5642 1683 5713 Quanto
1702 5659 1768 5718 ergo
1790 5644 1909 5702 exterius
1923 5650 1982 5697 erat

358 5721 400 5794 lu,
415 5727 452 5782 ita
467 5737 495 5784 ct
509 5730 637 5786 retiacula
652 5732 705 5787 duo
717 5731 827 5790 luerunt
842 5748 890 5804 per
906 5733 1025 5807 singulas
1037 5735 1141 5792 colum·
1193 5738 1310 5811 positum
1323 5737 1408 5792 altare
1421 5736 1571 5793 holocausti
1592 5752 1675 5807 quam
1694 5735 1810 5801 incensi,
1836 5739 1980 5805 quantum-

358 5831 403 5874 nas
426 5819 548 5892 singula,
563 5830 591 5877 et
611 5822 668 5879 bini
680 5823 791 5880 ordines
813 5823 1072 5898 malogranatorum,
1088 5826 1139 5882 hoc
1193 5842 1246 5898 que
1259 5840 1358 5898 genere
1372 5824 1526 5891 oblationis,
1541 5840 1574 5880 ae
1591 5826 1695 5881 uilitate
1719 5823 1821 5881 metalil
1835 5820 1980 5893 ignobilius

356 5917 402 5975 stt,
418 5913 534 5968 ducenta
556 5913 741 5985 malogranata
765 5914 878 5985 singuiis
898 5915 1036 5972 retiaculis
1044 5915 1139 5987 junge·
1193 5912 1253 5981 luit,
1268 5922 1372 5969 tautum
1387 5915 1537 5983 quantitate
1548 5928 1692 5979 mensuras,
1708 5921 1737 5970 et
1753 5911 1902 5968 hostiarum
1925 5906 1980 5965 ire·

355 5999 459 6060 bantur.
476 6002 522 6059 Dis
550 6005 621 6062 enim
635 6007 743 6063 duccrui
770 6008 982 6080 quadringentos
1007 6005 1136 6064 alliciunt.
1190 6006 1299 6080 quentia
1320 6008 1474 6077 praestabat.
1489 6005 1556 6074 Quia
1571 6005 1699 6060 nimirum
1711 6002 1802 6076 plures
1816 5999 1980 6057 suut-mtdta
