4709 6767
359 634 426 693 ttt5
712 633 888 693 coenent.
909 631 943 687 tu
963 631 1087 688 Libuos
1108 629 1393 688 tractemundo.
1412 664 1449 677 ·-
1466 632 1499 687 ΙΝ
1519 632 1585 687 tto.
1605 631 1622 690 l.
1920 638 1989 694 ttto

357 745 427 818 quod
449 743 527 799 torris
549 742 619 799 laeta
641 754 794 799 sanctorum
818 754 923 814 patrum
939 745 1147 814 praefigurabant
1162 750 1187 806 Α
1200 757 1226 800 et
1243 746 1393 802 arnbzrlasse
1407 764 1456 817 per
1470 749 1527 803 loca
1544 749 1684 819 inaquosa,
1700 749 1845 817 querendo
1868 753 1987 821 requiem

357 836 545 907 Redcnrptoris
556 837 640 890 nostri
652 836 678 889 iu
691 836 844 890 novissimis
859 837 1023 904 temporibus
1038 834 1146 889 nobilis-
1199 848 1225 892 et
1238 853 1290 893 uon
1305 841 1448 896 iuvenisse.
1471 842 1569 897 lterum
1583 859 1644 897 curn
1659 855 1762 914 septem
1778 845 1918 914 spiritibus
1940 864 1988 902 uc-

358 934 455 985 elruum
473 935 572 980 actum.
1198 930 1337 997 qrriorihus
1358 946 1387 985 se
1409 932 1549 1001 pristinam
1567 936 1676 988 domum
1693 942 1832 989 vacantem
1847 951 1878 989 ac
1899 938 1987 1006 scopis

394 1020 428 1076 Et
447 1019 599 1075 exclamarit
619 1018 778 1073 iliatlratlrias
795 1035 855 1072 uoce
874 1035 970 1089 magua
988 1018 1014 1071 t'u
1032 1018 1145 1082 ciuitate,

357 1111 456 1172 dicens,
470 1118 521 1164 etc.
539 1107 601 1162 lirec
615 1109 694 1161 rerba
708 1108 862 1162 hlathathire
874 1107 1081 1179 praefigurabant
1095 1107 1147 1161 llo-

357 1203 424 1258 mini
440 1202 525 1257 nostri
547 1198 609 1255 lesu
625 1199 725 1255 Christi
740 1202 907 1265 doctrinam,
928 1202 973 1271 qui
988 1202 1147 1256 exhortatur

357 1310 407 1349 uos
419 1291 538 1363 quotidie
558 1291 709 1361 relinquere
724 1292 869 1346 vanitatem
893 1292 972 1362 hujus
994 1291 1102 1352 mundi,
1119 1300 1148 1345 et

356 1399 479 1453 querere
493 1383 613 1439 coelestia
634 1384 729 1453 gaudia
752 1384 837 1453 regni.
860 1384 930 1438 biert
947 1383 1019 1437 enim
1039 1384 1096 1452 ipse
1119 1383 1146 1437 in

1199 1021 1364 1087 inundatam,
1379 1031 1405 1075 et
1426 1032 1560 1086 ornatam,
1576 1024 1709 1093 reperisse
1725 1042 1731 1077 :
1749 1024 1815 1078 tales
1830 1026 1929 1095 qnippe
1953 1027 1987 1080 ab

1198 1108 1320 1163 hostibus
1345 1111 1510 1180 spiritalibus
1535 1112 1613 1166 laeilc
1635 1113 1802 1179 obruuntur,
1825 1115 1887 1182 qnia
1911 1125 1987 1170 scuto

1198 1202 1269 1265 fidei,
1284 1203 1360 1271 galea
1375 1204 1479 1264 salutis,
1497 1205 1580 1258 lorica
1592 1205 1713 1271 iustitiae,
1735 1215 1763 1260 ct
1776 1206 1863 1275 gladio
1877 1208 1987 1277 spiritus

1198 1290 1306 1362 (Epiros.
1320 1292 1368 1363 u),
1380 1309 1440 1346 eum
1453 1294 1550 1361 quihus
1562 1294 1678 1349 inimicis
1690 1295 1815 1349 resistere
1827 1297 1986 1362 debuerant,

1197 1384 1297 1436 armari
1308 1398 1361 1437 nou
1375 1385 1516 1440 curabant.
1531 1385 1605 1440 Unde
1620 1386 1789 1456 subjungitur
1800 1388 1870 1455 quud
1885 1388 1988 1442 hlotha-

357 1472 501 1541 Erangclio
525 1491 531 1525 :
557 1470 609 1536 Qui
630 1489 680 1524 non
701 1472 884 1525 renuntiaverit
902 1472 989 1525 omnia
1004 1470 1145 1544 [omuibus]
1198 1474 1269 1528 thias
1290 1484 1318 1528 et
1337 1475 1416 1529 aurici
1429 1476 1488 1545 ejus
1507 1477 1606 1530 luctum
1630 1477 1782 1532 habueruut
1797 1495 1878 1549 snper
1892 1480 1988 1535 horum

356 1583 416 1637 quar
428 1564 552 1636 possidet,
571 1581 623 1618 narr
642 1571 723 1633 potest
745 1579 818 1616 urens
842 1579 896 1616 esse
917 1561 1071 1631 discipulus.
1096 1562 1147 1627 Qui
1199 1564 1393 1634 interitu,quia
1407 1567 1500 1636 gramli
1516 1565 1731 1622 dolorcalhcitur
1747 1569 1865 1623 Ecclesia
1877 1572 1985 1639 quando

357 1668 429 1713 amat
444 1667 544 1728 putrent
562 1670 638 1709 suum
653 1662 698 1707 aut
714 1664 822 1706 matrem
839 1669 915 1705 suam
930 1650 990 1722 plus
1004 1668 1082 1721 qaam
1098 1668 1146 1710 are,
1201 1654 1301 1723 aliquus
1319 1658 1351 1709 de
1366 1672 1479 1709 nurnero
1495 1672 1606 1709 sumum
1620 1674 1668 1726 per
1681 1659 1791 1712 iusidias
1807 1668 1887 1729 atque
1899 1675 1990 1728 perse·

358 1768 411 1805 nan
427 1758 464 1804 est
482 1766 523 1802 nte
534 1749 644 1818 dipnus3
662 1746 744 1815 etqui
761 1761 813 1799 non
831 1744 931 1814 bajulat
949 1759 1050 1797 erucem
1072 1759 1147 1796 srrrrrrr
1198 1746 1334 1798 cntionem
1349 1744 1526 1814 malignorum
1541 1748 1657 1801 lmstiaru
1670 1749 1697 1801 in
1712 1761 1883 1817 pcccatorum
1896 1754 1985 1821 prreci-

354 1834 472 1906 quotidie
486 1844 509 1885 et
521 1843 638 1901 seantur
653 1849 702 1899 me,
720 1848 772 1884 non
788 1842 826 1885 est
838 1850 876 1885 ure
887 1833 981 1902 diguus
992 1831 1067 1887 tluc.
1078 1833 1146 1900 xri).
1198 1838 1293 1907 pisiam
1307 1839 1428 1907 ngrrnscir
1443 1839 1588 1893 corruisse.

355 1926 408 1990 put
418 1926 488 1979 enim
504 1925 612 1978 uoluerit
624 1927 741 1977 animant
751 1941 827 1977 stram
838 1924 938 1978 soloaur
950 1924 1047 1991 facere,
1058 1924 1148 1990 perdet
1235 1924 1269 1977 Et
1282 1926 1347 1979 dixit
1362 1927 1399 1980 eir
1409 1928 1528 1996 proximo
1541 1945 1588 1982 suo
1602 1942 1609 1979 :
1623 1927 1652 1983 Si
1668 1945 1754 1982 omues
1769 1929 1908 1998 decennius
1922 1932 1988 1985 sicut

358 2035 430 2080 ranr,·
451 2019 495 2088 qvi
512 2026 601 2071 autem
612 2017 754 2086 perdiderit
766 2018 968 2071 orriuraursuunr
984 2030 1148 2085 propterrne,
1200 2014 1295 2083 [ratres
1314 2016 1395 2068 nostri
1410 2016 1537 2083 fecerunt,
1560 2027 1612 2070 cte.
1630 2018 1713 2072 Valde
1727 2019 1809 2089 igitur
1824 2020 1987 2072 detestantur

356 2108 632 2177 interiacentium
650 2115 699 2179 rx).
717 2109 787 2176 Quid
804 2114 873 2165 euim
888 2109 992 2178 prodest
1009 2111 1108 2163 trarvirri
1123 2111 1147 2165 si
1166 2102 1262 2172 ssboni
1278 2103 1463 2168 otiositatem,
1482 2120 1541 2173 qum
1563 2106 1671 2160 iairuica
1691 2116 1732 2161 cst
1753 2109 1865 2172 animae,
1887 2117 1914 2161 et
1934 2110 1988 2164 inm

356 2205 507 2258 urrirersmn
524 2202 651 2256 mundum
667 2203 793 2265 lucretur,
809 2204 907 2256 auimte
921 2218 980 2255 ocra
993 2218 1048 2255 sore
1063 2203 1147 2256 detri·
1199 2194 1288 2263 potius
1299 2193 1400 2265 eligunt
1411 2203 1505 2250 contra
1517 2196 1643 2252 iuimicus
1656 2198 1794 2268 spiritales
1804 2200 1923 2268 quotidie
1938 2199 1990 2251 rir-

356 2308 471 2350 nrentum
493 2302 623 2360 potiatur,
648 2307 693 2349 aut
718 2311 799 2364 quam
821 2296 1055 2350 corrnnarntionern
1074 2295 1148 2349 dabit
1189 2285 1302 2340 tutibus
1315 2286 1469 2358 00¹¹¹lit3⁰tsss
1487 2304 1568 2358 quarn
1580 2289 1683 2345 desidia
1696 2290 1759 2344 mall
1774 2291 1860 2345 θῑῑθὸθ
1872 2302 1990 2361 torpere,

356 2388 433 2443 honio
442 2405 489 2458 pro
501 2390 590 2443 anima
603 2387 769 2452 sualllattlr.
781 2386 944 2456 svtiiFilius
953 2388 1023 2441 eninr
1035 2388 1148 2443 bortrinis

359 2478 484 2522 neuturus
496 2478 532 2522 est
551 2469 578 2522 in
596 2469 680 2539 ploria
698 2466 787 2525 Patris
801 2470 844 2524 sui
858 2486 915 2523 corn
931 2468 1030 2539 angelis
1043 2469 1108 2533 suls,
1124 2476 1149 2523 et

360 2559 449 2613 reddet
465 2560 605 2630 unicuique
617 2560 759 2613 secuudum
772 2576 849 2625 opera
863 2574 912 2613 saa
927 2558 1033 2629 (Martii.
1046 2556 1112 2631 xri).

394 2650 475 2721 Fugit
494 2652 566 2706 enim
586 2649 751 2721 Redemptor
769 2660 862 2705 noster
881 2660 909 2705 et
926 2650 973 2704 sdii
995 2649 1053 2719 ejus
1072 2650 1149 2706 inno-

359 2747 462 2805 centes,
478 2747 506 2793 ct
518 2738 673 2809 relinquunt
686 2755 851 2809 quotcunque
869 2740 969 2795 habent
986 2741 1014 2795 in
1028 2741 1148 2806 civitate,

359 2832 487 2901 quoniam
511 2846 558 2900 per
580 2832 707 2886 ducatum
730 2832 813 2901 ipsius
833 2832 961 2887 Veritatis
981 2831 1148 2887 altitudinem

359 2921 488 2975 uirtutum
510 2922 656 2976 ascendere
679 2920 813 2989 eripimus,
833 2930 860 2975 ct
874 2937 906 2976 ea
926 2937 986 2991 qum
1007 2920 1041 2975 atl
1058 2920 1148 2975 luxum

359 3010 452 3066 seculi
463 3011 611 3082 pertinent,
627 3012 703 3081 quasi
725 3009 856 3079 superflua
872 3019 1041 3080 spernentes,
1057 3010 1150 3080 abjici-

359 3118 431 3156 mus.
455 3103 518 3156 lnde
534 3103 659 3172 estquod
681 3102 779 3175 legitur
794 3103 820 3156 in
842 3102 986 3173 Evangelio
999 3102 1106 3173 (lintri.
1120 3102 1148 3174 v)

359 3192 444 3248 isdem
464 3194 593 3248 homimis
608 3195 716 3249 duxisse
734 3193 878 3263 discipulos
892 3209 955 3249 suos
974 3194 1001 3248 in
1017 3204 1148 3262 monum,

360 3292 389 3339 ct
406 3284 441 3338 ibi
462 3284 574 3348 sedisse,
597 3285 687 3354 ibique
702 3285 798 3341 docere
813 3300 874 3351 cos;
897 3285 933 3339 ibi
950 3286 1045 3341 orabat
1058 3286 1149 3357 ibique

359 3376 488 3445 pascebat
502 3376 604 3439 turbas,
620 3384 649 3429 ut
663 3391 770 3445 semper
790 3374 822 3429 ad
844 3375 985 3443 ulteriora,
1006 3378 1040 3432 ad
1053 3376 1148 3432 altiora

1200 2378 1316 2431 maxime
1330 2394 1390 2432 curn
1405 2395 1480 2448 spem
1494 2381 1624 2443 rietorire,
1642 2396 1694 2435 non
1709 2398 1724 2435 a
1739 2396 1785 2447 sc,
1800 2383 1847 2436 sed
1861 2384 1989 2440 auxilium

1199 2480 1362 2539 prresuurant
1375 2468 1474 2523 habere
1486 2470 1622 2533 dirinnm,
1645 2486 1694 2525 ucc
1708 2471 1758 2525 sibi
1773 2472 1945 2526 sccrrriurtcrrr
1962 2473 1988 2526 in

1199 2561 1336 2631 prasenti,
1348 2560 1395 2615 sed
1412 2560 1439 2614 in
1454 2561 1544 2615 lutura
1557 2561 1733 2630 promittant,
1755 2562 1862 2629 quando
1882 2562 1989 2616 destru-

1199 2652 1251 2707 ctis
1264 2651 1368 2705 cunctis
1389 2650 1607 2718 adversitatibus,
1620 2654 1759 2707 rrouissirna
1775 2652 1830 2723 ipsa
1844 2652 1988 2706 destruetur

1200 2760 1270 2797 mors
1287 2740 1311 2813 (l
1326 2740 1387 2796 Cor.
1401 2747 1459 2809 xv),
1475 2759 1520 2795 nec
1534 2743 1583 2796 erit
1598 2742 1668 2796 ultra
1680 2742 1775 2807 luctus,
1788 2759 1868 2812 neque
1879 2741 1987 2801 clamor,

1200 2851 1281 2907 neque
1298 2833 1395 2899 dolor,
1416 2833 1541 2903 quoniam
1562 2834 1647 2903 prima
1665 2834 1782 2887 abierunt
1805 2832 1988 2902 (riporum),

1200 2926 1307 2996 quando
1321 2924 1529 2981 laetificabuntur
1545 2926 1630 2979 sancti
1643 2925 1669 2979 in
1682 2925 1778 2995 gaudio
1788 2924 1878 2979 vultus
1889 2924 1946 2986 Dei,
1961 2933 1989 2978 ct

1200 3017 1377 3073 delectatione
1404 3016 1581 3070 saluberrima
1605 3014 1727 3070 lrueutnr
1747 3016 1772 3069 in
1800 3000 1989 3085 dextera'ejus

1200 3123 1284 3179 usquc
1299 3108 1325 3161 in
1341 3107 1422 3161 duem
1433 3104 1518 3177 (Psal.
1533 3106 1590 3175 xa).

1237 3196 1309 3251 Tunc
1323 3206 1480 3267 congregata
1503 3204 1540 3249 est
1563 3195 1598 3248 ad
1613 3210 1656 3248 eos
1680 3210 1812 3265 sprrapapa
1834 3193 1989 3246 ternorum

1200 3282 1402 3359 [desiderarunt]
1416 3283 1492 3353 [ortis
1506 3282 1606 3337 uirilius
1630 3299 1661 3336 ea
1677 3281 1844 3349 lsraet,·ete.
1860 3281 1989 3335 Narranti

1201 3375 1341 3446 Scriptura
1356 3371 1528 3429 manifestum
1540 3381 1583 3428 est
1595 3374 1667 3443 quod
1681 3371 1820 3428 Salvatorc
1834 3382 1861 3426 et
1884 3382 1990 3442 aposto-

359 3476 389 3521 ct
402 3467 563 3535 perfectiora
578 3467 634 3521 suis
644 3466 773 3537 exemplis
785 3482 833 3521 nos
845 3477 1016 3538 provocaret,
1031 3475 1083 3522 ctc.
1163 3460 1186 3523 C
1201 3465 1235 3520 lis
1251 3465 1310 3536 ejus
1323 3463 1484 3535 predicante
1499 3461 1685 3532 Evangelium,
1701 3462 1777 3516 multi
1791 3463 1824 3515 dc
1834 3460 1989 3519 iudeorum

398 3557 470 3612 Turre
496 3558 682 3611 descenderunt
704 3556 780 3610 multi
800 3568 944 3629 querentes
969 3559 1101 3629 judicium
1124 3569 1149 3613 et

355 3650 489 3719 justitiam
517 3650 543 3701 in
568 3648 711 3714 desertum,
732 3657 755 3701 et
780 3649 901 3702 sederunt
924 3648 960 3701 ttr·
983 3650 1032 3719 ipsi
1053 3659 1076 3703 et
1099 3649 1149 3719 filii

359 3755 461 3791 corani,
487 3738 554 3792 lstos
572 3738 617 3807 qui
639 3753 700 3792 cum
715 3737 862 3793 llathathia
884 3747 911 3792 et
935 3738 997 3793 filiis
1014 3740 1072 3810 ejus
1095 3757 1149 3795 nau

360 3828 543 3882 ascendebant
557 3830 584 3882 iu
599 3838 717 3892 montes,
735 3829 781 3883 sed
796 3828 994 3883 descenderunt
1009 3829 1035 3882 in
1056 3832 1148 3884 deser-

361 3926 430 3982 tum,
444 3926 472 3971 ut
484 3917 519 3972 ibi
533 3918 656 3973 sedentes
667 3916 955 3987 quererentjudicium
967 3927 994 3972 et
1002 3919 1146 3989 justitiam,

358 4026 429 4079 quas
442 4010 537 4064 melius
550 4026 597 4080 per
610 4009 763 4079 allegoriam
777 4011 900 4079 accipere
913 4025 1055 4079 possumus
1067 4025 1148 4079 quarn

357 4100 467 4157 Judaos
495 4102 561 4170 qui,
586 4109 647 4172 post
671 4108 809 4169 acceptam
837 4100 950 4170 gratiam
980 4099 1149 4169 baptismatis

359 4189 473 4254 Christi,
488 4190 719 4245 circumcisionem
732 4200 759 4244 et
771 4190 855 4262 lcgcm
870 4201 987 4246 rctcrcm
1001 4191 1147 4246 obser-ran-

359 4284 424 4339 dam
445 4284 586 4355 putabant.
601 4283 635 4337 Et
649 4289 717 4337 benc
737 4283 765 4337 hi
780 4282 806 4336 in
822 4284 957 4338 desertam
979 4283 1031 4338 isse
1045 4297 1147 4337 memo-

359 4384 466 4441 rantur,
481 4377 538 4445 qui,
554 4375 706 4431 lucescente
718 4374 851 4446 Evangelii
866 4375 995 4439 veritate,
1015 4376 1148 4430 desertam

359 4466 429 4539 legis
442 4468 565 4522 umbram
580 4467 655 4537 quasi
670 4466 719 4521 sihi
733 4467 821 4521 adhuc
837 4468 1016 4522 rrecessariam
1039 4477 1147 4537 reputa-

358 4561 445 4625 bant,
469 4562 611 4616 sabbatum
633 4559 718 4629 legale
732 4561 872 4615 observari
897 4561 995 4615 dehere
1020 4560 1148 4631 praedica·

358 4651 442 4716 hant,
468 4668 528 4705 curn
551 4650 640 4705 orunia
656 4651 713 4704 hmo
736 4652 901 4720 temporibus
924 4650 990 4722 legis
1002 4652 1029 4705 in
1043 4656 1147 4723 siguum

358 4742 569 4813 precesserint,
586 4750 613 4795 ct
634 4741 811 4811 spiritualiter
834 4742 861 4796 in
877 4742 952 4798 Nora
972 4742 1147 4799 Testamenta

1200 3554 1298 3629 populo
1311 3554 1455 3608 veniebant
1465 3553 1499 3606 ad
1512 3552 1591 3607 sulem
1605 3552 1745 3606 crcdcutcs
1759 3552 1820 3622 legi,
1832 3561 1859 3606 et
1873 3552 1989 3622 prophe-

1203 3647 1236 3701 tis
1250 3646 1283 3700 de
1299 3645 1415 3699 arlrcntu
1426 3643 1526 3698 Christi
1546 3643 1716 3707 testantibus,
1733 3658 1836 3698 necnon
1850 3645 1882 3698 de
1895 3659 1989 3713 prosc-

1200 3737 1262 3809 lytis
1275 3746 1355 3805 atque
1376 3736 1409 3791 dc
1433 3735 1543 3789 advenis
1565 3733 1690 3804 plurimi,
1715 3734 1898 3805 relinquentes
1920 3734 1990 3788 idola

1200 3844 1248 3883 sua
1260 3844 1292 3882 ac
1302 3826 1521 3897 superstitionem
1535 3825 1710 3896 gentilitatis,
1725 3824 1894 3880 corrssuebant
1913 3826 1990 3878 undi-

1200 3935 1253 3989 que
1274 3918 1307 3972 ad
1321 3917 1482 3972 audiendum
1499 3915 1613 3970 verbum
1629 3916 1696 3981 Dei,
1722 3923 1749 3969 et
1777 3915 1859 3969 additi
1874 3924 1937 3969 sunt
1956 3914 1990 3967 ad

1200 4022 1343 4063 numerum
1354 4005 1521 4061 credentium
1539 4023 1545 4057 :

1235 4096 1269 4150 m
1283 4105 1465 4168 percusserant
1480 4103 1629 4166 peccatores
1641 4096 1668 4148 irr
1682 4095 1726 4149 ira
1738 4111 1796 4159 sua,
1811 4104 1834 4150 et
1850 4096 1917 4150 uiros
1936 4096 1989 4149 ini-

1199 4204 1262 4258 quos
1283 4186 1310 4238 in
1331 4185 1511 4255 indignatione
1527 4201 1586 4238 sita.
1612 4183 1679 4239 Cum
1704 4186 1762 4241 zclo
1776 4185 1837 4241 lidei
1853 4186 1989 4257 instigati,

1199 4275 1331 4347 malignos
1344 4275 1455 4345 spiritus
1469 4283 1497 4329 et
1507 4273 1542 4328 ab
1551 4275 1670 4330 obsessis
1681 4292 1729 4346 per
1742 4291 1862 4332 errorem
1876 4277 1989 4340 homiui·

1198 4367 1249 4423 bus
1281 4366 1421 4437 ejicientes
1438 4365 1617 4435 expulerunt,
1640 4375 1669 4421 et
1692 4366 1795 4423 fraudis
1810 4382 1865 4423 sue
1887 4384 1989 4424 uenena

1198 4457 1265 4528 ipsis
1280 4456 1472 4527 patefecerunt.
1489 4453 1573 4511 iudei
1589 4471 1696 4526 quoque
1709 4458 1840 4528 compulsi
1861 4457 1987 4530 sugerunt

1199 4546 1233 4600 ad
1254 4547 1391 4610 nationes,
1412 4543 1490 4613 juxta
1504 4546 1570 4601 illud
1587 4546 1724 4618 Evangelii
1739 4563 1793 4618 quo
1817 4552 1920 4603 sanatis
1941 4550 1990 4603 ho·

1200 4634 1317 4690 minibus
1336 4635 1472 4690 demones
1488 4636 1613 4705 permissi
1632 4647 1694 4692 suut
1715 4639 1886 4695 aSalratore
1900 4641 1940 4696 ire
1959 4641 1984 4694 iu

1199 4742 1295 4797 porcos
1308 4726 1405 4799 (liare.
1416 4726 1455 4799 r),
1470 4736 1501 4782 ut
1520 4728 1649 4784 immundi
1663 4745 1833 4799 possessores
1850 4748 1915 4787 vasa
1937 4734 1987 4789 irn-

359 4831 527 4886 ohservanda
542 4831 603 4884 sint.
620 4829 720 4884 Contra
734 4844 801 4899 qnos
814 4830 961 4900 Apostolus
972 4831 999 4886 in
1021 4830 1148 4900 Epistolis
1161 4834 1186 4893 Ι)
1200 4817 1336 4871 mundillae
1348 4817 1526 4887 Ρθὸὓῑΰθῑθῐῐῑ·

359 4921 418 4976 suis
432 4919 616 4989 copiosissime
628 4919 754 4989 disputat,
770 4933 895 4973 assereus
912 4917 992 4973 tinem
1005 4919 1072 4990 legis
1089 4936 1149 4975 csse
1236 4917 1270 4971 Et
1287 4917 1453 4971 obtinuerunt
1468 4916 1549 4987 tepent
1564 4917 1597 4970 de
1614 4917 1734 4972 manibus
1755 4934 1854 4989 repam.
1874 4917 1986 4974 Obtinu-

359 5012 499 5068 Christum
514 5011 691 5082 adjustitiam
706 5013 776 5065 onrrri
789 5012 901 5066 credenti
915 5011 1004 5082 (Rom.
1030 5012 1086 5085 x).
1103 5011 1148 5067 lsti
1198 5011 1264 5065 hant
1297 5008 1397 5065 milites
1424 5008 1526 5065 Christi
1553 5009 1639 5079 legem
1671 5011 1704 5065 de
1733 5010 1858 5066 manibus
1895 5025 1987 5082 regum

359 5118 427 5171 ergo
435 5102 612 5172 spiritualium
624 5101 741 5156 hostium
754 5101 841 5170 gladio
849 5102 945 5156 merito
953 5101 1146 5171 feriuntur,qui
1198 5105 1306 5176 quando
1317 5104 1343 5158 in
1355 5105 1469 5159 veritate
1481 5103 1616 5173 Evangelii
1630 5104 1816 5173 persistentes,
1831 5105 1896 5161 nulli
1908 5107 1986 5161 cede-

359 5192 461 5249 Christi
476 5192 590 5262 gratiam
608 5191 729 5248 sufficere
748 5193 798 5247 sibi
821 5194 854 5247 ad
874 5193 988 5247 salutern
1003 5209 1056 5247 non
1076 5193 1148 5248 arbi-
1199 5198 1264 5252 bant
1278 5196 1382 5260 errori,
1408 5196 1472 5265 quin
1487 5196 1577 5264 potius
1600 5203 1710 5250 orantes
1724 5195 1917 5265 predicatione
1938 5210 1986 5251 sua

359 5295 477 5341 trantur.
498 5284 613 5339 Possunt
625 5301 731 5355 quoquc
741 5285 819 5354 juxta
835 5284 1011 5357 tropologiam
1032 5285 1059 5338 in
1084 5285 1148 5355 ipsis

359 5373 556 5444 appetitoribus
572 5373 670 5427 deserti
686 5373 812 5427 desidiosi
830 5375 929 5444 quique
946 5374 1074 5444 intelligi,
1090 5374 1146 5444 qui,

357 5470 488 5535 percepta
502 5461 586 5533 gratia
602 5462 761 5516 Christianae
774 5461 921 5532 religionis,
935 5464 1001 5517 satis
1020 5463 1070 5517 sibi
1089 5463 1148 5518 ficri

358 5556 497 5611 estimant
522 5554 593 5625 qnod
615 5562 794 5623 perceperunt
819 5555 982 5610 charismata
1007 5554 1098 5609 dirina
1122 5563 1150 5611 et

359 5645 564 5702 mrrndationcm
589 5644 767 5713 baptismatis,
784 5658 834 5698 nec
852 5644 944 5699 volunt
960 5652 1021 5713 post
1039 5644 1147 5699 ahsolu-

360 5735 462 5791 tionem
491 5732 610 5790 sordium
636 5748 717 5802 opera
741 5747 868 5789 exercere
894 5734 1039 5799 uirtutum,
1062 5749 1148 5803 neque

359 5825 540 5880 recordantur
552 5825 622 5879 illins
633 5825 791 5895 evangelice
803 5825 946 5895 parabule,
960 5841 1013 5894 qua
1025 5825 1148 5883 Salvator

358 5914 388 5969 in
404 5912 548 5984 Evangelio
563 5913 595 5968 dc
615 5913 754 5968 immundo
772 5913 865 5982 spiritu
883 5915 1017 5969 narrando
1032 5914 1147 5971 dissere-

358 6005 418 6071 bat,
436 6006 481 6061 uhi
492 6007 557 6063 dicit
567 6007 734 6062 immundum
746 6006 869 6075 spiritum
884 6007 972 6062 exisse
983 6006 1016 6061 dc
1029 6008 1145 6073 homine,

1198 5287 1376 5357 subjiciebant
1399 5287 1516 5341 veritati.
1532 5285 1595 5340 lmlc
1611 5284 1769 5341 factumest
1791 5287 1862 5357 quod
1877 5287 1986 5359 plurimi

1199 5394 1292 5434 eorum
1303 5375 1360 5448 qui,
1372 5391 1420 5448 per
1432 5376 1529 5432 tastum
1541 5376 1633 5431 mundi
1643 5376 1716 5442 elati,
1729 5387 1916 5448 persecutores
1925 5389 1987 5434 anto

1198 5467 1306 5524 lucrant
1332 5467 1492 5523 Christiane
1516 5467 1669 5539 religionis,
1694 5468 1792 5534 iidem,
1816 5469 1985 5539 postmodum

1199 5558 1339 5623 conversi,
1357 5566 1449 5612 essent
1472 5565 1623 5612 assertores
1637 5556 1784 5614 firmissimi
1798 5557 1936 5623 veritatis,
1960 5564 1986 5611 et

1200 5662 1254 5701 non
1274 5647 1405 5702 dederunt
1418 5661 1501 5701 cornu
1515 5646 1661 5715 peccatori,
1683 5647 1746 5716 quia
1765 5662 1819 5701 non
1832 5646 1986 5701 eonsentie-

1199 5738 1267 5794 bant
1289 5739 1437 5808 iniquitati;
1451 5738 1528 5809 iuxta
1545 5738 1609 5792 illud
1623 5738 1729 5801 Esther,
1749 5753 1808 5808 qua·
1821 5737 1849 5791 in
1863 5736 1985 5795 oratione

1199 5844 1248 5885 sua
1259 5829 1326 5884 dixit
1341 5848 1347 5883 :
1362 5828 1403 5884 Ne
1414 5829 1514 5895 tradas,
1525 5828 1645 5895 Domine,
1659 5837 1787 5898 sceptrum
1799 5838 1873 5881 tuam
1886 5828 1927 5883 lrt's
1940 5831 1986 5901 qui

1201 5934 1252 5973 non
1265 5929 1324 5973 sunt
1336 5917 1422 5990 (Estlr.
1439 5919 1506 5989 arr).

1237 6010 1270 6064 Et
1281 6010 1613 6080 appropinquaverurirdies
1621 6008 1773 6065 llathmlrta‘
1781 6012 1920 6076 rrroricrrdi,
1931 6023 1983 6069 etc.
