4709 6767
374 600 423 657 tut

818 594 993 650 coluntur.
1015 595 1048 649 tit
1068 592 1373 650 Ettttstastttntt.
1393 625 1427 634 —
1447 591 1509 647 titt.
1531 593 1574 649 itt.

1950 599 2003 656 att.

373 710 557 783 eloquentiam
569 705 719 765 verborum
736 708 842 763 videtur
863 724 922 763 esse
938 708 1047 761 suavior
1061 714 1087 760 et
1100 721 1162 775 pro
1177 712 1200 766 Α
1215 706 1339 763 conferre
1351 707 1421 761 velle
1432 707 1559 778 gratiam,
1573 704 1596 760 si
1609 706 1641 760 ad
1655 704 1923 777 ejusperceptronem
1938 727 2004 767 eon-

373 802 499 858 habilior.

411 912 420 942 ι
443 891 478 944 Et
499 889 650 943 surnabitnr
671 889 698 943 in
725 888 779 955 illo,
804 898 831 942 ct
849 903 902 941 non
920 886 1050 940 tlectetur.
1078 885 1162 938 »Fir-

373 981 496 1036 urabitur
524 979 552 1033 in
572 978 674 1034 sanctis
704 978 770 1032 viris
785 978 860 1047 vigor
872 976 990 1031 ciricsti's
1009 976 1161 1045 sapientie,

371 1060 418 1142 qui
444 1071 532 1126 nescit
556 1069 691 1124 haereticis
715 1079 743 1124 et
768 1069 999 1139 impugnatoribus
1022 1068 1162 1123 catholicae

373 1164 435 1217 tutet
462 1170 489 1216 et
512 1176 583 1214 vere
603 1160 740 1230 religionis
774 1160 828 1215 ullo
859 1161 937 1215 modo
971 1161 1083 1223 cedere,
1115 1158 1161 1214 sed

372 1254 479 1308 sortiter
510 1252 657 1317 resistcrc;
683 1262 711 1308 et
745 1254 796 1307 hoe
826 1255 925 1307 donum
948 1261 989 1308 cst
1018 1252 1084 1318 bei,
1114 1253 1161 1323 qni

371 1346 467 1414 utiquc
498 1359 547 1414 per
578 1342 696 1413 Spiritus
725 1343 766 1397 sui
800 1343 915 1414 gratiam
945 1343 1037 1397 fideles
1066 1351 1160 1397 contra

371 1435 544 1494 adversarios
562 1449 624 1490 suos
646 1432 781 1488 confortat
803 1440 831 1488 ct
848 1433 968 1489 roborat.
988 1433 1064 1488 Unde
1077 1441 1105 1486 et
1118 1448 1160 1488 se-

392 1530 482 1585 uitur:

371 1547 389 1600 q
409 1636 418 1666 ι
442 1615 476 1668 Et
495 1610 645 1666 continebit
664 1609 738 1663 illum
759 1617 787 1664 et
801 1625 853 1662 raon
871 1606 1059 1664 conscindetur.
1079 1625 1087 1656 v
1111 1603 1162 1670 Qui

1216 799 1323 869 dignam
1333 814 1426 852 eorum
1437 797 1570 852 invenerit
1580 797 1762 866 diligentiam
1778 798 1843 854 dicit
1854 802 1926 855 enim
1937 802 2002 858 alibi

1214 890 1272 958 ipsa
1287 889 1442 958 Sapientia:
1461 907 1470 940 a
1483 889 1539 960 Ego
1561 888 1704 959 diligentes
1716 904 1759 943 me
1771 889 1892 962 diligam,
1915 900 1943 948 et
1956 893 2003 963 qui

1213 979 1470 1050 manevigilavcrint
1482 980 1516 1034 ad
1530 995 1583 1046 nte,
1597 980 1733 1035 invenient
1745 996 1788 1036 mc
1802 978 1895 1053 (Pron.
1906 985 1976 1055 vini.
1990 1003 1999 1036 r

1213 1069 1288 1136 Quod
1300 1076 1391 1122 autern
1405 1070 1541 1137 sequitur:

1250 1179 1260 1213 r
1277 1160 1406 1215 Homines
1419 1160 1493 1214 stulti
1511 1176 1565 1215 non
1585 1160 1713 1215 videbunt
1726 1158 1819 1228 illam;
1836 1162 1914 1234 longe
1928 1167 2001 1222 enim

1215 1269 1225 1303 ι
1240 1251 1317 1306 abest
1330 1266 1344 1304 a
1359 1251 1484 1321 snperbia
1494 1260 1521 1306 et
1533 1251 1603 1315 dolo,
1616 1252 1755 1307 »ostendit
1768 1268 1962 1322 supervacuum
1976 1264 2003 1311 et

1211 1345 1332 1399 inutilem
1354 1360 1413 1400 esse
1427 1345 1616 1400 haereticorum
1629 1344 1759 1413 laborem,
1786 1348 1832 1417 qui
1848 1363 1916 1419 pene
1932 1365 2001 1418 qno

1210 1434 1275 1487 tidie
1309 1433 1441 1488 desudant
1466 1434 1586 1490 docendo
1610 1442 1638 1488 et
1661 1430 1821 1501 scribendo,
1849 1436 2002 1493 divinorum

1210 1523 1340 1578 librorum
1354 1523 1514 1578 ventilantes
1527 1525 1687 1593 sententias,
1711 1540 1772 1580 cum
1796 1527 1890 1596 procul
1903 1529 1958 1583 sint
1968 1531 2003 1586 ab

1209 1612 1384 1682 intelligentia
1399 1628 1470 1667 verae
1482 1614 1640 1682 sapientiae,
1665 1613 1792 1683 superbia
1811 1615 1883 1670 eninr
1896 1615 2002 1670 illorum

366 1709 439 1765 eninr
452 1706 572 1761 adhaeret
585 1703 708 1763 Domino,
723 1717 892 1771 nequaqnam
913 1699 1098 1755 contusionem
1110 1697 1162 1752 ini·
1208 1719 1260 1775 qna
1275 1711 1450 1758 contemnunt
1474 1713 1629 1759 sanctorum
1642 1703 1752 1758 Petrum
1767 1704 1843 1772 sequi
1868 1705 2000 1776 regulam,

367 1803 503 1858 micornrn
516 1797 643 1868 patietur,
663 1794 710 1850 sed
720 1794 835 1849 veritate
847 1793 970 1847 vincente
982 1790 1048 1844 satis
1062 1791 1161 1857 ubique
1208 1803 1236 1852 et
1250 1796 1327 1850 vlolns
1342 1810 1395 1864 ouo
1406 1794 1542 1849 auditores
1557 1809 1620 1848 suos
1634 1809 1650 1847 a
1670 1794 1778 1848 tramite
1795 1793 1909 1862 iustitiae
1923 1795 2002 1850 sedu-

368 1880 558 1936 honorabitur.
571 1877 647 1933 Unde
659 1875 982 1946 proplietaadllovninnrn
1005 1872 1156 1928 ait:‹Uni-
1207 1904 1270 1944 cese
1291 1895 1407 1950 ceriam,
1434 1884 1743 1957 nonpermjgpeosad
1768 1883 1840 1940 ipius
1860 1885 2003 1956 pervenire

367 1975 439 2028 versi
464 1972 508 2041 qui
523 1982 548 2025 [θ
562 1979 728 2037 militiam,
753 1967 876 2029 θθῐῐὶῑηθ,
900 1980 954 2019 ¹¹⁰ss
984 1964 1156 2019 “infundan-
1208 1979 1348 2043 notitianr;
1368 1976 1433 2032 caeci
1445 1976 1516 2032 enim
1535 1983 1608 2041 sunt,
1622 1983 1650 2030 et
1669 1975 1753 2031 duces
1767 1990 1911 2042 caecorum,
1934 1984 1961 2031 et
1975 1976 2003 2030 in

367 2071 430 2128 tnr;
444 2061 643 2117 contundantur
652 2059 734 2126 iniqui
744 2057 872 2113 iacientes
881 2072 948 2109 vana
960 2055 1152 2127 (Psnl.xxrv);r
1172 2054 1196 2113 B
1210 2084 1331 2127 errorem
1344 2069 1501 2123 minente„
1526 2067 1587 2122 ideo
1598 2082 1660 2122 cum
1680 2066 1841 2137 sequacibus
1856 2067 1912 2124 suis
1923 2067 2003 2124 simul

368 2167 396 2208 et
412 2158 494 2206 itern:
511 2151 630 2207 «Beatus
643 2150 683 2202 vir
696 2149 742 2219 qui
759 2148 880 2218 implevit
895 2148 1060 2204 desiderium
1074 2161 1153 2200 sarram

368 2263 404 2300 cx
421 2245 499 2315 ipsis,
521 2259 574 2297 nou
596 2242 788 2306 confundetur,
803 2241 865 2293 dona
897 2239 1023 2307 loquetur
1039 2237 1156 2291 inimicis

368 2339 428 2394 srvis
444 2338 470 2391 in
485 2345 561 2406 porta
580 2334 666 2404 (Pani,
685 2334 787 2401 cxxvi.)

406 2449 415 2479 i
438 2428 575 2482 Eaaltabit
595 2426 670 2482 illum
683 2426 753 2496 apud
765 2425 902 2497 proximos
916 2440 990 2490 snos,
1006 2435 1033 2480 et
1057 2426 1084 2479 in
1099 2439 1156 2480 me-

369 2541 379 2575 r
403 2522 447 2575 dio
472 2520 599 2575 Ecclesiae
616 2519 720 2588 aperiet
741 2533 771 2573 os
788 2517 871 2582 illius,
888 2526 916 2572 et
939 2516 1060 2586 implebit
1076 2515 1153 2570 illum

368 2631 377 2662 r
402 2612 498 2680 spiritu
520 2611 658 2680 sapientie
682 2617 709 2663 ct
725 2608 886 2673 intellectus,
913 2616 937 2662 et
975 2607 1043 2662 stola
1063 2606 1156 2678 glorie

368 2724 377 2755 i
401 2703 592 2757 vestietillvnn.
604 2701 801 2756 iucunditatem
818 2708 845 2752 et
864 2698 1070 2752 exsultationem
1097 2698 1156 2752 the-

367 2814 376 2844 «
402 2795 550 2848 saurlzabit
568 2808 648 2862 snper
666 2793 751 2855 illnm,
767 2801 794 2844 et
822 2792 848 2844 in
864 2791 971 2845 nornine
984 2796 1087 2843 aeterno
1101 2789 1156 2843 lrae-

368 2907 377 2938 r
401 2888 529 2941 reditabit
553 2886 637 2939 illnvn.
674 2903 682 2934 v
712 2884 855 2953 Eleganter
881 2881 1014 2950 expressit
1041 2879 1154 2934 lormam

364 2978 548 3048 apostolorum
564 2987 590 3031 et
601 2976 805 3045 predicatorum
822 2974 907 3028 sarrcti
924 2972 1071 3044 Evangelii,
1087 2986 1156 3042 quos

364 3072 456 3127 divina
468 3070 611 3140 sapientia,
634 3069 757 3122 Christus
777 3067 909 3131 videlicet,
922 3066 968 3135 qui
983 3074 1026 3120 est
1041 3065 1087 3119 Dei
1101 3066 1155 3119 vir·

365 3173 408 3218 tus
422 3168 450 3216 et
466 3162 512 3215 Dei
523 3161 663 3231 sapientia,
677 3160 808 3216 universae
819 3158 964 3230 preposuit
975 3157 1114 3224 Ecclesiae,
1128 3165 1156 3212 ct

364 3271 421 3326 pne
448 3255 554 3309 caeteris
579 3253 696 3307 firlelinrn
719 3250 804 3306 turbis
824 3251 849 3304 in
865 3265 928 3304 arte
942 3250 1083 3320 dignitatis
1099 3249 1155 3305 eol·

364 3346 479 3409 locavit3
495 3347 566 3399 lrune
578 3359 642 3413 crgo
654 3354 753 3397 coetnrn
766 3341 895 3396 eximium
910 3339 1050 3394 doctorum
1063 3339 1153 3394 divina

1209 2160 1305 2215 eadent
1319 2159 1346 2212 in
1366 2157 1471 2213 lovcam
1489 2157 1655 2226 perditionis.

1246 2266 1255 2298 r
1278 2246 1336 2301 Viri
1349 2247 1491 2302 mendaces
1505 2262 1558 2302 non
1572 2256 1651 2302 erunt
1663 2245 1734 2302 illins
1748 2262 1894 2315 memores,
1909 2256 1937 2304 et
1951 2247 2003 2305 viri

1210 2356 1220 2390 r
1242 2352 1353 2393 veraces
1365 2337 1536 2391 invenientur
1549 2337 1575 2390 in
1593 2335 1674 2392 illa.»
1704 2335 1756 2403 Qui
1776 2345 1839 2391 aunt
1852 2338 1903 2393 viri
1923 2353 2002 2393 men·

1208 2431 1297 2494 daces,
1315 2429 1368 2484 nisi
1381 2428 1502 2483 haretici
1512 2437 1539 2483 et
1556 2442 1651 2482 omncs
1663 2440 1837 2500 corruptores
1849 2430 1916 2500 legis
1934 2430 2003 2485 liei?

1207 2521 1253 2593 qui
1266 2535 1320 2575 non
1334 2527 1398 2575 sunt
1416 2518 1555 2588 sapientiae
1569 2517 1617 2572 bet
1633 2533 1777 2585 memores,
1803 2519 1865 2590 quia
1881 2521 2002 2575 veritatis

1206 2617 1270 2667 sunt
1287 2610 1449 2673 desertores,
1469 2617 1496 2663 et
1510 2608 1698 2663 mandatorum
1715 2608 1815 2663 Christi
1833 2616 2002 2679 contempto-

1207 2718 1260 2760 res.
1277 2700 1306 2757 Si
1318 2702 1390 2756 enim
1405 2716 1516 2757 veraces
1529 2715 1588 2755 esse
1598 2701 1755 2766 voluissent,
1768 2716 1906 2771 nunqnam
1917 2702 2002 2756 Evan-

1206 2791 1276 2862 gelio
1290 2790 1337 2845 Dei
1355 2790 1491 2845 contraria
1506 2789 1641 2844 sentirent
1651 2789 1694 2843 vel
1705 2790 1841 2844 docerent.
1864 2789 1910 2843 Ait
1926 2791 2000 2845 eninr

1206 2881 1264 2953 ipsa
1275 2881 1399 2937 Veritas:
1422 2899 1431 2932 r
1446 2879 1541 2935 Omnis
1563 2881 1609 2950 qni
1623 2890 1709 2936 estex
1724 2881 1848 2946 veritate,
1862 2880 1938 2936 audit
1952 2896 2001 2935 vo-

1206 2989 1264 3030 cem
1285 2989 1391 3029 meam:
1409 2974 1482 3028 vviri
1500 2988 1564 3044 ergo
1576 2989 1686 3028 veraces
1703 2973 1763 3028 ideo
1784 2973 1959 3028 inveniuntur
1974 2974 2001 3027 in

1206 3064 1261 3130 illa,
1276 3065 1339 3135 quia
1352 3063 1496 3129 credendo,
1509 3063 1673 3129 meditando,
1689 3071 1771 3135 atque
1783 3064 1852 3119 bene
1862 3067 2002 3136 operando

1206 3170 1312 3225 semper
1322 3161 1524 3209 commorantur
1539 3153 1566 3206 in
1581 3153 1647 3222 ipsa.

1244 3271 1253 3304 r
1272 3254 1304 3309 tit
1321 3268 1474 3307 snccessnnr
1489 3252 1627 3307 habebunt
1648 3253 1781 3322 usquead
1804 3253 2000 3323 inspectionem

1209 3362 1218 3395 r
1238 3344 1293 3398 bei.
1315 3363 1323 3394 v
1346 3343 1378 3396 lli
1393 3358 1457 3414 ergo
1470 3358 1634 3409 successum,
1650 3344 1702 3398 boe
1716 3352 1767 3409 est,
1784 3344 1934 3413 prolectam
1946 3347 2000 3401 vir-

364 3438 486 3510 pnreiiiia
518 3437 589 3490 inviis
613 3435 728 3504 spiritns
757 3433 798 3487 sni
819 3432 906 3502 gratia
928 3430 1099 3494 illuminavit,
1125 3437 1153 3483 et
1168 3424 1190 3485 C
1207 3443 1292 3490 tntum
1307 3435 1454 3501 habebunt,
1478 3451 1563 3505 usqne
1586 3435 1619 3489 ad
1633 3436 1889 3506 contemplationem
1910 3439 2000 3494 voltus

364 3529 431 3581 loris
449 3528 552 3596 copiam
581 3525 740 3580 elocutionis
764 3522 974 3587 administravit,
1000 3530 1029 3575 ut
1053 3521 1153 3576 bovrnnr

364 3619 437 3687 qnod
464 3618 514 3689 ipsi
541 3616 723 3685 intelligebant
746 3622 847 3678 ruente,
876 3612 936 3667 aliis
964 3609 1080 3666 facundo
1109 3626 1155 3667 cx·

364 3719 497 3781 ponerent
535 3722 678 3768 scrrnoue;
704 3713 730 3759 et
758 3713 842 3769 recte,
868 3710 896 3757 nt
920 3719 1041 3758 sunnnus
1064 3703 1153 3758 Douri-

364 3819 426 3866 nns,
444 3801 491 3870 qui
503 3799 597 3855 electis
611 3796 747 3866 discipulis
760 3797 816 3852 suis
831 3793 975 3851 sacerdotii
992 3793 1152 3864 dignitatern

363 3892 471 3957 tribuit,
487 3891 645 3962 elegantiam
661 3888 741 3943 sinrul
756 3903 829 3943 saum
843 3886 983 3950 doetrinae,
1001 3892 1027 3942 et
1038 3884 1152 3938 avidita-

364 4001 419 4045 tem
443 4002 579 4043 sacrarum
593 3986 723 4040 virtutum
741 3984 881 4047 tribueret,
905 3989 1037 4049 quatenus
1056 3994 1152 4032 nonren

363 4084 464 4137 bonum
479 4087 506 4136 et
527 4078 665 4150 premium
683 4090 807 4147 magnum
831 4071 976 4130 incoelesti
1000 4084 1083 4140 regno
1104 4085 1153 4140 pro

362 4176 415 4230 lroe
437 4172 627 4228 haereditarent
641 4170 667 4226 in
679 4175 849 4239 perpetuum.

401 4288 409 4320 ι
434 4265 562 4320 llonrines
573 4262 647 4318 stnlti
661 4278 714 4316 non
727 4262 931 4332 apprehendent
942 4261 1032 4326 illam;
1058 4267 1086 4315 et
1103 4259 1151 4313 ho·

365 4377 374 4408 i
398 4357 487 4412 mines
505 4355 606 4410 sensati
634 4352 781 4408 obviabunt
804 4352 852 4406 itti.
881 4370 891 4404 v
916 4350 1045 4405 llomines
1077 4347 1152 4402 stulti

362 4460 425 4504 snut
450 4448 560 4518 pagani,
578 4447 623 4516 qni
637 4446 706 4501 idola
727 4460 795 4499 vana
814 4445 907 4500 colunt
931 4459 979 4514 pro
1002 4457 1066 4497 vero
1081 4442 1150 4506 Deo,

362 4551 424 4596 sain
439 4550 467 4594 et
487 4537 640 4606 luciaciqni
657 4536 844 4605 crucifigentes
867 4535 965 4589 Filium
981 4533 1040 4597 liei,
1054 4540 1081 4586 et
1096 4548 1152 4586 res·

1205 3527 1262 3592 Dei,
1287 3529 1373 3582 donec
1391 3537 1491 3582 aeterna
1507 3527 1631 3583 claritate
1653 3527 1750 3584 divium
1776 3528 1925 3598 majestatis
1939 3531 2000 3586 culn

1204 3617 1307 3690 angelis
1325 3618 1372 3672 bet
1387 3617 1578 3687 perpetualiter
1592 3617 1743 3682 satientur,
1770 3626 1798 3673 et
1813 3619 1958 3689 impleatur
1973 3621 2000 3674 in

1203 3711 1243 3766 eis
1256 3709 1321 3766 illud
1333 3710 1482 3766 Psalmistm
1494 3708 1565 3778 quod
1578 3709 1611 3764 de
1621 3709 1715 3764 clectis
1726 3709 1773 3764 liei
1788 3711 1837 3765 sub
1852 3719 1915 3781 typo
1924 3711 2001 3766 boum

1204 3802 1309 3856 arboris
1331 3801 1463 3871 protulit,
1489 3801 1602 3855 dicens:
1634 3799 1717 3853 ‹Erit
1742 3808 1871 3871 tanquam
1898 3802 1999 3872 lignum

1203 3893 1274 3963 qnod
1297 3893 1446 3963 plantatum
1460 3901 1501 3948 est
1516 3907 1592 3947 secus
1606 3892 1737 3947 decursos
1750 3907 1904 3962 aquarum,
1928 3892 2000 3962 quod

1203 3983 1319 4037 lrnctnm
1340 4000 1418 4037 snnnr
1432 3983 1506 4039 dabit
1521 3983 1546 4036 in
1562 3991 1681 4050 tempore
1696 3997 1763 4048 suo;
1789 3991 1818 4037 et
1833 3982 1926 4036 lolium
1941 3980 2000 4050 ejus

1202 4093 1255 4132 non
1277 4077 1391 4141 decidet,
1419 4083 1446 4130 et
1466 4076 1555 4131 omnia
1579 4089 1744 4144 quaecunque
1769 4073 1863 4130 lecerit
1890 4089 2001 4144 prospe-

1203 4169 1336 4222 rabuntur
1353 4167 1439 4238 (Pari.
1458 4166 1516 4236 r).r
1546 4165 1730 4220 llnrbulabunt
1754 4166 1826 4219 enirn
1850 4164 1883 4218 de
1900 4164 2000 4218 virtute

1202 4259 1230 4314 in
1245 4259 1388 4322 virtutern3
1404 4255 1539 4309 videbitur
1553 4254 1623 4308 Deus
1635 4255 1747 4308 deorum
1765 4254 1793 4308 in
1807 4252 1882 4307 Sion.
1899 4252 1920 4306 E
1936 4267 1997 4306 con·

1203 4351 1287 4406 trario
1302 4363 1377 4416 vero,
1402 4347 1466 4416 quid
1484 4353 1613 4417 seqrratur
1629 4346 1662 4401 de
1681 4343 1845 4400 adversariis
1862 4342 1927 4414 legis
1951 4344 1998 4398 Dei
2069 4374 2070 4377 =

1201 4443 1349 4497 videamus.

1240 4551 1249 4583 r
1266 4531 1324 4586 Non
1336 4538 1379 4585 est
1392 4525 1513 4599 speciosa
1526 4525 1625 4582 lausia
1639 4539 1686 4580 ore
1697 4523 1859 4594 peccatoris,
1870 4521 1997 4592 quoniam

361 4639 476 4700 pnentes
503 4628 676 4699 Evangeliurn
704 4628 763 4698 ejus
783 4626 946 4697 temporibus
965 4626 1067 4696 gratiae,
1093 4641 1152 4678 nru-
1205 4628 1333 4678 «nonest
1348 4636 1364 4675 a
1379 4619 1494 4675 Domino
1507 4619 1615 4673 missus.
1636 4615 1719 4671 »Non
1734 4623 1776 4671 est
1787 4614 1858 4670 enirn
1870 4613 1926 4667 beo
1938 4612 1997 4683 pla·

363 4724 438 4777 brarn
451 4720 518 4790 legis
535 4735 644 4774 servare
668 4718 770 4772 volunt.
789 4716 858 4770 Sunt
870 4716 952 4770 ctiam
967 4722 995 4768 et
1016 4713 1148 4792 heretici,
1200 4716 1255 4771 cita
1280 4713 1401 4770 doctrina
1429 4711 1630 4774 baereticorum,
1653 4722 1715 4778 quae
1734 4704 1829 4760 iraude
1843 4711 1871 4760 et
1895 4702 1997 4758 malitia

362 4816 405 4886 qni
420 4815 606 4871 sinceritatem
622 4826 762 4867 sacrarum
781 4808 981 4878 Scripturarum
996 4806 1052 4861 suis
1075 4820 1149 4860 erro
1191 4809 1280 4878 ¹plena
1294 4814 1345 4871 est,
1361 4813 1389 4860 et
1401 4802 1541 4858 mendacio
1554 4800 1665 4865 sordet,
1687 4813 1738 4852 nee
1753 4795 1803 4867 ipsi
1816 4811 1850 4850 ex
1864 4793 1930 4858 beo,
1946 4792 1998 4848 lroc
2027 4855 2029 4860 s

363 4909 436 4965 ribus
453 4912 640 4973 corrumpunt,
655 4901 817 4957 etbomines
831 4898 907 4953 salsis
925 4896 1056 4952 doctrinis
1078 4896 1150 4951 deci·
1201 4907 1260 4965 est,
1284 4897 1318 4953 ab
1336 4895 1437 4966 Spiritu
1453 4893 1501 4948 liei
1531 4898 1594 4947 sunt
1615 4890 1649 4945 ad
1668 4887 1870 4960 predicandum
1889 4883 1996 4948 directi,

361 4999 447 5070 illust·
462 4994 495 5050 Ηῑ
506 5009 571 5063 ΠΕΟ
581 5007 676 5048 0¹¹l⁰0⁵
688 5007 740 5045 ¹¹⁰ss
755 4988 959 5059 alifehessdssssi
975 4987 1148 5058 Sillissssll'lffl,
1201 4989 1250 5046 sed
1262 4987 1379 5058 maligno
1394 4983 1489 5056 spiritu
1503 4980 1587 5036 inllati
1606 4995 1638 5035 ex
1652 4978 1733 5036 eorde
1747 4991 1796 5032 suo
1810 4973 1949 5045 prolcruut
1964 4985 1995 5026 ea

360 5093 420 5160 qaia
442 5088 561 5158 Spiritus
573 5094 684 5141 sanetus
703 5079 970 5153 disciplinaeellugiet
992 5080 1101 5144 factunm
1123 5087 1150 5133 et
1201 5097 1261 5153 qum
1275 5094 1401 5149 perverse
1422 5075 1577 5145 loquuntur.
1600 5073 1638 5127 De
1659 5071 1757 5141 qrribus
1772 5067 1916 5122 Psalmista
1932 5066 1992 5118 ait:

360 5180 384 5237 in
411 5177 574 5235 malevolam
600 5176 718 5230 animam
738 5189 792 5228 non
814 5170 936 5226 introibit
961 5169 1103 5240 sapientia.
1128 5169 1151 5224 E
1204 5187 1214 5221 r
1233 5169 1315 5224 Labia
1331 5166 1421 5221 dolosa
1437 5165 1465 5219 in
1479 5163 1570 5225 corde,
1597 5169 1625 5216 et
1640 5160 1722 5214 corde
1735 5157 1816 5213 locuti
1828 5163 1891 5210 srvat
1905 5154 1995 5209 mala:

356 5271 500 5329 contrario
512 5278 602 5323 antem
618 5267 741 5321 homines
762 5263 872 5325 sensati,
889 5263 940 5316 lroe
959 5268 1011 5327 est,
1027 5261 1150 5315 hemines
1201 5260 1337 5331 disperdat
1351 5256 1479 5311 Dominus
1491 5255 1617 5309 universa
1634 5250 1703 5305 labia
1717 5247 1820 5312 dolosa,
1836 5254 1864 5302 et
1877 5245 1997 5315 lingnam

356 5363 488 5419 catiroliei
501 5370 529 5415 et
544 5357 709 5428 religiosi,iri
722 5356 833 5411 obviant
844 5353 962 5422 illi,qnia
976 5350 1148 5422 cogitatione,
1156 5350 1424 5445 &nragniloqnanu
1454 5345 1500 5415 qni
1533 5343 1680 5398 diverunt:
1712 5339 1846 5407 Linguam
1874 5342 1997 5391 nostrarn
2056 5341 2059 5348 ’

355 5468 499 5516 sermone,
513 5451 592 5507 sirnul
606 5458 633 5505 ct
645 5463 726 5518 opere
741 5448 838 5503 dirinm
851 5446 999 5500 decernunt
1011 5444 1150 5511 obtempe-
1169 5435 1174 5444 ‘
1201 5439 1444 5510 magnificabimus,
1470 5436 1539 5492 labia
1559 5441 1651 5489 nostra
1669 5429 1776 5487 anobis
1788 5436 1860 5493 sunt,
1876 5426 1937 5498 quis
1950 5440 1997 5479 no·

356 5543 581 5602 rarevoluntati.
607 5541 737 5610 Superius
760 5539 832 5593 enirn
857 5537 978 5600 dixerat,
1003 5533 1074 5604 quod
1104 5533 1149 5602 qui
1201 5526 1588 5600 sterbominusil'satxrilr
1618 5523 1687 5579 llinc
1699 5533 1725 5579 et
1737 5537 1785 5593 per
1797 5519 1942 5576 ieremiam
1957 5515 1997 5570 di·

354 5640 503 5696 continens
515 5633 715 5703 essetjnstitim,
725 5634 747 5687 is
756 5627 1148 5701 apprehenderetsapientiam,
1203 5625 1287 5679 citur:
1302 5621 1400 5676 «Falso
1413 5619 1550 5690 prophetae
1561 5617 1741 5673 vaticinantur
1753 5614 1780 5667 in
1792 5611 1901 5666 nomine
1917 5619 1992 5659 meo:

355 5742 383 5787 et
411 5730 537 5786 obviaret
551 5727 589 5782 illi
611 5727 687 5796 quasi
711 5732 798 5778 mater
823 5719 1014 5784 honorificata,
1038 5730 1066 5773 et
1079 5733 1150 5771 nnnc
1204 5733 1256 5770 non
1270 5715 1330 5769 naisi
1344 5729 1399 5775 eos,
1414 5720 1441 5767 et
1456 5726 1508 5765 noo
1520 5709 1636 5781 praecepi
1646 5708 1698 5772 eis,
1711 5718 1799 5774 neque
1816 5702 1919 5754 loeutus
1934 5709 1993 5748 sum

358 5821 426 5876 dicit
454 5828 593 5876 sensaturn
609 5817 744 5871 bominem
761 5815 872 5869 obviare
890 5811 976 5866 eidem
999 5808 1149 5877 sapientiae,
1174 5807 1238 5882 gad
1252 5821 1308 5860 eos.
1333 5803 1472 5858 visionem
1496 5801 1663 5863 mendacem,
1688 5803 1716 5851 et
1738 5788 1940 5849 adunationem,
1966 5788 1994 5837 et

361 5926 387 5970 ut
410 5911 597 5981 intelligamus
618 5909 736 5963 divinam
761 5906 887 5976 pietatem
911 5916 1019 5970 semper
1034 5914 1147 5968 pronam
1204 5896 1422 5958 fraudulentiam,
1436 5900 1463 5948 el
1481 5892 1663 5948 seductionem
1678 5884 1768 5943 cordis
1778 5879 1819 5936 sui
1831 5873 1997 5951 prophetati
2087 5900 2089 5904 ·

363 6022 420 6067 ease
447 6006 482 6064 ad
498 6000 722 6066 inisericordiam,
740 6007 766 6053 et
790 6003 884 6068 spnrntc
897 6008 973 6048 suain
994 5990 1149 6057 bortrinibus
1203 5986 1281 6042 vobis
1294 5983 1380 6055 (Hier.
1397 5981 1463 6052 arv).
