4709 6767
366 689 402 750 ιι
775 683 952 744 Εθιιιιιιιιτ.
971 683 1007 742 lli
1024 675 1148 743 smnus
1164 683 1199 740 lli
1219 685 1351 744 necuit.
1369 719 1402 730 -
1422 687 1457 743 th
1474 687 1538 745 tttt.
1555 687 1588 747 ll.
1966 696 2001 752 ιιι

365 803 440 862 licita
459 815 517 858 non
537 797 620 857 luerit
645 813 680 860 nc
697 772 823 856 laostibas
845 799 1017 863 subderetur,
1041 797 1105 868 qaia
1129 797 1156 853 in
1171 809 1236 873 pet
1251 801 1311 857 talit
1326 801 1395 858 Geth
1416 813 1443 860 ει
1456 802 1593 873 hliasejvts
1614 805 1647 861 de
1660 820 1741 862 manu
1768 821 1863 865 comm
1887 808 1915 881 (ι
1935 806 2001 869 Par.

367 905 445 954 tanta
463 893 647 951 mutabilitate
673 908 775 958 rerum,
795 893 860 948 nulli
887 892 1032 963 aliquando
1059 890 1159 962 populo
1211 892 1299 964 xvvtt).
1326 914 1336 946 t

366 999 497 1044 wneessa
516 993 562 1040 est
581 990 656 1041 uota
678 983 822 1048 securitas,
835 992 864 1038 ut
880 983 943 1039 huic
966 982 1026 1037 vite
1045 980 1160 1037 hostiles
1248 1001 1258 1035 ι
1281 985 1313 1039 Et
1328 986 1462 1056 percussit
1475 987 1563 1055 Moab,
1583 995 1610 1046 ct
1624 1003 1734 1046 mensus
1752 998 1795 1046 est
1808 1005 1856 1047 cos
1870 991 2001 1062 lunieule,

366 1095 421 1137 nun
434 1077 596 1134 formidaret
608 1076 744 1132 incursus.
769 1075 856 1131 Locris
870 1091 935 1146 ergo
949 1075 996 1146 qui
1020 1071 1159 1144 promitti·
1213 1091 1224 1125 ι
1245 1089 1389 1145 coaequans
1412 1088 1500 1143 tetrae.
1525 1079 1631 1135 hensas
1645 1090 1688 1137 est
1703 1090 1793 1137 aetem
1808 1081 1876 1139 duos
1890 1084 1999 1141 ltrrvicu-

365 1182 411 1229 tur
422 1181 480 1229 mm
490 1179 752 1244 pacatnacsecurae
767 1169 952 1231 habitationis,
973 1177 1092 1222 eternus
1104 1173 1157 1232 est,
1213 1181 1224 1215 ι
1245 1162 1306 1220 los:
1322 1179 1404 1220 unam
1421 1168 1454 1222 ad
1467 1167 1654 1234 occidendum,
1669 1177 1696 1225 et
1710 1185 1793 1225 unum
1812 1172 1845 1226 ad
1859 1172 2003 1230 vivillcan·

363 1265 530 1335 aternisque
543 1262 670 1326 debetur,
692 1260 720 1315 in
737 1268 824 1315 matre
837 1257 986 1314 Jerusalem
997 1257 1091 1323 libera,
1111 1256 1166 1315 ubi'
1213 1276 1223 1309 t
1246 1259 1319 1313 dum.
1336 1259 1489 1329 l'actasque
1506 1268 1548 1314 est
1562 1259 1640 1314 lloah
1656 1260 1740 1317 David
1755 1264 1877 1319 serviens
1889 1265 1940 1320 suh
1951 1266 2002 1320 tri-

362 1356 415 1411 crit
427 1356 565 1411 veraciter
576 1351 793 1426 popttluslsracl.
805 1349 862 1406 lloc
876 1351 948 1406 enim
963 1350 1157 1407 nomeninter·
1212 1349 1347 1409 theto.»
1378 1359 1431 1403 etc.
1446 1348 1523 1416 Quod
1547 1350 1678 1420 scriptum
1701 1352 1789 1406 estde
1812 1353 1935 1419 David«
1968 1354 2002 1408 Et

361 1453 489 1516 pretatur
502 1445 592 1502 ridens
613 1443 708 1498 Deam.
735 1440 818 1510 Caius
839 1441 946 1514 praemii
966 1441 1100 1496 desiderio
1111 1440 1156 1511 pia
1208 1440 1341 1513 percussit
1367 1439 1453 1504 blevah,
1476 1451 1504 1495 et
1529 1455 1639 1496 mensus
1661 1451 1703 1496 est
1730 1455 1778 1496 eos
1804 1442 1935 1508 laniculo,
1952 1459 2000 1499 co·

361 1550 412 1605 pet·
426 1533 510 1591 iidem
524 1532 619 1588 vitain
632 1533 685 1588 hae
702 1546 855 1588 aerumnosa
871 1530 1092 1604 peregrinatione
1105 1531 1157 1586 du·
1208 1545 1318 1602 :equam
1329 1539 1423 1596 terra,
1436 1551 1445 1583 v
1460 1530 1632 1602 hyperbolice
1647 1531 1726 1586 dehet
1738 1531 1833 1602 accipi.
1850 1531 1909 1586 Non
1924 1532 1997 1587 enim

359 1624 461 1682 centia.
1209 1621 1268 1679 lieri
1285 1629 1402 1693 poterat,
1418 1630 1448 1677 ut
1473 1621 1597 1676 homines
1613 1622 1640 1677 in
1668 1631 1740 1677 terra
1754 1623 1878 1679 viventes
1896 1625 1922 1679 in
1937 1632 1998 1680 tan·

400 1736 411 1770 r
432 1717 576 1788 Ingressus
588 1722 632 1770 est
646 1713 739 1784 itaque
754 1727 801 1767 rex
816 1709 912 1777 David,
931 1716 959 1765 et
973 1709 1045 1766 sedit
1064 1725 1156 1766 coram
1208 1719 1265 1766 tem
1283 1710 1503 1777 humiliarentur,
1520 1712 1605 1766 donee
1623 1712 1708 1783 ipsius
1723 1721 1802 1768 terne
1816 1713 1908 1779 dorse,
1927 1714 2000 1770 luni-

363 1830 374 1864 ι
394 1809 522 1872 Domino.
538 1816 566 1862 et
581 1806 671 1862 dixit:
690 1803 757 1874 Quis
775 1818 825 1876 ego
840 1819 911 1868 sam,
937 1803 1050 1859 Domine
1073 1803 1155 1869 Dens,
1207 1803 1269 1861 culo
1286 1813 1481 1875 superextenso
1501 1804 1704 1873 comprobante,
1733 1811 1895 1874 apparerent
1907 1820 1999 1873 aeqna-

362 1918 374 1953 r
397 1909 428 1956 et
450 1915 511 1970 qttae
531 1898 629 1954 domm
655 1911 727 1956 mea.
755 1895 818 1968 quia
838 1893 973 1950 adduxisti
990 1910 1033 1950 me
1046 1895 1099 1951 huc
1115 1910 1157 1950 us·
1206 1896 1266 1964 les;
1283 1898 1330 1952 scd
1350 1896 1511 1954 immensam
1522 1894 1736 1951 humiliationem
1749 1906 1835 1967 capta
1849 1904 1877 1951 ct
1889 1913 2000 1967 expres-

362 2012 373 2047 ι
396 1991 473 2062 que?
491 1989 544 2045 Sed
558 1989 651 2045 ethcc
666 2004 761 2058 parurn
782 1996 826 2062 est
844 1988 933 2042 visum
955 1986 983 2041 in
1010 1993 1169 2057 conspectu,
1207 1987 1345 2059 sugentis
1365 1987 1449 2042 voluit
1465 1985 1607 2057 Scriptura
1636 1987 1689 2041 hoc
1706 1988 1789 2043 rerho
1815 1989 1999 2055 accurtatlare,

360 2104 371 2136 r
394 2093 455 2150 tuo,
466 2082 582 2140 Domine
595 2079 678 2145 Deus,
692 2080 744 2136 nisi
765 2077 916 2149 loquereris
934 2078 1015 2133 etiam
1027 2078 1061 2133 de
1075 2077 1156 2132 domo
1206 2087 1236 2134 ut
1249 2079 1350 2135 diceret
1364 2087 1518 2150 coaequatos
1531 2094 1578 2134 ecs
1592 2088 1671 2134 terr-'e
1688 2095 1695 2133 :
1713 2081 1790 2149 quasi
1814 2079 1881 2136 adeo
1906 2087 1999 2136 essent

359 2193 370 2227 ι
396 2173 472 2229 servi
490 2171 529 2227 tui
545 2171 572 2226 in
593 2169 780 2243 longinquum.
794 2167 847 2224 lsta
860 2179 904 2224 est
915 2169 988 2224 enim
1001 2169 1044 2224 lex
1055 2167 1152 2235 hdattt',
1169 2169 1301 2230 Bevirati
1315 2178 1396 2241 atque
1409 2170 1568 2242 contempti,
1581 2177 1611 2227 ιιι
1639 2171 1665 2226 in
1679 2171 1753 2226 nullo
1779 2172 1896 2241 amplios
1911 2172 2001 2228 homi·

359 2284 371 2316 r
394 2263 513 2324 Domine
521 2263 601 2318 Deus.
629 2259 708 2334 vOEa
721 2259 857 2331 hebrae.)
872 2260 927 2316 lsta
941 2267 983 2315 cst
998 2259 1042 2316 lex
1057 2259 1153 2327 halant,
1206 2275 1255 2316 nes
1274 2261 1301 2316 in
1328 2269 1402 2318 terra
1429 2247 1569 2333 Degentes.
1584 2277 1664 2333 quam
1684 2270 1757 2317 terre
1781 2278 1812 2317 ca
1837 2277 1898 2332 qere
1910 2261 2001 2319 nullos

355 2352 477 2412 Domine
490 2351 632 2418 Deus,hcc
640 2359 692 2415 est,
701 2350 745 2406 lex
757 2348 875 2406 hominis
885 2353 937 2415 est,
948 2350 1061 2406 Domine
1071 2351 1154 2418 Deus,
1205 2352 1318 2408 haberet
1342 2351 1475 2417 homines,
1502 2360 1613 2422 possent
1639 2353 1738 2408 mlere.
1754 2351 1910 2421 anasmodi
1924 2352 2001 2409 locu·

355 2453 392 2501 ut
408 2443 461 2500 tibi
473 2444 501 2499 in
507 2441 683 2514 simplicitate
690 2441 789 2507 cerdis,
800 2448 826 2498 ct
839 2441 957 2513 puritate
967 2435 1078 2506 serviat,
1091 2450 1118 2496 ει
1126 2449 1154 2497 tu
1204 2445 1288 2503 tionis
1299 2446 1377 2518 plura
1392 2445 1477 2502 hahes
1487 2444 1608 2516 exempla
1625 2445 1651 2500 in
1666 2443 1827 2516 Scripturis,
1842 2444 1922 2515 quale
1933 2444 1998 2500 illud

354 2535 449 2590 facias
461 2530 795 2605 eijuxtamisericurdiam
808 2539 892 2598 tuam,
905 2531 1155 2606 sicutmlhidigna·
1204 2535 1342 2610 Evangelii
1361 2553 1368 2591 :
1387 2555 1396 2587 ι
1414 2535 1485 2591 Sunt
1513 2544 1604 2591 autent
1630 2543 1658 2590 et
1681 2535 1733 2589 alia
1759 2534 1843 2590 malta
1860 2551 1921 2607 quac
1934 2533 2000 2591 iecit

357 2635 405 2682 tas
418 2641 452 2682 es
466 2624 558 2682 lacere
571 2639 650 2680 serve
665 2632 721 2679 tuo.
732 2622 862 2696 Sequitur
874 2642 881 2679 :
1204 2628 1294 2695 lesus,
1310 2643 1370 2700 quse
1385 2627 1407 2683 si
1420 2627 1573 2683 serttaatar
1587 2641 1636 2697 per
1647 2626 1763 2698 singula,
1783 2641 1833 2682 acc
1854 2627 1941 2697 ipsum
1954 2641 1998 2681 ar·

398 2734 409 2766 t
430 2713 503 2782 Quid
512 2727 577 2784 erto
589 2711 690 2768 addere
702 2711 896 2783 poteritcdhuc
908 2711 1005 2780 David,
1017 2723 1048 2770 at
1059 2714 1154 2785 loqut-
1204 2721 1290 2778 bitror
1303 2719 1432 2777 mundum
1445 2734 1543 2791 capere
1557 2734 1604 2775 eos
1621 2720 1667 2790 qui
1684 2717 1818 2774 scribendi
1839 2725 1902 2772 sunt
1914 2716 1999 2772 lihros

358 2824 370 2858 ι
394 2814 443 2862 llll
462 2805 497 2860 ιιι
512 2804 556 2860 20?
579 2801 619 2859 ta
634 2803 708 2859 essim
733 2804 786 2860 ⁵0³⁸
801 2820 909 2860 sermm
930 2814 1018 2872 illum,
1041 2803 1154 2861 D⁰t¹¹i¹¹e
1205 2809 1297 2882 (loon.
1312 2808 1381 2884 xxi).
1407 2807 1574 2877 »Quomodo
1593 2809 1665 2864 enim
1691 2816 1800 2878 caperet
1824 2807 1941 2862 mundus
1966 2806 1999 2861 li-

357 2915 369 2949 ι
393 2897 478 2952 Deus.
500 2893 616 2965 Propter
634 2893 748 2950 verbum
772 2902 856 2958 tuum,
883 2904 912 2951 et
935 2897 1084 2953 seeundum
1107 2912 1154 2952 cot·
1204 2903 1279 2968 bros,
1295 2899 1341 2972 qai
1356 2900 1438 2956 scribi
1453 2899 1605 2972 potuissent
1617 2899 1645 2954 ia
1672 2899 1795 2954 matario?
1814 2897 1867 2953 Sed
1880 2899 1913 2953 ad
1932 2897 2000 2953 insi·

356 3007 370 3040 a
394 2997 473 3044 tuum
487 2984 576 3044 iecisti
592 2986 684 3042 omnia
698 2985 832 3058 magnalia
844 2988 914 3043 hae.
934 3007 943 3040 v
960 2986 1078 3060 Propter
1091 3005 1153 3044 rer·
1203 2989 1341 3046 nuandam
1367 2989 1583 3062 magnitudinem
1598 3003 1630 3044 ac
1656 2988 1857 3044 multitudinem
1886 3002 1997 3058 opereat

354 3081 425 3154 hum
436 3086 524 3144 hrum,
535 3078 608 3148 quod
617 3077 765 3149 promisisti
775 3074 924 3140 Abraham}
935 3079 1045 3135 lsaacet
1055 3075 1152 3146 Jacob,
1203 3079 1323 3145 Domini,
1338 3077 1385 3134 tali
1401 3079 1483 3136 verbo
1499 3077 1586 3133 voluit
1610 3076 1649 3131 uti
1666 3075 1817 3146 Scriptura.
1833 3075 1866 3131 Et
1880 3076 1908 3131 in
1922 3075 1998 3147 platt-

354 3169 449 3228 i'ccistl
466 3169 558 3226 omnia
572 3169 629 3224 btec
642 3168 708 3225 mihi
723 3184 803 3225 serto
819 3176 876 3223 tuo.
896 3167 973 3237 Quod
988 3171 1064 3236 dicit,
1083 3190 1092 3222 ι
1110 3186 1153 3226 sc·
1205 3178 1250 3227 ctu
1264 3168 1371 3225 David:
1394 3186 1403 3219 ι
1423 3167 1528 3238 aquilis
1541 3165 1700 3230 velociores,
1728 3166 1851 3223 leonibus
1870 3166 1997 3222 fortiores

354 3261 479 3318 cundum
494 3274 542 3316 cor
560 3268 636 3314 tuum
660 3258 856 3331 vintchigitur,
884 3262 1033 3318 secundum
1046 3261 1153 3319 miscri-
1204 3258 1247 3333 (ll
1262 3257 1326 3332 llep.
1343 3257 1374 3332 ι).
1393 3278 1402 3311 ι
1420 3257 1470 3315 Cui
1493 3257 1658 3313 simillimum
1675 3265 1717 3312 est
1750 3256 1817 3326 illud
1842 3255 1997 3313 ctsacula-

355 3352 481 3410 cordiam
503 3358 588 3408 tuam.
1202 3352 1273 3407 rium
1290 3351 1462 3407 litterarum:

396 3463 407 3497 ⁸
429 3442 498 3511 0⁰3³
514 3457 569 3513 {¹⁰¹¹
581 3450 622 3498 ⁰⁵¹
634 3441 730 3498 Similis
748 3441 800 3507 luis
822 3456 909 3513 n&llll
931 3442 1003 3497 enlm
1016 3450 1056 3500 ⁰⁸¹
1079 3442 1152 3500 ΒΜ
1264 3461 1309 3522 Qui
1319 3461 1423 3512 αιιιιοιε
1433 3461 1504 3512 alvea
1514 3463 1645 3523 anteirent,
1658 3459 1771 3510 camma
1782 3472 1860 3510 anns.

358 3545 473 3594 «extra
499 3545 527 3593 te
556 3537 585 3592 in
615 3536 743 3593 omnibus
773 3552 834 3606 quac
860 3536 1013 3592 audivimus
1039 3521 1188 3594 auribusC
1574 3521 1831 3586 (l'l‘l·‘fi''¹²’'¹¹·¹¹¹¹l

358 3627 508 3684 «nostris.
536 3647 547 3680 r
572 3627 631 3683 Nou
664 3635 730 3693 est,
756 3626 865 3696 inquit,
886 3626 957 3682 Deus
981 3625 1078 3684 similis
1103 3626 1153 3692 tui,
1205 3625 1386 3695 Qucdautcm
1400 3641 1509 3683 mensos
1532 3625 1714 3683 eoshtnicnlo
1740 3627 1818 3694 dixit,
1844 3625 1994 3683 funiculum

356 3720 407 3792 qui
433 3717 529 3776 iecerit
538 3718 672 3789 magnalia
684 3735 744 3791 quse
757 3720 909 3775 audivimas
921 3719 1032 3776 auribus
1042 3720 1153 3776 nostris.
1204 3717 1347 3789 allegorice
1372 3734 1422 3789 pro
1448 3727 1521 3774 sorte
1549 3719 1652 3788 posuit,
1672 3734 1706 3773 ex
1721 3718 1793 3788 quod
1818 3718 1937 3775 lvvaiculo
1952 3735 1997 3776 so·

396 3808 535 3865 «Alacie
545 3809 637 3880 populi
647 3809 697 3876 tui,
715 3825 796 3879 quem
808 3808 946 3866 redemisti
961 3809 1010 3865 tibi
1022 3825 1056 3864 ex
1069 3807 1155 3881 AEpg-
1205 3808 1277 3865 leant
1302 3825 1429 3882 agrorum
1455 3810 1541 3880 spatia
1560 3809 1660 3864 metiri.
1689 3808 1766 3866 Unde
1782 3810 1914 3880 scriptum
1929 3820 1994 3866 est:

361 3907 437 3972 epto
446 3909 554 3972 gentem
564 3909 593 3956 ει
602 3899 687 3956 Deum
701 3901 792 3970 ejus.»
808 3900 938 3956 ttebraeas
951 3900 1033 3956 hahet
1045 3918 1051 3953 :
1065 3899 1155 3956 Genti·
1208 3917 1218 3950 r
1236 3899 1270 3954 Et
1281 3910 1356 3956 sorte
1369 3901 1459 3957 divisit
1473 3900 1513 3956 cis
1527 3909 1628 3956 terram
1656 3900 1683 3954 in
1699 3899 1817 3954 ltrnicalo
1831 3901 1999 3957 alistrihatic-

358 3993 410 4050 lna
430 4003 455 4050 st
466 3994 519 4050 diis
534 4011 634 4049 aarum.
648 3994 682 4049 Et
693 4002 735 4050 cst
749 4009 847 4051 sensus
860 4012 867 4049 ε
880 3993 904 4048 Α
915 3989 985 4050 facie
997 3994 1090 4066 pupuli
1101 3993 1151 4052 tui,
1204 3989 1247 4046 uis
1259 3989 1345 4062 (Ptol.
1360 3990 1473 4063 nxrvtt).
1493 4011 1503 4043 t
1520 3989 1663 4063 Significat
1688 4000 1780 4046 autem
1806 3993 1878 4062 quod
1894 4001 1950 4047 tam
1966 3991 1998 4048 li-

358 4097 444 4154 quem
467 4082 605 4140 redemisti
621 4082 669 4138 tibi
692 4098 727 4138 ex
741 4082 869 4155 AEgpptc,
898 4083 931 4139 de
945 4098 1026 4138 manu
1051 4083 1155 4139 scilicet
1204 4082 1269 4138 hera
1282 4082 1458 4152 dispositione
1473 4082 1559 4138 David
1583 4082 1708 4150 regiones
1722 4080 1900 4137 Moabitarum
1915 4081 1998 4137 here-

358 4173 562 4246 AEgypstcrum,
590 4190 658 4246 quos
673 4174 886 4231 inmariRuhro
896 4175 1058 4248 peremisti;
1080 4174 1154 4232 etde
1205 4170 1283 4226 dibus
1296 4170 1395 4240 quibus
1417 4170 1499 4225 vellet
1526 4168 1670 4234 divideret,
1700 4185 1781 4239 quam
1808 4169 1830 4224 si
1857 4184 1998 4238 possessor

358 4266 416 4322 diis
426 4280 533 4331 corum,
548 4265 577 4325 itt
592 4265 690 4335 quihus
713 4263 814 4335 judicia
827 4265 928 4322 iecisti.
1205 4261 1317 4334 quilibet
1329 4277 1408 4334 agros
1422 4263 1548 4333 proprios
1574 4262 1608 4317 ad
1624 4269 1719 4318 nutum
1731 4277 1809 4317 saum
1836 4261 1918 4318 ducto
1933 4261 1998 4319 hinc

397 4377 409 4411 r
430 4357 500 4425 Quia
515 4365 554 4424 tu,
567 4357 680 4414 Dentine
692 4359 869 4421 exercituum,
884 4359 956 4414 Deus
969 4357 1065 4425 lsrael,
1077 4373 1155 4418 reve-
1205 4351 1268 4410 inde
1279 4350 1399 4410 funiculo
1419 4353 1569 4407 dirimeret.
1587 4370 1597 4404 ι
1626 4352 1735 4408 llcnsus
1755 4360 1798 4407 est
1814 4360 1904 4407 autem
1930 4353 1998 4409 duos

360 4467 372 4501 r
394 4446 459 4502 lati
474 4461 568 4501 aurern
579 4446 717 4522 servitui,
743 4446 857 4502 dicens:
873 4448 988 4504 Domum
1015 4448 1154 4505 aedificabo
1205 4443 1350 4511 funiculos,
1371 4460 1454 4501 unum
1469 4443 1503 4499 ad
1527 4444 1719 4510 occidendum,
1736 4452 1763 4500 ct
1776 4460 1860 4500 unum
1880 4445 1913 4499 ad
1927 4445 1998 4500 rivi·

361 4535 457 4592 etibi.
484 4534 598 4611 Propter
612 4537 664 4592 boc
677 4536 780 4592 invenit
791 4551 888 4593 servus
916 4546 978 4594 tuus
999 4553 1150 4605 corsuum,
1205 4538 1380 4610 licendum.»
1410 4538 1446 4593 Et
1461 4536 1513 4593 hoc
1528 4535 1673 4608 allegorice
1697 4538 1800 4594 dictum
1829 4535 1998 4607 significans,

361 4645 372 4679 ι
393 4635 425 4682 ιιι
437 4635 530 4682 oraret
544 4635 570 4682 te
585 4627 718 4691 oratione,
736 4646 745 4677 t
764 4635 817 4682 etc.
833 4626 933 4683 harem
947 4628 1006 4698 ejus
1021 4630 1153 4686 Dominus
1206 4630 1277 4701 quod
1292 4629 1319 4684 in
1344 4627 1394 4685 'sua
1409 4626 1494 4684 David
1513 4637 1651 4700 potestate
1664 4629 1802 4694 hahuerit,
1819 4629 1891 4684 nullo
1903 4629 1999 4700 ntique

358 4733 412 4790 per
423 4719 583 4789 prophetam
598 4717 775 4783 revelaverat,
789 4732 819 4773 sc
830 4716 866 4772 illi
883 4717 992 4773 domum
1005 4720 1154 4776 ccdilicatu-
1206 4717 1420 4784 contradicente,
1434 4731 1502 4789 quos
1518 4733 1613 4774 eorum
1632 4718 1693 4774 neci
1714 4719 1792 4774 daret
1809 4726 1996 4786 contumaces,

359 4821 424 4864 rum
437 4806 558 4864 :idcirco
570 4806 655 4862 David
675 4807 810 4862 invenisse
823 4821 852 4862 se
872 4807 997 4863 dicitccr
1011 4824 1100 4875 suum,
1126 4808 1154 4865 ld
1206 4810 1304 4882 quihus
1319 4819 1443 4881 parceret
1456 4810 1597 4883 sublectis.
1615 4811 1693 4881 Quod
1706 4820 1798 4868 autern
1810 4812 1894 4868 David
1906 4812 1995 4879 diceb,

359 4903 415 4962 est,
429 4895 533 4952 invenit
555 4894 696 4952 audaciam
720 4896 749 4950 in
763 4897 844 4952 corde
859 4912 919 4962 suo.
941 4904 971 4953 ut
983 4907 1076 4955 oraret
1091 4913 1153 4955 eum
1166 4861 1193 4922 D
1206 4900 1251 4970 qui
1265 4899 1461 4972 interpretatur
1482 4901 1514 4957 de
1527 4911 1613 4972 patre,
1640 4909 1668 4958 ει
1693 4901 1801 4974 Syriam
1830 4904 1954 4959 Damasci
1969 4911 1997 4959 et

360 4985 487 5042 emtione
498 4986 560 5041 hac.
1206 4997 1319 5045 caeteras
1329 4989 1455 5062 regiones
1468 4989 1565 5046 ditioni
1582 5007 1637 5047 suae
1648 4992 1806 5065 subjugans,
1832 4991 1896 5048 lecit
1911 4993 1997 5049 triha-

664 5053 779 5111 CAPUT
798 5053 864 5111 Vm·
1205 5080 1289 5135 tarias
1301 5095 1373 5148 esse,
1387 5081 1500 5153 mystice
1514 5082 1649 5153 significat
1673 5084 1746 5154 quod
1761 5081 1887 5139 Christus
1900 5100 1998 5141 omnes

362 5143 502 5268 „39⁸9”
520 5141 606 5226 ⁰3¹⁹&
624 5151 715 5242 “ms‘'
731 5141 908 5227 Ριῑῧιζιωι
920 5152 946 5199 0¹
964 5146 1034 5217 ‘lm
1052 5146 1155 5202 Ml·
1205 5175 1300 5239 gentes
1324 5169 1375 5223 suh
1403 5183 1452 5224 sua
1478 5169 1664 5225 dominatione
1685 5181 1789 5236 tenens,
1805 5169 1871 5226 iacit
1883 5186 1997 5242 pensum

410 5221 593 5284 caperratum
604 5225 709 5268 metreta
719 5222 757 5268 ert
769 5213 900 5283 funiculo,
912 5231 1052 5286 coaptum
1063 5228 1150 5272 terre.
1597 5245 1600 5250 ·

400 5282 511 5338 Necnon
525 5284 595 5366 qnod
608 5281 699 5406 ⁰{pror
713 5286 882 5354 percurritis
896 5284 964 5340 celle
984 5285 1151 5355 Salinarum,
1204 5259 1342 5362 ΜΨ
1357 5259 1480 5361 feddem’
1503 5260 1566 5363 ‘¹9¹¹'
1582 5261 1693 5332 ⁵³¹¹ss¹¹¹ae
1706 5277 1820 5332 quaequ‘
1832 5264 1956 5321 ”afim
1969 5265 1997 5321 ¹¹¹

399 5363 424 5409 et
437 5353 471 5407 dc
487 5351 551 5423 filia
565 5352 606 5406 Da
627 5353 632 5364 '
661 5354 852 5408 sacerdotibus.
1206 5363 1324 5405 nomvms
1343 5364 1402 5419 epus
1416 5350 1587 5407 confessione
1600 5352 1737 5419 adunatae,
1762 5355 1858 5410 devote
1886 5370 1997 5412 sensum

400 5440 477 5514 (Gne.
496 5443 568 5513 vrri.)
586 5461 596 5495 ι
617 5442 876 5500 Factamestaatem
890 5445 1031 5516 posthae,
1045 5463 1153 5519 percas.
1204 5441 1337 5497 bonorum
1362 5457 1474 5512 operum
1502 5442 1540 5497 illi
1564 5442 1718 5499 exsolvunt.
1748 5444 1897 5502 Damascus
1922 5447 1997 5502 enim

363 5530 401 5590 att
412 5531 499 5587 havit
512 5530 687 5597 Phtttstttttm
698 5541 725 5588 et
736 5535 891 5591 tramittam
905 5552 952 5594 eos
964 5555 971 5590 :
983 5545 1011 5592 et
1027 5537 1088 5593 ιιιιι
1102 5539 1154 5594 tta-
1205 5531 1304 5589 nobilis
1316 5541 1358 5588 est
1384 5534 1448 5589 urbs
1464 5533 1602 5591 Phoenicis
1628 5535 1722 5591 colem
1737 5538 1879 5602 vocabulo
1902 5554 1956 5609 etto
1970 5549 1998 5592 ct

363 5618 631 5676 vidirenumtrihuti
644 5622 678 5677 de
698 5639 780 5678 ntanu
794 5622 968 5695 Philisthiim,
987 5646 996 5679 v
1013 5636 1066 5684 etc.
1082 5627 1152 5685 Fre·
1205 5627 1294 5686 hlascc
1321 5630 1426 5685 ancillae
1450 5629 1588 5686 Abraham
1610 5631 1682 5686 hlius
1712 5631 1862 5702 appellatus
1886 5643 1947 5698 est;
1969 5641 1997 5686 ct

363 5727 431 5768 nutu
443 5710 537 5766 tributi
549 5711 667 5782 quinquie
681 5720 758 5768 erant
772 5713 896 5772 civitates
911 5715 1152 5786 Philisthinorum:
1207 5719 1356 5778 Damascus
1372 5721 1566 5791 interpretatur
1590 5722 1726 5794 sanguinis
1750 5721 1872 5792 perulam
1890 5710 1900 5786 ',·
1917 5720 1996 5791 Syria

364 5799 427 5874 quai
450 5799 607 5871 frequenter
621 5802 703 5860 lsrael
726 5805 778 5861 sibi
806 5809 978 5865 tributarium
1004 5810 1154 5880 iaciebant,
1207 5812 1478 5884 vercintcrpretatur
1496 5812 1627 5878 sublimia,
1654 5813 1711 5868 sive
1735 5814 1865 5867 haerecta.
1881 5811 1997 5866 Etbcne

364 5907 436 5964 lllm
446 5891 487 5949 03³
502 5893 564 5950 1¹¹¹st
578 5894 674 5959 David.
689 5903 716 5951 ct
731 5897 883 5955 humiliarit
894 5915 952 5966 eos,
971 5902 1090 5975 lecitque
1103 5904 1155 5960 sibi
1208 5918 1268 5974 quae
1280 5905 1356 5975 prius
1368 5903 1493 5961 humecta
1519 5904 1641 5970 libidine,
1664 5905 1779 5976 superba
1808 5902 1916 5973 spirita,
1932 5918 2013 5964 εει,

365 5983 535 6041 tributarius.
571 5984 647 6043 Unde
674 5997 701 6042 et
725 5989 752 6044 in
775 5989 1000 6062 Paralipomenon
1025 5994 1153 6066 legitur:
1208 5993 1315 6066 gainem
1341 5993 1489 6049 humanam
1516 5992 1742 6065 inexplicabiliter
1769 5992 1892 6047 sitiebat.
1925 6005 1997 6046 tturrc

368 6092 378 6124 ι
402 6073 539 6132 Percussit
559 6076 644 6135 David
669 6077 843 6148 Ptatttsthttm
861 6090 889 6138 ει
909 6083 1062 6142 humiliarit
1086 6101 1154 6152 eos;
1209 6085 1337 6141 mandata
1351 6085 1512 6156 baptismate
1533 6085 1642 6152 Christi,
1658 6084 1780 6141 sublimis
1804 6089 1924 6157 proiectu
1940 6085 1996 6143 rir-
