4709 6767
377 541 425 597 921
804 536 979 594 colluunt.
999 536 1032 591 th·
1051 535 1354 593 aeclesiasticum
1375 568 1409 578 -
1428 537 1493 593 tta.
1514 538 1545 593 V.

1950 550 2003 599 aa

376 672 434 712 ram
457 655 513 711 sule
528 653 641 724 justitie
655 654 721 708 nihil
742 654 825 709 latero
843 664 936 725 potest
951 673 958 708 ε
976 668 1072 708 omnes
1092 652 1164 707 enim
1179 656 1204 714 Α
1217 656 1265 719 uit,
1280 665 1307 710 ει
1321 672 1393 710 rcarn
1408 672 1441 712 er
1455 657 1529 712 omni
1542 666 1619 727 parte
1634 657 1706 712 lecit.
1721 678 1731 710 i
1751 633 1827 716 Unde
1837 662 1901 717 dicit
1914 632 2001 732 primo

375 751 427 806 riae
446 748 584 804 bantinum
607 756 700 818 patent
722 747 806 803 oculis
827 748 885 804 θεῖ.
915 747 1081 803 rCoelorum'
1105 749 1162 817 ipse

375 840 497 896 continet
511 838 648 903 thronum,
662 847 689 892 et
703 837 829 909 abyssum
852 837 973 892 intuetur
988 834 1078 908 (l'roa.
1093 834 1159 907 tur).

375 928 479 986 Coelum
499 928 589 999 palmo
601 928 722 991 metitur,
737 936 764 982 et
779 936 878 982 terram
894 927 994 998 pugillo
1011 926 1160 981 concludit:

375 1022 433 1092 ipse
466 1020 542 1075 nouit
568 1019 744 1091 cogitationes
767 1016 905 1072 hominum
932 1017 1059 1087 quoniam
1086 1031 1161 1072 uanae

374 1120 448 1177 sant,
461 1120 488 1167 ει
512 1110 678 1181 singulorum
702 1107 880 1180 cogitationes
899 1105 1023 1178 intelligit
1036 1105 1158 1176 alonge:

374 1203 456 1258 homo
479 1201 552 1258 enim
576 1201 648 1256 uidet
675 1200 703 1255 in
727 1200 811 1265 lacie,
835 1200 905 1253 licus
928 1206 1017 1252 autem
1041 1197 1161 1252 intuetur

372 1310 422 1350 cor
436 1292 504 1367 (Ira.
521 1290 578 1365 xc).
1020 1339 1028 1365 a

682 1381 796 1438 curua
814 1381 859 1435 xi.
1019 1359 1027 1383 ‘

371 1474 539 1547 Prospicicna
555 1474 643 1529 omnia
656 1474 784 1545 sapientia
801 1472 924 1542 loquitar,
935 1473 997 1543 qaia
1011 1489 1098 1526 omues
1111 1472 1158 1527 rica

408 1545 535 1613 lamentis,
549 1542 685 1615 loquentia,
702 1543 847 1613 cogitantis,
863 1542 971 1612 cognite
985 1551 1044 1596 aunt
1056 1542 1121 1596 Deo.

410 1674 419 1706 r
441 1654 555 1710 homino
571 1654 642 1710 enim
655 1655 710 1709 θεο
725 1657 869 1722 autequam
882 1659 1051 1717 crearentur,
1065 1653 1155 1707 omnia

371 1766 382 1799 r
406 1754 470 1801 sunt
480 1747 580 1818 agnita:
590 1745 629 1800 sic
641 1753 668 1800 et
680 1751 740 1815 post
751 1743 899 1813 perlectum
913 1742 1024 1812 respicit
1036 1742 1152 1796 omnia.»

368 1836 468 1892 Notum
483 1846 525 1892 εει
537 1836 592 1891 θεο
609 1838 642 1891 ab
666 1836 742 1890 initio
758 1850 825 1905 opus
841 1834 910 1905 ejus,
930 1849 980 1889 nee
995 1832 1095 1904 aliquid
1110 1848 1156 1888 rto

367 1942 432 1981 uum
449 1927 473 1981 ei
488 1927 612 1982 accidere
625 1933 725 1996 potest,
738 1926 799 1996 utria
813 1933 876 1979 ante
889 1925 980 1979 omnia
994 1923 1153 1993 praesciebat

1214 743 1286 798 illam
1306 745 1460 816 deliquisse,
1478 762 1511 802 eo
1525 747 1596 817 quod
1621 748 1670 818 legi
1684 748 1815 804 ditissimi
1837 751 2002 809 incredibilis

1213 833 1274 900 tuit,
1298 837 1405 906 quando
1427 846 1581 892 sanctorum
1604 837 1714 893 Patrum
1740 840 1820 895 lldcm
1834 850 1862 896 et
1877 843 2000 899 traditio-

1213 940 1275 979 nem
1297 926 1324 980 in
1345 927 1430 982 saeris
1444 926 1593 997 Scripturis
1610 929 1686 998 sequi
1711 929 1805 985 noluit.
1821 931 1945 987 Secunm
1957 932 1999 987 vi-

1213 1031 1274 1069 rum
1299 1032 1376 1071 saum
1402 1017 1556 1087 dereliquit,
1570 1018 1632 1087 quia
1656 1019 1816 1074 charitatem
1830 1022 1876 1075 θεί
1894 1030 1922 1077 et
1934 1037 1998 1092 pro-

1212 1102 1276 1158 ximi
1295 1103 1395 1160 habere
1413 1106 1544 1176 despexit.
1562 1107 1653 1162 Tertio
1678 1109 1704 1163 in
1720 1110 1853 1167 adulterio
1867 1109 1998 1168 fornicata

1212 1209 1261 1266 εει,
1278 1203 1385 1271 quando
1409 1202 1510 1258 loedcre
1531 1205 1687 1275 turpissimo
1713 1219 1762 1269 per
1776 1220 1897 1260 ermrem
1924 1221 1995 1262 asso·

1211 1290 1282 1345 ciata
1304 1301 1345 1347 εει
1367 1294 1494 1359 diabolo,
1517 1310 1532 1348 a
1557 1310 1610 1364 qam
1633 1294 1703 1350 lilios
1729 1295 1860 1366 ignobiles
1881 1297 1997 1367 accepit,

1210 1384 1406 1452 quarrdoprava
1418 1384 1542 1453 dogmata
1555 1396 1581 1440 et
1592 1400 1717 1456 peruersa
1727 1401 1808 1455 opera
1816 1387 1874 1457 rjus
1882 1386 1998 1458 maligno

1211 1471 1336 1525 instinctu
1351 1474 1504 1543 generarit:
1515 1476 1572 1529 haec
1585 1476 1612 1528 iu
1624 1474 1743 1531 Ecclesia
1756 1477 1913 1542 adducetur,
1928 1487 1956 1532 ct
1968 1478 1997 1532 in

1210 1558 1348 1628 tiliosejus
1361 1563 1529 1632 respicietur,
1545 1579 1605 1619 cum
1626 1564 1684 1634 ejas
1708 1566 1872 1637 peruersitas
1896 1566 1996 1637 ubique
2080 1584 2082 1587 ⁴

1209 1650 1235 1705 in
1250 1662 1381 1707 conventu
1396 1652 1513 1709 ildelium
1527 1671 1577 1725 per
1589 1665 1742 1712 sanctorum
1756 1657 1896 1712 doctorum
1911 1657 1996 1713 soler·

1208 1740 1274 1795 tiam
1288 1740 1453 1808 declaratur,
1468 1751 1495 1798 ct
1512 1746 1634 1800 doctrina
1649 1746 1707 1816 ejus
1721 1746 1820 1816 ubique
1842 1748 1995 1812 damnatur,

1207 1846 1257 1886 nec
1278 1843 1350 1890 secta
1376 1834 1458 1901 illius,
1480 1838 1544 1906 quia
1566 1836 1770 1893 fundamentum
1792 1840 1916 1895 veritatis
1942 1857 1995 1896 non

1208 1921 1296 1985 hahet,
1313 1934 1531 1992 perseuerantem
1546 1926 1677 1981 bonorum
1691 1942 1802 1997 operum
1820 1927 1937 1984 [ructum
1956 1931 1996 2003 gi-

369 2025 502 2088 tempora,
527 2032 586 2086 qtrae
606 2016 632 2069 in
650 2024 770 2085 ternpore
795 2013 880 2068 uoluit
895 2011 984 2068 iacere
1004 2028 1102 2082 opera;
1129 2022 1156 2067 et
1170 1994 1194 2052 B
1207 2028 1290 2083 gnere
1311 2014 1448 2084 praevalet,
1473 2017 1520 2071 sed
1543 2018 1747 2087 ignominiosam
1760 2021 1918 2078 memoriam
1935 2032 1996 2094 post

366 2107 669 2181 postperieetumopus
692 2106 756 2161 nihil
779 2106 818 2159 illi
840 2103 927 2160 deluit
944 2111 990 2158 aut
1014 2103 1155 2173 praeteriit,
1206 2115 1236 2156 se
1259 2101 1415 2172 relinquens
1450 2104 1610 2178 cofrrsione
1644 2117 1773 2178 perpetua
1805 2112 1993 2168 contundetur.

366 2200 430 2269 qrria
452 2213 538 2269 nequae
551 2198 717 2268 praeteritum
741 2210 829 2265 ireque
851 2192 972 2249 laturum
994 2193 1095 2263 aliquid
1119 2192 1154 2247 illi
1206 2188 1283 2245 Unde
1295 2199 1323 2245 et
1335 2191 1429 2247 lideles
1451 2193 1552 2263 quique
1574 2195 1633 2265 ejus
1654 2197 1854 2254 damnationem
1877 2201 1994 2257 laturam

364 2300 417 2355 est,
446 2290 493 2345 sed
519 2290 607 2344 onmia
632 2285 837 2358 praesentialiter
859 2300 952 2339 coram
973 2297 1005 2338 ‘eo
1030 2293 1101 2339 sant.
1127 2283 1154 2339 ln
1204 2289 1383 2347 agnoscentes
1406 2293 1536 2352 spernunt
1559 2284 1617 2352 ejus
1638 2287 1813 2354 societatem,
1839 2297 1867 2344 ct
1893 2289 1996 2361 eligunt

364 2382 550 2452 omnipotente
570 2380 642 2434 euim
657 2379 712 2433 lico
729 2393 760 2432 ca
774 2392 835 2446 qum
855 2385 980 2431 secutura
1003 2383 1066 2430 suan
1087 2375 1155 2430 tem·
1204 2368 1343 2425 tatltolicae
1367 2370 1430 2427 fidei
1443 2380 1536 2428 waere
1561 2374 1588 2428 in
1612 2377 1737 2431 omnibus
1759 2376 1925 2435 firmitatem.
1949 2380 1995 2438 sie

363 2486 444 2542 pora,
458 2470 601 2540 praesentia
625 2483 731 2538 scruper
751 2467 912 2530 consistunt,
934 2466 976 2520 cui
1001 2480 1050 2520 uec
1063 2464 1152 2519 latura
1203 2461 1277 2516 cuim
1294 2463 1440 2531 sequitur:

365 2561 489 2623 ueniunt,
504 2574 554 2614 nec
567 2558 703 2629 praeterita
727 2557 879 2621 discedunt,
894 2556 940 2610 sed
952 2565 1049 2611 cuncta
1070 2557 1150 2612 simul
1240 2555 1301 2609 ulit
1314 2566 1460 2627 agnoscent
1475 2558 1520 2627 qui
1540 2559 1659 2614 derelicti
1679 2568 1755 2624 sunt,
1777 2561 1904 2630 quioniam
1924 2563 1990 2617 nihil

364 2659 428 2707 ante
440 2648 498 2718 ejus
511 2650 604 2705 oculos
625 2649 772 2714 assistunt;
794 2646 878 2702 luisse
893 2646 935 2701 tel
958 2645 1077 2700 laturum
1092 2661 1153 2703 esse
1205 2662 1215 2697 ι
1235 2645 1331 2702 melius
1346 2662 1426 2715 quiam
1442 2648 1522 2702 timor
1536 2650 1595 2713 Uei,
1609 2656 1636 2704 et
1649 2651 1714 2704 nihil
1729 2650 1834 2706 dulcius
1848 2667 1928 2722 quarn
1945 2669 1989 2707 re·

362 2743 502 2798 aeternitas
524 2754 578 2795 non
600 2740 700 2793 hahet:
720 2739 762 2793 cui
790 2735 917 2791 nimirum
944 2751 994 2791 nec
1014 2737 1151 2805 praeterita
1205 2757 1215 2790 r
1234 2740 1339 2808 spicere
1351 2740 1378 2794 in
1394 2739 1528 2796 mandatis
1543 2743 1658 2799 Uonririi.
1674 2744 1765 2800 Gloria
1783 2762 1878 2819 magna
1894 2757 1936 2802 est
1950 2764 1991 2803 se·

362 2838 515 2894 transcunt,
532 2846 619 2900 neque
643 2828 731 2884 lutura
755 2827 958 2898 superueniunt,
980 2827 1026 2898 qui
1052 2833 1150 2882 cuncta
1204 2831 1279 2901 «qui
1299 2832 1383 2886 θειιηι
1401 2850 1407 2885 :
1424 2830 1563 2902 iongitudo
1577 2835 1649 2889 enirn
1669 2835 1773 2890 dicrum
1792 2848 1944 2891 assumetur
1958 2838 1991 2892 ab

362 2937 483 2995 praesens
496 2921 580 2976 uidet.
1204 2938 1214 2971 r
1235 2935 1277 2975 eo.
1296 2940 1306 2974 n
1321 2920 1392 2975 Nihil
1404 2922 1477 2976 euim
1492 2922 1588 2979 melius
1599 2923 1707 2994 proficit
1717 2927 1818 2982 homini
1832 2928 1864 2982 ad
1878 2927 1991 2982 salutem

396 3030 406 3063 r
430 3010 480 3067 liic
503 3012 529 3066 in
554 3009 650 3080 plateis
670 3007 788 3064 ciuitatis
809 3006 1001 3073 vindicabitur,
1025 3014 1052 3060 et
1073 3006 1149 3076 mansi
1200 3018 1356 3079 perpetuam
1372 3012 1592 3079 promerendam,
1610 3028 1690 3083 quam
1704 3016 1786 3070 timor
1803 3017 1868 3082 Dei;
1883 3024 1911 3071 ει
1925 3017 1990 3070 nihil

365 3121 375 3154 r
398 3101 487 3173 pullus
500 3101 613 3170 eqrrinus
629 3099 778 3170 fugabitur;
794 3107 821 3154 et
835 3100 879 3152 uhi
894 3114 946 3154 non
958 3098 1087 3168 sperauit,
1103 3112 1151 3169 ap-
1200 3100 1321 3163 dulcius,
1336 3116 1417 3169 quam
1438 3102 1573 3171 respicere
1592 3104 1618 3158 in
1639 3104 1772 3161 mandatis
1786 3107 1856 3177 ejus.
1872 3106 1948 3163 Unde
1962 3115 1990 3161 et

363 3213 373 3247 r
395 3192 585 3264 prehendatur.
612 3191 645 3246 Et
668 3190 720 3245 erit
733 3189 849 3246 dedecus
872 3188 1009 3253 omnibus,
1031 3187 1149 3257 eoquod
1200 3191 1342 3248 Psalnristu
1359 3192 1420 3246 ait:
1437 3192 1546 3260 ‹eram
1560 3194 1647 3249 dulcia
1662 3195 1786 3251 lancibus
1800 3196 1867 3251 nucis
1881 3196 1988 3266 eloquia

364 3301 374 3334 r
396 3298 452 3337 non
468 3281 630 3337 intellexerit
653 3281 777 3335 timorem
792 3279 879 3334 lici.»
903 3278 941 3333 θε
957 3294 989 3334 eo
1002 3292 1148 3349 quosupe-
1201 3293 1258 3348 tua,
1280 3282 1394 3339 Domine
1415 3301 1422 3338 :
1445 3300 1527 3354 super
1545 3285 1596 3339 mcl
1618 3294 1645 3340 et
1666 3284 1816 3342 larameri
1839 3303 1908 3343 meo.
1931 3288 1991 3343 »Et

324 3408 328 3417 -
360 3374 429 3438 tiras,
445 3373 496 3428 hoe
509 3381 561 3437 est,
574 3371 695 3426 adultero
708 3379 736 3426 et
750 3370 892 3426 libidinoso
907 3369 983 3434 dicit,
1000 3369 1046 3438 qui
1069 3367 1266 3431 infre-Citam
1284 3390 1290 3426 :
1308 3389 1318 3424 ι
1336 3373 1409 3438 ldeo,
1427 3374 1525 3443 iniquit,
1540 3375 1622 3430 dilexi
1638 3378 1765 3431 mandata
1781 3385 1825 3432 tua
1841 3392 1922 3447 super
1938 3393 1988 3432 au·
2050 3442 2052 3444 ,

360 3464 404 3518 nis
418 3463 494 3533 quasi
508 3476 593 3532 equus
605 3468 633 3515 et
646 3458 732 3515 mulus
749 3460 887 3514 insaniens
902 3460 936 3513 ad
952 3458 1091 3514 libidinem
1107 3458 1148 3512 la·
1199 3476 1259 3515 nrm
1278 3471 1305 3517 et
1325 3464 1449 3533 topazion
1467 3462 1558 3535 (Paul.
1569 3467 1680 3539 enarra).
1702 3486 1712 3519 i
1731 3466 1822 3522 Gloria
1837 3484 1933 3539 magna
1947 3478 1989 3524 est

360 3550 498 3606 seu-tendo
513 3549 647 3612 discurrit,
664 3555 691 3603 et
706 3547 732 3602 in
749 3547 846 3618 platea,
867 3547 919 3602 hcc
934 3555 987 3612 est,
1003 3546 1030 3600 in
1055 3546 1108 3601 lata
1121 3554 1149 3601 et
1199 3550 1273 3618 sequi
1287 3550 1371 3604 licum
1389 3569 1395 3604 :
1411 3553 1539 3621 anartium
1552 3554 1597 3623 qui
1612 3555 1639 3609 in
1652 3554 1711 3611 lure
1728 3555 1858 3621 ambulat,
1877 3574 1929 3611 uon
1945 3557 1987 3614 ol-

359 3641 480 3710 spatiosa
499 3640 543 3694 uia
557 3654 616 3708 quar
630 3638 704 3693 ducit
726 3638 760 3691 ad
777 3644 892 3691 mortem
917 3645 1046 3691 moratur.
1073 3636 1149 3692 Unde
1199 3637 1294 3692 tendit.
1316 3638 1391 3695 Unde
1409 3640 1468 3710 ipsa
1486 3642 1593 3698 Ueritas
1609 3642 1648 3698 ait
1669 3663 1676 3699 :
1700 3664 1710 3697 r
1727 3646 1777 3713 Qui
1793 3648 1916 3716 requitur
1933 3663 1986 3713 me,

358 3732 406 3787 uhi
422 3732 570 3801 decipulam
587 3749 641 3788 non
654 3740 771 3795 veretur,
792 3731 916 3799 laqueum
939 3730 1098 3799 perditionis
1111 3730 1150 3784 in·
1199 3746 1253 3785 non
1265 3731 1385 3787 ambulat
1399 3733 1426 3787 in
1439 3734 1573 3798 tenebris,
1589 3736 1635 3790 sed
1656 3736 1765 3790 habebit
1779 3736 1868 3792 lumen
1883 3739 1954 3792 vitai.
1975 3759 1984 3791 ε

357 3824 465 3889 uerriet3
489 3831 517 3878 et
533 3823 595 3893 quia
617 3824 740 3878 timorem
754 3822 800 3876 ilci
820 3821 920 3876 hahere
942 3820 1070 3891 neglexit,
1090 3834 1149 3875 sor·
1198 3820 1247 3875 Cui
1260 3822 1340 3876 etiam
1362 3823 1501 3894 longitudo
1518 3826 1622 3880 dierum
1643 3828 1731 3892 datur,
1750 3828 1812 3897 quia
1831 3831 1987 3898 perennitas

358 3914 439 3968 dihus
452 3914 576 3968 vitiorum
596 3914 713 3984 pollutus
726 3928 816 3968 coram
840 3912 926 3967 oeulis
946 3920 1102 3967 sauctorum
1120 3913 1146 3967 in
1199 3910 1225 3965 in
1239 3921 1340 3967 aeterna
1354 3913 1520 3969 beatitudine
1536 3915 1572 3968 illi
1589 3916 1736 3981 confertur,
1752 3919 1796 3972 ubi
1810 3934 1870 3973 curn
1885 3922 1987 3976 sanctis

358 4002 452 4059 innuo
464 4002 565 4073 judicio
581 4004 697 4058 dedecus
711 4011 739 4057 et
752 4004 894 4072 despectus
907 4002 968 4057 erit.
1198 4004 1301 4073 angelis
1315 4005 1341 4058 in
1355 4005 1483 4060 saeculum
1494 4005 1585 4061 saeculi
1597 4018 1746 4063 creatorem
1761 4024 1839 4063 suurn
1853 4009 1987 4066 laudando

399 4115 408 4147 r
431 4094 476 4150 Sic
492 4105 519 4150 ct
532 4095 630 4151 mulier
642 4095 730 4150 omnis
747 4093 903 4165 relinquens
916 4096 1003 4148 uirum
1018 4109 1105 4156 strum,
1120 4104 1148 4150 ct
1198 4092 1380 4149 confitebitur.

360 4208 370 4239 r
395 4195 517 4243 statuens
527 4187 709 4242 haereditatem
721 4201 754 4241 ex
764 4186 851 4242 alieno
862 4186 1147 4256 matriruouioaprimo

360 4298 370 4329 ι
394 4278 466 4333 enim
478 4278 505 4333 in
517 4277 574 4349 lege
585 4278 715 4333 ditissimi
731 4277 896 4334 incredibilis
910 4276 974 4342 luit;
990 4284 1017 4332 et
1029 4276 1147 4332 secundo
1263 4272 1334 4348 Lana
1347 4275 1493 4343 sapientire,
1507 4292 1553 4345 per
1563 4293 1642 4347 quant
1656 4278 1727 4346 [acta
1743 4289 1803 4333 rant
1819 4282 1917 4334 ornantia.

362 4387 373 4419 r
396 4368 425 4422 in
461 4369 547 4422 uirum
570 4384 647 4422 surum
671 4367 828 4437 dereliquit;
854 4367 944 4431 tertio,
967 4367 995 4421 in
1015 4366 1147 4421 adulterio
1233 4358 1309 4431 (cir.
1327 4360 1413 4446 ratu.)
1432 4381 1441 4412 r
1460 4362 1598 4433 Sapientia
1619 4359 1739 4420 laudabit
1757 4368 1874 4422 animam
1895 4384 1984 4434 suatur,

360 4475 370 4508 a
395 4454 527 4511 fornicata
548 4465 600 4520 εει,
619 4464 647 4512 ει
665 4472 698 4513 ει
717 4456 771 4510 alio
792 4456 851 4511 uiro
874 4455 945 4511 illios
967 4456 1062 4511 statuit
1084 4456 1145 4512 sibi.
1200 4473 1209 4505 r
1228 4461 1254 4508 et
1274 4454 1301 4508 in
1316 4456 1371 4510 lieo
1386 4456 1572 4523 honorabitur,
1586 4466 1614 4513 et
1632 4458 1659 4512 in
1672 4458 1760 4513 medio
1771 4460 1862 4530 populi
1874 4461 1915 4516 sui
1929 4461 1986 4531 glo-

359 4564 370 4600 r
394 4547 457 4604 flaec
476 4549 502 4603 in
516 4550 658 4605 ecclesiam
673 4549 831 4615 adducetur,
849 4558 877 4603 er
897 4549 924 4603 in
943 4548 1011 4604 ulios
1024 4549 1083 4620 ejus
1101 4564 1147 4603 re.
1200 4562 1210 4595 r
1227 4545 1351 4610 riabitur,
1368 4555 1396 4600 et
1408 4546 1437 4600 in
1452 4546 1574 4602 ecclesiis
1587 4548 1719 4603 Altissimi
1734 4552 1837 4619 aperiet
1849 4566 1880 4606 oe
1894 4567 1984 4619 suurrt,

360 4660 370 4696 r
393 4642 532 4714 spicietur.
558 4641 615 4697 Non
639 4642 744 4697 tradent
758 4641 804 4696 lilii
828 4640 886 4709 ejus
901 4642 1014 4706 radices,
1032 4652 1060 4697 et
1078 4642 1145 4696 rami
1199 4655 1209 4688 r
1226 4645 1254 4692 et
1264 4637 1291 4691 in
1304 4646 1448 4707 conspectu
1458 4638 1566 4694 virtutis
1579 4637 1652 4695 illiu's
1662 4640 1830 4711 gloriabitur.
1845 4661 1855 4695 i
1871 4642 1985 4713 Sapien-

358 4752 368 4784 r
391 4732 450 4802 ejus
465 4748 517 4787 non
531 4733 632 4787 dabunt
651 4731 783 4797 sructum;
811 4732 997 4801 derelinquent
1015 4733 1041 4787 iu
1061 4732 1145 4787 malc-
1161 4731 1185 4789 θ
1199 4726 1234 4780 llil
1250 4727 1307 4781 ¹¹1⁸ss
1327 4741 1380 4781 ¹¹0ss
1397 4734 1439 4781 0⁵2
1452 4727 1522 4792 ²¹5³,
1538 4728 1589 4783 nisi
1609 4731 1642 4784 de
1660 4744 1713 4800 (1¹¹³
1730 4730 1798 4785 (lixit
1811 4730 1957 4802 Apostolus
1974 4748 1982 4788 ι

359 4842 369 4874 r
394 4824 495 4877 dictum
509 4823 667 4878 memoriam
680 4822 760 4888 illius,
775 4828 802 4877 et
815 4822 930 4878 dedecm
943 4822 1014 4878 illius
1026 4838 1079 4877 aron
1095 4824 1144 4878 de·
1198 4834 1207 4867 ι
1225 4815 1362 4872 Christum
1381 4816 1460 4882 (110⁰,
1482 4817 1530 4872 1)θί
1551 4818 1677 4874 Virtutem
1699 4828 1727 4876 tl
1749 4820 1804 4875 Dei
1822 4821 1982 4892 sapientiam

358 4927 369 4961 r
393 4909 502 4965 lebitur.
522 4930 531 4962 i
559 4910 710 4980 AEqualiter
729 4912 828 4981 quippe
846 4911 874 4964 in
888 4910 947 4965 uiro
959 4919 987 4965 et
1004 4911 1143 4966 inlemina
1195 4902 1222 4975 (Ι
1236 4901 1298 4959 Cor·
1313 4906 1343 4973 ι).
1367 4924 1377 4958 ι
1394 4904 1453 4974 lpse
1471 4924 1480 4955 ι
1499 4904 1619 4961 laudarit
1636 4908 1754 4963 animam
1775 4924 1868 4975 mam,
1887 4929 1897 4962 i
1918 4910 1981 4980 quia

355 5000 478 5054 diuinum
497 4999 628 5069 judicium
651 5000 761 5054 damnat
785 4999 962 5064 adulterium,
984 5007 1018 5058 ει,
1034 5014 1143 5070 menen
1193 4992 1319 5048 omnihus
1330 4995 1449 5047 ostendit
1463 4993 1625 5050 laudabilem
1641 5011 1701 5052 esse
1715 4998 1797 5052 uitam
1812 5014 1908 5065 suam;
1927 5018 1936 5051 r
1953 5008 1982 5054 et

355 5090 510 5159 husjusmodi
529 5089 631 5159 copula
642 5106 695 5145 non
707 5097 749 5161 est
761 5090 876 5145 Domino
889 5089 1013 5151 amabile,
1032 5102 1084 5143 nec
1096 5103 1145 5157 po-
1194 5083 1222 5138 in
1242 5084 1297 5139 θεο
1317 5085 1503 5151 baumeolum,
1521 5105 1531 5138 i
1547 5088 1610 5155 quia
1624 5088 1704 5142 amul
1718 5104 1779 5143 cum
1793 5089 1849 5145 θεο
1863 5089 1943 5145 Patre
1955 5102 1982 5146 et

355 5187 410 5236 test
421 5181 445 5235 ei
456 5194 524 5250 opus
539 5180 656 5249 plaeere,
668 5180 740 5249 quod
757 5195 791 5236 ex
804 5178 908 5249 peccati
931 5177 1055 5245 contagio
1078 5192 1143 5231 con·
1194 5171 1298 5242 Spiritu
1311 5181 1405 5228 sancto
1418 5174 1445 5227 in
1462 5174 1538 5230 ooelis
1554 5184 1582 5231 ει
1598 5176 1627 5231 in
1642 5185 1714 5232 terra
1726 5176 1869 5243 adoratum
1886 5188 1938 5235 ret
1953 5180 1981 5238 iu

354 5280 410 5327 stat
423 5272 554 5341 prolatum
568 5288 638 5327 esse.
653 5272 764 5344 llystice
774 5282 863 5327 autern
874 5272 1061 5326 hacreticomm
1077 5285 1142 5341 syn·
1196 5264 1285 5318 medi0
1299 5264 1389 5333 liudulfi
1406 5266 1447 5319 ⁵¹¹5
1466 5265 1634 5337 8¹0ri³bllur2
1652 5286 1663 5323 ι
1678 5270 1736 5325 ¹¹⁰0
1745 5278 1802 5335 θεῖ.
1824 5270 1850 5326 in
1867 5272 1982 5327 toelibus

354 5378 459 5433 agoga,
472 5362 613 5418 ueloruuis
625 5364 716 5417 anima
728 5362 855 5417 haeretica
867 5362 1000 5431 pravitate
1015 5360 1142 5429 decepta,
1196 5354 1326 5424 angelicis
1344 5362 1371 5409 et
1387 5355 1415 5409 itt
1434 5357 1538 5425 papiriis
1558 5357 1722 5415 Christianis
1740 5361 1873 5431 gloriosus
1886 5363 1984 5433 predi-

355 5458 413 5512 er
431 5454 488 5524 jam
514 5472 567 5511 non
589 5457 642 5511 erit
665 5456 773 5526 placita,
792 5454 856 5524 quia
881 5453 1036 5522 relinquens
1055 5452 1142 5507 uirum
1196 5453 1284 5500 catur.
1300 5445 1376 5501 Undc
1396 5456 1423 5502 et
1442 5449 1468 5501 iu
1484 5449 1624 5507 nativitato
1638 5452 1696 5521 ejus
1713 5454 1801 5526 angeli
1815 5454 1983 5520 cecinemnt,

1404 4209 1410 4222 ·
1495 4185 1608 4241 maur
1628 4160 1684 4241 x'u.

354 5545 475 5616 priorem
488 5554 517 5601 ot
529 5548 623 5601 ducem
645 5546 794 5617 pubertatis
815 5559 882 5608 sure,
895 5543 942 5613 qrri
964 5558 1023 5597 eam
1041 5542 1092 5597 sibi
1116 5542 1144 5596 iu
1196 5536 1316 5593 dicentes
1336 5554 1342 5589 :
1359 5554 1369 5587 r
1387 5535 1477 5591 Gloria
1497 5538 1524 5592 in
1539 5540 1654 5597 excelsis
1672 5541 1742 5608 θεο,
1756 5553 1784 5599 ει
1797 5544 1823 5599 in
1838 5552 1910 5601 terra
1928 5558 1981 5613 nat

354 5636 429 5691 sacri
442 5637 611 5707 baptismatis
635 5637 736 5694 loedere
759 5634 903 5706 copularit,
927 5635 1145 5702 ornamentisque
1194 5628 1347 5685 bominibus
1366 5629 1443 5684 boum
1465 5629 1625 5697 volumtatis3
1654 5633 1682 5687 in
1705 5633 1828 5689 ecelesiis
1850 5633 1980 5687 Altissiari

353 5729 494 5783 uariarum
515 5730 645 5785 uirtutum
668 5729 815 5783 decorauit.
839 5729 941 5797 Deque
962 5726 989 5780 in
1004 5726 1145 5780 Ezechielo
1193 5721 1295 5789 aperiet
1307 5734 1338 5775 os
1350 5735 1439 5783 suuru,
1459 5737 1468 5770 i
1487 5719 1550 5788 quia
1566 5720 1591 5773 in
1607 5729 1739 5775 conventu
1754 5721 1871 5776 hdcliurn
1884 5718 1981 5788 praedi-

352 5818 512 5892 planissime
524 5820 654 5891 seriptum
669 5828 729 5876 ost:
744 5838 753 5869 r
768 5818 862 5873 lunxit
875 5833 904 5873 εε
917 5817 962 5871 alii
975 5816 1043 5880 viro,
1061 5834 1072 5867 a
1086 5814 1143 5869 dia·
1192 5821 1237 5864 cat
1253 5810 1425 5879 Euangeliou
1446 5826 1540 5873 suuni,
1561 5811 1595 5865 dc
1614 5826 1668 5881 quio
1686 5813 1815 5880 scriptum
1833 5818 1894 5866 cst:
1917 5828 1927 5861 r
1947 5810 1980 5865 Et

354 5909 418 5967 bolo
433 5911 567 5977 uidelicet,
583 5930 592 5963 r
611 5913 656 5982 apd
671 5927 730 5968 cam
746 5909 858 5966 diuersis
873 5907 1010 5963 erroribus
1024 5904 1141 5960 macula·
1193 5903 1316 5973 apcricus
1329 5918 1360 5959 os
1374 5917 1452 5957 suum
1465 5902 1580 5958 docebat
1592 5919 1648 5968 cos,
1664 5903 1757 5958 diceus
1773 5920 1779 5956 :
1796 5902 1869 5957 Beati
1882 5915 1942 5971 pau·
1955 5913 1979 5952 e·
