4709 6767
422 615 474 673 tin
662 659 668 670 .
744 613 775 668 B.
796 611 924 669 hannul
944 613 1054 671 rtatim
1071 613 1232 670 unehine.
1254 612 1410 672 noudnr.
1430 611 1574 673 orendil
1593 612 1684 670 rans
1704 611 1725 668 l.
1995 615 2049 670 lto

421 731 566 794 nebantur,
576 727 684 800 proprie
693 733 756 782 sunt
765 726 903 796 propheta
915 732 944 780 et
958 726 1082 796 apostoli,
1094 726 1139 796 qui
1154 741 1211 781 ver·
1225 727 1347 796 Apidos,
1362 725 1461 797 quibus
1470 726 1570 781 lactum
1584 733 1626 782 est
1639 723 1779 796 ternplum,
1798 724 1826 778 in
1838 723 1908 779 libro
1918 722 2053 796 Paralipo

420 824 537 878 humet
561 826 730 875 sacramenta
757 817 880 872 ueritatis
904 817 961 872 sire
981 817 1122 873 visibiliter
1152 817 1210 873 sive
1259 824 1461 887 menonapcrtc
1474 815 1639 871 declaratum
1654 824 1706 881 est,
1725 815 1832 870 dicante
1851 814 1935 870 David
1948 816 1983 871 ad
1998 815 2052 872 Sa·

420 910 590 969 invisibiliter
602 909 703 978 abipsa
722 907 771 963 liei
791 907 923 978 sapientia
943 918 1132 979 perceperunt.
1157 909 1209 977 Qui
1259 909 1358 975 lumen,
1376 925 1437 964 cum
1456 910 1481 964 ei
1501 910 1636 980 impensas
1656 909 1748 979 templi
1768 924 1836 979 quas
1850 921 2053 980 praeparaverat

419 1007 488 1061 bene
503 1004 605 1075 lapides
615 1003 704 1073 primo
717 1001 852 1070 quadrati,
876 1015 909 1056 ae
925 1004 965 1057 sie
982 1001 1010 1056 in
1032 1000 1209 1057 fundamento
1258 1000 1436 1057 ostenderet:
1453 1000 1589 1057 «Omnem
1608 1003 1756 1071 pretiosum
1777 1000 1904 1073 lapidem,
1927 1010 1957 1058 et
1977 1017 2052 1058 mar·

408 1095 483 1167 'poni
496 1094 633 1164 jubentur.
657 1092 822 1160 Quadratum
836 1107 950 1161 namque
960 1104 1039 1146 omne
1050 1105 1209 1160 quocunqne
1257 1108 1319 1148 mor
1345 1091 1453 1147 Parium
1488 1092 1718 1146 abundantissime
1743 1091 1893 1161 praeparati
1924 1090 1956 1162 (l
1983 1088 2051 1146 Pur.

420 1187 543 1252 vertitur,
571 1184 654 1239 lirum
681 1192 755 1239 stare
780 1184 928 1239 consuevit.
956 1181 1004 1239 Cui
1026 1182 1153 1238 nlmirum
1177 1179 1208 1236 ll-
1259 1179 1372 1253 rxrr).r
1401 1179 1519 1235 lbarnror
1532 1189 1623 1234 autem
1636 1179 1757 1244 Parium,
1773 1194 1893 1234 marmor
1905 1178 2052 1234 candidum

419 1295 493 1351 gurm
512 1279 595 1336 corda
607 1277 798 1333 assimulantur
809 1275 968 1341 electorum,
982 1290 1042 1344 quae
1057 1275 1092 1329 ita
1104 1275 1130 1328 in
1146 1274 1208 1329 idei
1257 1272 1333 1338 dicit,
1346 1271 1424 1341 quale
1435 1270 1529 1326 eadem
1540 1271 1626 1326 insula
1642 1271 1753 1343 gignere
1768 1272 1919 1326 consuerit,
1940 1271 1990 1326 Est
2003 1286 2052 1325 arr-

418 1372 546 1431 lirmitate
558 1369 707 1425 consistere
719 1366 994 1432 dirlieerurrt‚utnnlla
1008 1365 1208 1424 ooenrrerrtium
1259 1372 1312 1418 tem
1327 1379 1382 1418 una
1397 1364 1430 1419 de
1448 1363 1618 1434 Cycladibus,
1640 1378 1694 1435 quo
1714 1363 1841 1418 videlicet
1863 1362 1952 1433 lapide
1977 1371 2051 1418 tom·

418 1475 509 1517 rerum
532 1460 705 1524 aduersitate,
727 1473 778 1513 nec
794 1459 852 1527 ipsa
872 1459 953 1511 ctiam
973 1466 1089 1513 murtea
1106 1457 1146 1511 sni
1165 1472 1209 1511 re-
1257 1455 1330 1525 plnm
1346 1456 1428 1512 luisse
1445 1456 1556 1522 laenam,
1579 1465 1607 1511 et
1630 1454 1764 1526 Iosephus
1785 1456 1914 1521 insinuat,
1933 1456 2049 1512 diceas:

416 1550 547 1607 ctitudine
564 1550 669 1621 possint
686 1556 771 1604 status
789 1548 922 1603 inclinari.
1172 1603 1175 1610 ,
1260 1545 1401 1601 ‹Elevarit
1415 1546 1505 1615 itaque
1520 1546 1647 1616 templum
1664 1560 1751 1614 usque
1767 1544 1801 1599 ad
1816 1558 1952 1599 cameram
1971 1560 1987 1600 e
2012 1546 2051 1599 la-

455 1641 553 1709 rQuos
573 1641 731 1696 dolaverunt
751 1640 917 1696 caementarii
937 1638 1089 1696 Salomonis
1109 1648 1137 1696 et
1158 1655 1208 1694 ere
1256 1637 1319 1706 pide
1329 1636 1390 1691 albo
1407 1643 1623 1691 constructum.»
1649 1635 1769 1715 Altitudo
1784 1634 1834 1690 tun
1847 1636 1987 1706 sexaginta
2001 1650 2050 1691 cu-

419 1731 564 1790 rmentarii
578 1730 1205 1802 llirarn.rDolantnrnamqnelapidespretiosi,
1256 1730 1384 1784 bitonum.
1404 1729 1459 1784 Nec
1473 1730 1593 1801 mysterii
1607 1744 1703 1785 sensus
1723 1730 1750 1784 in
1767 1729 1859 1785 abdito
1878 1737 1931 1785 cst.
1955 1728 2050 1786 Cuivis

416 1839 477 1877 cnrn
491 1822 683 1894 electionique
697 1823 905 1894 procedentium
926 1833 1083 1879 sanctorum
1107 1823 1207 1877 instm·
1256 1820 1355 1874 etenim
1369 1828 1443 1889 patet
1455 1820 1527 1889 quod
1539 1835 1659 1874 marmor
1670 1819 1824 1886 candidum,
1840 1835 1938 1890 exque
1951 1820 2049 1876 domus

347 1957 357 1974 .
416 1915 505 1970 ctione
517 1922 546 1970 et
565 1913 695 1971 instantia
707 1915 837 1986 quidquid
851 1913 878 1970 in
892 1930 921 1971 se
934 1914 1035 1971 habent
1054 1917 1163 1971 noxium
1179 1922 1207 1971 et
1257 1909 1361 1965 bomini
1373 1918 1529 1965 cunstmcta
1543 1918 1594 1974 est,
1613 1909 1740 1964 mundam
1754 1909 1900 1964 electurum
1912 1911 2047 1968 actionem

417 2005 497 2060 inane
510 2005 674 2075 relinquunt,
685 2015 767 2075 atque
779 2014 842 2061 ante
855 2016 1027 2077 conspectum
1044 2008 1085 2062 sui
1099 2015 1206 2064 creato-
1256 2000 1338 2055 simul
1359 2009 1386 2055 et
1411 2000 1604 2055 conscientiam
1625 2000 1659 2054 ah
1682 1999 1755 2055 onrrri
1773 2014 1850 2056 nmvo
1865 2000 2048 2071 corruptionis

416 2100 455 2153 ris
469 2098 558 2154 insite
570 2097 622 2153 sibi
634 2096 747 2168 justitie
757 2095 888 2167 regulam,
902 2096 978 2165 qnasi
999 2094 1122 2152 stabilem
1138 2114 1205 2169 qna·
1218 2083 1242 2142 B
1255 2091 1413 2161 castigatam
1434 2091 1567 2162 designat,
1587 2090 1681 2159 quales
1703 2104 1764 2144 esse
1780 2088 1865 2144 soluit
1880 2090 1989 2160 sapiens
2001 2090 2047 2147 ille

416 2189 533 2245 rlraturrc
546 2187 672 2255 lurnram,
686 2188 839 2242 ostendunt.
866 2186 1031 2243 Dolareront
1047 2196 1138 2244 autem
1153 2190 1204 2245 hos
1255 2181 1420 2236 architectus
1433 2196 1481 2235 eos
1502 2195 1571 2251 ‹puos
1585 2195 1666 2250 super
1679 2179 1881 2236 fondamentum
1890 2179 1993 2236 Christi
2004 2180 2046 2235 lo·

416 2281 519 2351 lapides
533 2296 586 2336 non
602 2280 689 2336 solum
703 2279 868 2335 cmmentarii
882 2278 1044 2347 Salomonis,
1057 2281 1104 2336 sed
1115 2290 1143 2337 et
1153 2297 1203 2338 cte
1254 2272 1606 2343 11111111011181111110501,
1620 2288 1687 2327 11110
1708 2281 1873 2343 argentoque
1892 2274 2044 2330 redimitos·

415 2372 541 2428 guengari}
564 2371 669 2437 primm,
692 2371 755 2441 quia
772 2385 805 2426 01
822 2378 937 2442 puroque
958 2371 1056 2441 populo
1079 2373 1204 2429 pociores
1257 2360 1448 2427 «charissimi,
1463 2360 1561 2430 inquit,
1579 2361 1740 2416 mundemus
1753 2377 1802 2417 nos
1816 2362 1852 2417 ab
1867 2364 1940 2418 orani
1958 2364 2047 2433 inuui-

415 2460 491 2517 l'uere
505 2469 606 2517 sanctae
623 2459 760 2517 Ecclesiae.
1253 2460 1383 2506 numento
1396 2451 1486 2507 carnis
1499 2457 1528 2506 et
1540 2453 1660 2520 spiritus,
1675 2453 1845 2522 perficientes
1854 2454 2046 2512 sanctificatio-

451 2574 461 2606 r
475 2554 561 2609 Porro
574 2553 654 2609 Giblii
674 2561 893 2625 praspamrerunt
911 2552 983 2625 ligna
1003 2562 1030 2609 et
1045 2554 1150 2626 lapides
1169 2557 1204 2612 ad
1253 2556 1317 2596 111111
1331 2542 1358 2597 111
1374 2542 1471 2596 11111011
1486 2537 1582 2605 Deilll
1599 2537 1660 2592 (3111·
1674 2547 1755 2609 l'dh'

416 2641 625 2699 reedificandam
645 2644 764 2699 domurn.
780 2662 789 2695 r
818 2642 911 2699 Giblus
928 2655 969 2699 cst
986 2644 1083 2700 civitas
1094 2645 1204 2701 Phoerri-
1421 2713 1423 2717 ι
1554 2655 1669 2713 cgpur
1690 2657 1734 2712 vr.

413 2736 465 2802 cis,
479 2734 556 2804 cujus
569 2735 693 2790 meminit
702 2733 825 2790 Ezechiel
841 2735 954 2791 dicens:
974 2736 1138 2807 «Sapientes
1153 2738 1202 2804 tui,
1254 2746 1366 2814 Quando
1386 2747 1425 2802 ael
1441 2748 1486 2803 nbi
1499 2748 1658 2817 aedificatum
1675 2750 1707 2804 sit
1719 2749 1860 2821 templum:
1876 2767 1954 2822 cujas
1970 2767 2045 2807 mag.

413 2824 494 2894 syre,
513 2824 577 2879 taen
595 2831 658 2879 sum
678 2824 872 2895 gurnrnatures
895 2823 945 2889 tur,
970 2839 1048 2881 senes
1070 2825 1152 2881 Girrhi
1175 2835 1204 2881 er
1322 2835 1392 2873 rura
1405 2820 1439 2872 dt
1453 2818 1570 2888 lectvmt
1587 2830 1649 2889 quor
1665 2821 1741 2874 rnna
1754 2822 1787 2875 ru
1800 2820 1970 2891 edificatam.

412 2915 560 2984 prudentes
571 2912 629 2983 ejus
647 2910 884 2985 (Euech.1rvrr),r
904 2913 958 2968 Pro
974 2928 1027 2984 quo
1043 2915 1069 2968 in
1088 2913 1203 2972 llohraeo
1289 2908 1363 2979 (Clu.
1377 2909 1426 2980 vt.)
1443 2908 1573 2964 «Factum
1587 2917 1628 2965 esi
1643 2910 1726 2981 igitur·
1739 2911 2002 2983 quadringentesimo
2015 2922 2044 2970 cl

411 3004 566 3059 continetur
586 3000 669 3057 Gubul
685 3002 742 3058 sire
757 3001 849 3069 Celul,
864 3002 935 3072 qnod
950 3003 1142 3074 interpretatur
1158 3005 1202 3058 de·
1255 2998 1444 3068 reratugesiruu
1472 3012 1546 3053 annu
1572 2999 1738 3068 egressionis
1764 2999 1880 3055 tritorum
1904 3001 1985 3056 lsrard
2008 3004 2043 3057 rte

411 3097 513 3166 umens,
528 3094 881 3165 strernrerntnrnssqnuu
893 3094 1052 3151 vocandum
1065 3104 1126 3164 apro
1139 3109 1203 3151 oon-
1254 3096 1351 3142 «terra
1364 3087 1514 3162 AEurntmu
1529 3102 1600 3143 aranu
1612 3098 1720 3158 quarto,
1740 3105 1833 3146 nense
1853 3092 1912 3157 zio,
1934 3091 1991 3161 ipse
2000 3100 2043 3147 est

412 3186 487 3239 verrit
498 3184 538 3240 eis
550 3185 598 3255 qui
610 3184 691 3239 eorda
703 3184 842 3240 barnuinum
853 3183 886 3239 nd
897 3183 1039 3239 aedificium
1051 3184 1201 3255 spirituale,
1255 3179 1381 3234 ‹mensis
1401 3180 1536 3235 sccundus
1567 3180 1639 3250 regis
1661 3179 1813 3237 Salomonis
1838 3196 1920 3251 super
1938 3182 2040 3238 lsrael:

412 3278 484 3345 rpuod
499 3290 533 3331 err
549 3275 694 3330 uirtutibus
716 3274 813 3329 animae
831 3274 1006 3341 construitur,
1024 3282 1121 3345 parant
1140 3275 1203 3330 :sie
1254 3269 1412 3326 «aedificare
1424 3269 1508 3339 coepit
1522 3268 1630 3324 domum
1644 3269 1769 3337 bomine,
1780 3279 1853 3326 ete.»
1882 3271 1960 3339 Quod
1976 3273 2043 3327 dici·

411 3366 510 3421 etenim
525 3364 767 3420 solummodosuos
780 3362 916 3417 auditores
930 3362 1009 3417 tidem
1024 3372 1051 3418 et
1061 3378 1143 3433 opera
1159 3362 1202 3432 ju·
1253 3371 1305 3426 trrr,
1324 3381 1332 3413 r
1348 3361 1375 3416 in
1390 3376 1461 3416 annu
1473 3369 1570 3429 quarto
1582 3376 1674 3417 mense
1687 3361 1746 3427 Zio,
1758 3362 1816 3432 ipse
1827 3370 1870 3416 est
1883 3362 1985 3417 nrensis
1998 3379 2043 3418 se·

410 3456 492 3513 stiriae
507 3455 604 3511 docere
615 3452 761 3519 solllciunt,
776 3453 839 3507 duur
851 3453 900 3523 ipsi
910 3453 985 3523 prius
997 3454 1083 3509 sacris
1095 3438 1235 3526 pagtntsC
1251 3453 1331 3507 cundi
1353 3453 1424 3524 regis
1444 3451 1597 3507 Salomonis
1615 3467 1697 3524 snper
1717 3453 1811 3519 lsrael,
1832 3472 1841 3506 r
1861 3452 1928 3509 ordo
1947 3469 2043 3510 seusun

409 3546 509 3607 edocti,
529 3544 673 3615 diligenter
689 3558 749 3611 quae
771 3542 807 3597 sit
821 3542 888 3597 lidus
902 3543 1029 3609 tenenda,
1045 3558 1099 3612 quo
1112 3543 1199 3598 uirtu-

412 3648 470 3694 tum
482 3637 550 3694 calle
564 3637 751 3701 incedendum,
765 3645 839 3691 certa
852 3636 1006 3692 dehnitiorre
1021 3638 1142 3693 veritatis
1159 3637 1200 3691 di·

410 3730 535 3785 dicerint.
560 3727 627 3783 llam
649 3726 749 3783 frustra
769 3728 886 3784 odicium
908 3729 959 3785 sibi
983 3730 1101 3785 doctoris
1122 3745 1200 3785 usur·

412 3827 468 3887 pat,
481 3818 528 3888 qui
539 3817 730 3873 discretionem
742 3818 881 3873 catholicae
893 3818 954 3874 ndei
973 3818 1089 3890 ignum,
1113 3835 1199 3889 neque

409 3914 594 3970 sanctuarium
602 3913 725 3980 bomine,
741 3914 788 3970 scd
802 3914 907 3967 ruinam
927 3914 979 3969 sibi
997 3913 1140 3980 aediduarrt,
1153 3914 1198 3983 qni

408 4002 507 4059 docere
520 4003 588 4060 allos
601 4003 734 4075 regulam,
753 4018 833 4074 quam
858 4003 908 4073 ipsi
930 4019 983 4059 non
1001 4004 1130 4072 didicere,
1151 4021 1198 4061 oo·

410 4103 519 4151 uantur.
547 4094 578 4149 ln
593 4093 751 4150 mdillcanda
770 4109 835 4165 crgo
855 4095 935 4152 domo
954 4093 1002 4150 Dei
1024 4095 1112 4166 primo
1134 4104 1199 4151 sunt

410 4185 481 4256 ligna
492 4194 521 4239 et
532 4184 635 4254 lapides
648 4183 768 4240 caedendi
784 4184 817 4239 de
830 4191 939 4239 monte:
953 4184 1015 4254 qnia
1030 4197 1078 4239 ees
1092 4199 1159 4254 quos
1171 4184 1198 4238 in

410 4275 464 4329 lade
472 4273 595 4329 veritatis
607 4273 749 4328 instituere
761 4274 918 4345 querimus,
933 4276 1022 4345 primo
1033 4291 1144 4333 raecesse
1157 4285 1199 4333 est

410 4369 440 4416 ιιι
453 4361 644 4417 abrenuntiare
657 4361 774 4429 diabolo,
790 4377 823 4419 ac
834 4360 868 4419 de
878 4372 950 4420 sorte
962 4365 1056 4436 primae
1074 4366 1199 4437 prraerari-

409 4450 524 4505 cationis
536 4449 563 4504 in
580 4464 633 4519 qua
645 4450 702 4505 nati
719 4462 784 4507 sunt
796 4453 940 4509 doceamus
951 4457 1116 4512 renascendo
1126 4456 1196 4511 erui.

410 4544 513 4601 betuna
526 4545 662 4614 quaerendi
677 4554 740 4601 sunt
763 4546 865 4617 lapides
889 4549 1001 4618 pretiosi
1021 4557 1049 4605 et
1069 4551 1197 4621 grandes,

1250 3554 1292 3601 est
1308 3564 1315 3600 :
1332 3546 1358 3600 in
1379 3561 1449 3601 anno
1466 3555 1565 3616 ‹putrrto
1585 3548 1658 3619 regis
1681 3546 1834 3605 Salomonis
1853 3563 1936 3619 snper
1958 3547 2041 3605 lsrael

1251 3653 1344 3694 mense
1356 3638 1414 3704 Zio,
1430 3639 1487 3709 ipse
1500 3648 1541 3694 est
1561 3640 1662 3696 mensis
1684 3642 1827 3697 secundus.
1850 3641 1969 3698 llcusem
1990 3658 2042 3697 an·

1251 3741 1304 3787 tem
1325 3731 1472 3787 secundum
1493 3730 1592 3788 llaium
1616 3733 1690 3788 dicit.
1717 3733 2042 3806 manuscriptionem

1250 3822 1354 3878 Pascha
1374 3821 1536 3889 celebratur,
1559 3823 1722 3894 principium
1742 3825 1875 3879 mensium
1898 3826 1970 3896 apud
1983 3826 2039 3881 lle·

1250 3913 1337 3967 brues
1350 3913 1454 3982 primus
1467 3923 1526 3967 erat
1538 3914 1565 3967 in
1579 3913 1717 3968 mensibus
1732 3914 1806 3968 anni.
1827 3913 1868 3968 lix
1885 3930 1939 3984 qno
1952 3914 2042 3970 marri-

1250 4004 1318 4060 lestc
1332 4004 1426 4070 claret,
1446 4006 1517 4075 quod
1536 4020 1608 4071 mor,
1624 4013 1734 4075 peraeto
1746 4005 1860 4073 Pascha,
1879 4008 1962 4077 cccpit
1975 4023 1999 4063 ae
2011 4007 2042 4062 :i-

1251 4093 1331 4148 lreare
1352 4094 1461 4150 domum
1480 4093 1597 4159 Domini,
1621 4103 1649 4150 et
1667 4104 1843 4151 consecratus
1857 4097 1973 4167 'mystica
1997 4111 2043 4152 so-

1250 4181 1389 4238 lemnitate
1403 4182 1527 4254 pupulus,
1541 4199 1637 4239 manus
1649 4184 1683 4239 ad
1702 4185 1846 4255 mysticum
1864 4199 1932 4255 opus
1954 4185 2040 4242 misit.

1249 4272 1406 4329 litantem
1429 4275 1650 4330 commemoratio
1672 4274 1835 4345 egressionis
1864 4290 1898 4330 cx
1923 4274 2041 4347 AEgppto

1250 4368 1358 4437 quando
1373 4367 1575 4423 tabernaculum
1587 4366 1714 4423 aedillcari
1727 4378 1844 4439 emptum
1862 4374 1915 4433 est,
1937 4376 1968 4422 nt
1990 4369 2040 4424 ad-

1250 4463 1392 4512 moncatur
1405 4457 1490 4511 lector
1503 4465 1569 4525 quot
1583 4473 1716 4514 annorum
1731 4467 1836 4530 tempus
1861 4459 1933 4516 inter
1952 4459 2040 4515 eliti-

1250 4545 1384 4599 cntionem
1410 4545 1549 4615 utriusque
1572 4546 1668 4602 domus
1681 4548 1834 4615 transierit;
1849 4556 1878 4604 et
1893 4549 1955 4604 huie
1968 4565 2040 4620 quo-

409 4648 492 4711 atrpnc
509 4637 537 4693 in
551 4637 755 4694 tundamentum
767 4640 860 4710 templi
873 4642 1001 4711 ponendi,
1018 4649 1049 4697 ut
1068 4642 1199 4697 memine-
1249 4653 1302 4707 une
1320 4654 1432 4694 summac
1448 4642 1574 4710 temporis
1585 4652 1785 4700 sacramentnm
1798 4644 1886 4700 inesse
1899 4646 2043 4719 spirituale

409 4729 496 4784 rimus
515 4728 639 4786 abdicato
662 4731 867 4786 conversatione
882 4731 978 4802 priori,
990 4746 1084 4787 eorum
1097 4734 1124 4788 in
1137 4748 1197 4787 um·
1249 4741 1403 4799 cognoscat.
1421 4732 1521 4799 Quater
1532 4736 1764 4805 namquecenteni
1775 4742 1802 4791 et
1812 4736 1898 4792 viceni
1909 4738 2042 4806 quadrin-

410 4819 489 4876 nibus
505 4820 591 4876 vitarn
610 4834 753 4890 moresque
767 4820 910 4889 inspicere,
924 4824 1083 4879 cusnostris
1096 4823 1200 4880 andito-
1211 4790 1238 4849 D
1250 4834 1345 4896 gennis
1356 4833 1384 4880 et
1398 4826 1534 4897 octoginta
1548 4826 1659 4882 iaciunt
1679 4828 1800 4895 Quatuur
1816 4839 1905 4885 autem
1922 4845 2043 4900 evange

410 4908 486 4963 ribus
497 4907 641 4962 imitandos
653 4921 814 4976 proponere,
827 4922 895 4977 quos
908 4923 958 4977 per
969 4910 1096 4966 virtutem
1115 4911 1201 4967 humi-
1249 4916 1308 4972 licre
1315 4916 1472 4987 perfectioni
1483 4925 1544 4987 apte
1554 4919 1727 4983 conveniunt,
1739 4918 1944 4990 propteripsum
1954 4933 2042 4976 evau-

411 4998 495 5053 litatis
507 4996 662 5067 specialiter
674 4996 789 5053 Domino
808 4996 946 5053 adherere
959 4999 1123 5056 noverimus.
1147 5001 1201 5058 hd·
1251 5007 1407 5079 gelistarum
1421 5023 1573 5069 numerum.
1600 5008 1714 5066 Centum
1726 5011 1855 5068 doctrinae
1865 5012 1960 5083 legali,
1974 5027 2040 5082 pro-

411 5087 798 5158 dendusestinaltnmparies
811 5088 1073 5159 eperumbonurum,
1085 5092 1199 5161 etquasi
1249 5106 1309 5167 pter
1322 5112 1407 5152 armos
1420 5097 1581 5168 legislatoris
1601 5100 1721 5156 totidem.
1754 5099 1783 5156 ln
1806 5116 1860 5171 quo
1881 5102 1966 5156 etiarn
1991 5118 2042 5158 ιιιι-

411 5180 638 5252 superimpositis
655 5180 707 5238 sibi
719 5180 834 5236 invicem
848 5180 987 5236 ordinibus
1006 5181 1125 5252 lapidum
1142 5198 1200 5240 am·
1249 5203 1325 5244 mero
1339 5188 1466 5254 uirorum,
1475 5190 1589 5260 gratiam
1602 5192 1689 5246 sancti
1703 5190 1965 5262 Spirituspaimitiva
1978 5208 2040 5249 sus-

414 5273 557 5332 bulandum
569 5281 612 5329 est
629 5287 661 5328 ac
681 5272 875 5344 proficiendum
889 5274 943 5329 ude
957 5274 1055 5341 virtute
1069 5276 1096 5331 in
1114 5276 1199 5334 uirtu-
1249 5279 1321 5348 cepit
1343 5279 1482 5346 Ecclesia,
1504 5289 1628 5351 patenter
1650 5282 1796 5339 ostendens
1823 5284 1887 5354 qnia
1908 5284 1956 5355 qui
1982 5283 2041 5356 luge

414 5374 467 5428 tem
483 5362 568 5434 rent.
581 5364 729 5437 exuturi.»
751 5365 798 5421 llcl
817 5373 891 5422 certe
911 5366 1014 5436 lapides
1030 5365 1197 5424 fundamenti
1249 5371 1368 5442 legitime
1380 5381 1502 5439 utuntur,
1520 5375 1546 5429 id
1560 5384 1612 5439 est,
1624 5377 1672 5445 qui
1695 5376 1796 5432 Christi
1817 5378 1846 5432 in
1867 5393 1900 5433 ea
1922 5379 2041 5448 gratiam

412 5454 542 5524 grandes,
564 5455 676 5524 pretiosi
688 5462 717 5509 et
730 5455 854 5524 qrrarlrati
867 5455 947 5525 primi
969 5465 1031 5511 sunt
1045 5497 1053 5522 ,
1068 5466 1098 5511 ut
1118 5474 1199 5528 supra
1249 5472 1442 5531 cognoscentes
1463 5465 1669 5534 amplectuntur,
1693 5466 1754 5536 jure
1773 5467 1890 5539 Spiritus
1904 5465 1963 5536 ejus
1978 5483 2043 5540 gra·

411 5545 540 5610 diximus,
562 5543 743 5599 Ecclesiarum
766 5544 898 5615 magistri,
911 5547 957 5613 qni
972 5546 1074 5616 abipso
1086 5548 1198 5603 llomirro

411 5639 525 5695 uerbum
540 5638 650 5694 audiere
670 5639 773 5694 salutis.
801 5638 966 5708 Superposita'
985 5648 1076 5695 autern
1089 5642 1198 5696 ordines

329 5790 335 5802 ,
410 5728 530 5800 lapidum
545 5728 601 5785 sire
614 5728 748 5799 lignorum
767 5736 912 5797 sequentes
930 5737 1004 5796 srrnt,
1026 5745 1075 5785 sno
1098 5732 1199 5802 quique

412 5829 533 5891 ternpore
548 5820 704 5878 sacerdotes
717 5835 749 5874 nc
758 5820 891 5877 ductores.
917 5823 1036 5887 Quorum
1051 5822 1091 5877 rel
1102 5825 1198 5893 praedi·

412 5914 519 5968 catione
537 5927 570 5968 ac
584 5912 734 5968 ministerio
755 5911 855 5967 lubrica
880 5913 978 5967 crescit
998 5912 1133 5980 Ecclesim,
1157 5916 1199 5970 vel

411 6013 524 6058 urrratur
544 6001 697 6058 uirtutibus.
726 5999 824 6068 Quales
837 6010 926 6054 antem
941 6001 1029 6058 culurc
1046 5988 1197 6060 luerirrtla-

1249 5555 1286 5608 tia
1303 5556 1450 5624 replentur,
1465 5572 1516 5626 qua
1543 5558 1570 5612 in
1593 5559 1726 5615 charitate
1748 5559 1807 5628 ejus
1829 5560 1945 5631 arrrplius
1968 5562 2043 5631 igne·

1251 5655 1337 5700 scant.
1365 5646 1487 5702 Diximus
1500 5657 1589 5703 antem
1603 5664 1652 5718 per
1664 5650 1866 5706 tabernaculum
1879 5651 1952 5719 quod
1975 5650 2043 5706 ser-it

1252 5737 1357 5808 lloyscs
1375 5746 1403 5790 et
1422 5737 1467 5793 sulii
1487 5737 1568 5794 lsrael
1594 5740 1621 5794 in
1648 5742 1764 5805 deserto,
1790 5756 1953 5812 synagogam
1969 5758 1977 5795 ε
1992 5755 2043 5811 per

1253 5828 1379 5897 templum
1395 5844 1459 5883 vero
1470 5831 1540 5899 qnod
1556 5829 1681 5887 Salomon
1699 5840 1727 5887 et
1739 5830 1785 5885 srlii
1803 5831 1885 5886 lsrael
1900 5846 1964 5884 errrrr
1978 5845 2033 5900 pro

1252 5919 1398 5987 sclylorum
1421 5930 1449 5975 ct
1476 5913 1615 5992 gentilium
1640 5922 1740 5976 anxilio
1762 5921 1924 5987 construxit,
1948 5922 2043 5977 Eccle-

1252 6012 1319 6067 siam
1345 6014 1464 6081 gentium
1491 6029 1570 6084 posse
1596 6014 1741 6086 (lusignan.
1770 6015 1920 6070 Perrnarrsit
1947 6023 2041 6070 auterre
