4709 6767
427 656 480 714 {27
755 650 785 706 b.
805 648 931 705 ututur
951 647 1061 705 utubut
1078 646 1239 702 rillClllEl‘.
1261 645 1413 701 uocuur.
1434 646 1576 702 OPElthi
1598 647 1687 702 PARS
1704 647 1723 705 l.
2010 650 2060 706 ηε

426 768 533 827 sltando
559 767 675 839 probat:
702 766 765 836 quia
783 765 934 820 accedendo
962 765 1044 819 corda
1063 774 1155 819 nostra
1180 764 1214 818 ad
1230 764 1253 822 ll
1267 761 1343 815 hidas
1354 772 1540 833 congregaret.
1561 763 1608 817 liae
1621 773 1682 818 sunt
1698 763 1757 818 duae
1768 778 1850 836 rtrgre
1866 780 1926 835 quac
1937 766 2060 838 lungun·

424 862 539 917 virtutes
559 857 693 928 provehit,
717 864 744 910 ct
768 855 918 911 recedendo
935 855 1043 909 concuti
1067 854 1214 909 tentatione
1268 863 1311 908 tur
1329 855 1357 908 in
1371 855 1505 920 Ezechiel,
1530 856 1600 909 etde
1613 855 1772 924 quibuspcr
1791 855 1950 912 Zachariam
1965 859 2060 915 brint-

424 949 567 1022 permittit.
590 947 618 1003 Si
632 949 703 1001 enirn
717 954 778 1017 post
798 947 927 1000 virtutum
943 960 1055 1000 munera
1073 945 1145 1000 nulla
1158 955 1216 999 tcn·
1266 963 1317 1001 uus
1328 947 1411 1002 refert
1432 946 1525 1017 (Zcrh,
1541 948 1592 1020 u):
1610 968 1619 999 r
1636 949 1667 1004 Et
1680 951 1815 1020 assumpsi
1830 950 1895 1006 mihi
1920 952 1988 1012 duas
2002 956 2059 1010 rir-

425 1044 526 1101 attone
541 1041 712 1104 concutitur,
731 1039 783 1094 boc
802 1038 859 1109 jam
885 1054 915 1094 se
932 1039 1037 1092 animus
1060 1037 1161 1092 hahere
1182 1053 1216 1092 ex
1266 1051 1324 1106 gas,
1340 1052 1420 1090 unam
1433 1037 1527 1090 vocari
1549 1037 1685 1103 decorem,
1710 1038 1861 1094 etalteram
1877 1042 1973 1096 vocavi
1987 1042 2061 1099 luni-

426 1134 515 1205 seipso
528 1131 667 1204 gloriatur.
693 1130 727 1186 Ut
739 1144 803 1200 ergo
827 1144 858 1183 ca
873 1127 1009 1182 firmitatis
1021 1128 1091 1181 dona
1105 1127 1214 1194 habeat,

425 1224 645 1280 etinhrmitatem
666 1237 741 1277 suam
756 1220 895 1276 humiliter
908 1228 1048 1289 agnoscat,
1063 1234 1111 1287 per
1126 1234 1217 1274 acces·

426 1328 485 1371 sum
512 1312 605 1383 gratiae
620 1311 654 1366 ad
679 1309 732 1363 alta
755 1307 927 1372 sustollitur,
954 1315 1043 1377 etpcr
1067 1322 1215 1373 recessum,

424 1404 497 1480 quod
512 1418 545 1459 ex
559 1403 617 1473 ipso
627 1401 673 1467 sit,
696 1400 835 1470 probatur.
860 1398 936 1465 erod
950 1401 1017 1453 heuc
1040 1400 1118 1454 uobis
1129 1414 1159 1453 eu
1172 1400 1216 1453 hi-

425 1496 509 1552 storie
524 1510 609 1551 sacrae
620 1492 744 1548 lectionis
765 1491 896 1554 innuitur,
919 1504 972 1559 qua
988 1488 1115 1543 Salomon
1135 1495 1163 1542 et
1177 1488 1217 1542 di·

425 1588 526 1644 rinitus
542 1586 681 1656 accepisse
701 1584 874 1655 sapientiam,
897 1591 1040 1647 ettamen,
1062 1589 1123 1652 post
1143 1596 1217 1635 carn-

425 1678 488 1733 dem
501 1676 673 1748 sapientiam,
697 1674 870 1729 meretricum
894 1673 986 1728 statim
1011 1672 1218 1742 pulsatusqum-

424 1769 512 1826 sticue
522 1774 697 1823 memoratur.
711 1765 771 1820 blox
782 1765 853 1819 eninr
865 1760 1107 1835 utgratiam‘tantae
1115 1761 1218 1817 revela·

425 1858 506 1914 tionis
520 1856 635 1927 accepit,
648 1863 785 1912 certamen
808 1854 924 1923 turpium
939 1852 1081 1906 mulierum
1097 1851 1217 1920 pertulit.

424 1948 493 2017 Quia
517 1948 644 2003 nimirum
670 1961 742 2017 scope
771 1960 834 2000 cunt
862 1952 979 1998 mentem
1004 1949 1125 1995 nostram
1150 1955 1217 1995 coa-

425 2036 510 2093 cessis
536 2035 681 2091 virtutibus
693 2043 834 2104 respectus
853 2033 955 2087 intimae
967 2030 1101 2099 largitatis
1114 2030 1217 2084 illumi-

1267 1126 1367 1192 culunr,
1383 1135 1410 1181 et
1422 1128 1482 1195 pavi
1493 1141 1613 1198 gregem.
1629 1147 1638 1180 ι
1658 1126 1752 1182 liulier
1763 1129 1921 1199 quoqueilla
1930 1140 2061 1189 meretur

1267 1216 1294 1270 in
1303 1216 1448 1287 Evattgclio
1461 1217 1535 1289 (Luc.
1544 1217 1604 1289 vu),
1619 1233 1679 1287 quae
1697 1236 1705 1268 ι
1717 1217 1780 1274 lesu
1792 1220 2006 1294 pedcsiacrymis
2017 1223 2059 1278 la-

1266 1309 1315 1373 vit,
1342 1308 1416 1362 crine
1432 1308 1562 1374 detersit,
1585 1317 1612 1363 et
1626 1309 1669 1364 cui
1692 1317 1802 1379 peccata
1816 1313 1907 1366 omnia
1920 1314 2061 1371 dimittun-

1267 1407 1321 1461 tur,
1333 1416 1342 1447 ι
1360 1397 1502 1452 manifeste
1511 1398 1799 1469 significatEeclesiam
1810 1403 1843 1456 dc
1856 1404 1980 1473 gentibus
1992 1420 2060 1462 con·

1267 1496 1413 1558 gregalem.
1430 1487 1492 1543 llaec
1507 1488 1608 1545 idcirco
1626 1489 1652 1543 in
1671 1491 1758 1559 primu
1771 1492 1858 1547 ircnte
1873 1495 2009 1563 replicavi,
2025 1512 2062 1553 ue

1268 1579 1311 1631 cui
1341 1578 1464 1633 videatur
1495 1579 1671 1651 incongruunt
1695 1582 1717 1636 si
1742 1583 1897 1639 meretrices
1923 1586 2061 1655 dicautur,

1268 1683 1383 1737 quarum
1399 1685 1450 1723 una
1466 1668 1618 1725 Salomonis
1639 1669 1742 1738 judicio
1761 1672 1809 1727 ttht
1824 1675 1995 1744 possessione
2009 1676 2062 1733 do-

1268 1765 1332 1811 nata
1350 1766 1401 1812 est.
1416 1758 1538 1814 Prudens
1551 1769 1654 1829 quaerat
1665 1761 1771 1816 auditor
1784 1763 1917 1831 quomodo
1931 1766 2062 1819 meretrix

1268 1849 1401 1919 significet
1420 1849 1587 1915 Ecclesiam,
1610 1866 1671 1920 qum
1693 1851 1843 1906 nonhabet
1863 1854 1996 1909 maculam
2011 1870 2062 1910 ne-

1269 1955 1321 2009 que
1332 1955 1426 2009 rugam
1446 1937 1554 2010 (Epher.
1572 1941 1609 2010 v).
1626 1940 1685 1995 Non
1699 1940 1813 1996 dicimus
1829 1942 1978 1998 Ecclesiam
1997 1959 2062 2015 pcr-

1269 2031 1401 2087 mansissc
1415 2031 1596 2097 meretricem,
1620 2032 1667 2086 sed
1689 2030 1869 2087 dussellum
1892 2043 1919 2089 et
1943 2034 2064 2092 Simonis

426 2137 483 2197 uat,
510 2131 581 2186 hane
600 2131 723 2202 protinus
744 2129 826 2186 etiam
841 2128 952 2182 lubrice
971 2125 1149 2196 cogitationes
1162 2132 1218 2179 tur·
1231 2104 1256 2165 Β
1270 2121 1367 2192 leprosi
1393 2122 1472 2176 domo
1486 2120 1613 2175 Salvator
1640 2123 1769 2176 scribitur
1795 2123 1878 2178 inisse
1908 2125 2078 2182 convivium·

425 2218 503 2285 bant,
527 2227 557 2274 ut
570 2234 629 2289 quae
642 2218 782 2274 sublevata
796 2218 928 2272 immenso
946 2229 1057 2269 munere
1072 2213 1217 2280 exaltatur,

426 2309 508 2364 etiam
521 2310 670 2364 tentatione
680 2308 795 2379 pulsata,
811 2306 875 2376 quid
886 2306 931 2372 sit,
946 2305 1073 2361 inveniat.
1086 2302 1132 2359 Sic
1146 2304 1219 2360 Elias

426 2408 455 2454 et
470 2398 597 2454 visitatas
608 2399 723 2468 desuper
736 2412 859 2454 sermone
872 2397 955 2451 coelos
965 2394 1072 2466 aperuit
1083 2393 1143 2466 (til
1153 2393 1217 2465 llep.

425 2487 515 2559 xvur),
535 2496 563 2543 et
578 2496 667 2543 tamen
682 2488 812 2558 probatus
836 2486 926 2542 subito
946 2485 1085 2551 insumus,
1112 2499 1161 2554 per
1173 2484 1219 2540 de-

425 2586 498 2634 serta
516 2578 634 2649 fugiens,
653 2593 735 2632 unam
762 2577 904 2632 mulierem
929 2576 1039 2646 expavit
1063 2572 1123 2647 (tlt
1152 2572 1218 2644 liep.

425 2669 493 2743 nrt).
513 2671 559 2727 Sic
573 2670 673 2727 Paulus
687 2672 720 2726 ad
735 2671 843 2725 tertium
859 2668 956 2724 coelttm
978 2666 1085 2722 ducitur
1100 2657 1217 2738 (ll'Cor.

426 2761 487 2832 ιιι),
502 2761 619 2830 paradisi
630 2772 777 2830 penetrans
790 2766 895 2814 secreta
909 2755 1074 2820 considerat,
1086 2764 1114 2809 et
1128 2762 1218 2810 tamen

425 2850 460 2904 ad
474 2851 648 2920 semetipsum
663 2851 785 2913 rediens,
813 2854 907 2902 contra
932 2846 1022 2900 carnis
1034 2845 1132 2900 bellurn
1144 2844 1219 2900 labo-

425 2948 490 2995 rat:
508 2940 594 3012 legem
612 2940 691 2995 aliam
716 2941 743 2993 in
766 2938 894 2993 membris
915 2937 1032 2992 sustinet
1057 2934 1217 3009 (dannan),

1270 2213 1377 2285 (llotth.
1394 2212 1480 2277 xxvii,
1493 2214 1587 2281 utique
1602 2229 1654 2267 non
1666 2214 1728 2283 quia
1744 2214 1868 2284 leprosus
1881 2225 1940 2271 crat
1950 2233 1983 2272 co
1995 2225 2065 2273 tcm-

1268 2317 1335 2373 pore
1359 2317 1412 2371 quo
1426 2301 1543 2357 babebat
1558 2303 1692 2372 hospitem
1716 2302 1895 2371 salvatorem,
1923 2307 1972 2360 scd
1999 2308 2064 2377 quia

1270 2394 1391 2465 leprosus
1405 2402 1468 2450 aute
1487 2393 1586 2450 lucrat.
1611 2395 1754 2451 Mattheus
1771 2411 1878 2468 quoque
1900 2399 1927 2454 iu
1941 2400 2066 2470 catalogo

1269 2486 1452 2557 apostolorum
1485 2485 1643 2555 publicanus
1670 2486 1769 2541 dicitur
1796 2487 1906 2560 (llutth.
1936 2489 1986 2560 x),
2009 2505 2065 2559 nou

1270 2579 1341 2648 quod
1355 2579 1536 2648 permanserit
1547 2579 1707 2649 publicanus
1717 2589 1779 2648 post
1791 2580 1965 2649 apostolicam
1977 2581 2066 2651 digni·

1271 2679 1365 2735 tatem,
1377 2669 1424 2725 scd
1438 2671 1500 2740 quia
1511 2670 1587 2739 prius
1597 2668 1684 2724 luerat
1697 2670 1865 2740 publicanus,
1879 2679 1909 2724 ut
1921 2670 1966 2725 ubi
1979 2672 2066 2727 abnu-

1270 2760 1382 2816 daverat
1399 2767 1558 2830 peecatum,
1575 2759 1806 2830 superabundaret
1820 2759 1907 2829 gratia
1921 2758 2008 2830 (dont.
2025 2760 2064 2831 r).

1270 2850 1410 2921 Simulque
1420 2850 1562 2905 considera
1577 2851 1641 2921 quid
1655 2851 1726 2906 dicat
1741 2850 1863 2906 Ecclesia
1882 2860 1976 2906 contra
1992 2852 2065 2922 Syn-

1270 2954 1383 3012 aqogam
1400 2939 1652 2994 calumniatricem:
1681 2956 1690 2989 r
1708 2938 1764 3009 Ego
1785 2946 1812 2993 et
1831 2939 1929 2994 mulier
1942 2939 1999 2993 baec
2013 2939 2065 2993 ha·

425 3027 503 3099 culus
527 3029 555 3085 iu
572 3030 718 3086 rebellione
745 3029 852 3100 fatigari
877 3028 994 3098 Spiritus
1022 3026 1107 3097 legem
1134 3026 1216 3082 dolet.
1269 3028 1424 3085 bitabaurus
1436 3030 1462 3084 in
1476 3031 1555 3085 domo
1567 3046 1630 3085 una.
1649 3030 1732 3085 »Post
1744 3031 1970 3086 resurrectionem
1991 3030 2064 3085 euim

426 3117 504 3187 Quod
523 3128 584 3191 post
601 3120 776 3176 donationem
801 3135 866 3191 ergo
881 3120 1002 3174 muueris
1017 3119 1119 3176 idcirco
1146 3120 1219 3175 Deus
1270 3120 1378 3176 bomini
1392 3118 1542 3175 salvatoris
1554 3135 1607 3174 una
1621 3118 1655 3173 dc
1671 3127 1786 3188 utroque
1796 3120 2064 3191 pupulocongregata

426 3212 563 3268 homiuem
578 3213 685 3283 probat,
701 3215 762 3283 quia
785 3213 884 3269 collatu
906 3225 1018 3267 munere
1028 3211 1160 3277 sublevat,
1179 3219 1218 3277 et,
1270 3221 1321 3269 cst.
1347 3213 1381 3267 Et
1395 3228 1475 3282 quam
1487 3212 1625 3282 eleganter
1640 3212 1771 3271 Ecclesia,
1790 3213 1918 3282 «peperi,
1936 3230 1946 3264 ι
1966 3212 2064 3282 inquit,

426 3301 564 3359 abstracto
572 3304 718 3373 paululum,
731 3304 818 3376 ipsum
830 3304 880 3359 sibi
892 3303 1030 3359 homiuem
1038 3302 1217 3360 demonstrat.
1274 3323 1283 3357 r
1304 3304 1375 3374 apud
1397 3318 1457 3358 eam
1479 3304 1506 3357 in
1522 3302 1661 3358 cubiculo!
1680 3323 1689 3356 ι
1707 3302 1827 3357 Ecclesia
1842 3304 1915 3356 cuim
1927 3303 1960 3356 de
1976 3304 2064 3373 genti·

425 3395 502 3464 Quod
514 3410 548 3451 co
560 3412 646 3467 usque
666 3396 759 3471 procul
776 3395 858 3452 dubio
871 3396 1006 3467 patimur,
1020 3412 1073 3466 qno
1084 3395 1118 3451 de
1144 3403 1219 3451 terra
1271 3396 1332 3461 bus,
1349 3408 1410 3465 quae
1424 3409 1477 3449 non
1496 3392 1613 3448 babebat
1627 3392 1702 3463 prius
1714 3391 1800 3463 legem
1814 3399 1842 3446 et
1851 3392 2007 3461 prophetas,
2019 3406 2065 3461 pc·

425 3483 547 3542 funditus
572 3486 632 3543 labo
650 3487 755 3556 peccati
783 3488 817 3543 ad
841 3487 983 3557 promisse
1006 3486 1218 3566 incorruptionis
1231 3467 1255 3532 C
1270 3488 1341 3559 perit
1351 3486 1379 3541 iu
1387 3486 1466 3541 domo
1479 3483 1638 3556 Synagoqae,
1651 3498 1702 3539 nec
1713 3497 1821 3554 egressa
1830 3491 1873 3536 est
1885 3481 1920 3536 de
1931 3481 2065 3548 cubiculo,

425 3578 606 3635 substantiam
632 3579 821 3637 reformemur.
845 3579 981 3647 Quantum
1006 3578 1041 3634 ad
1067 3578 1219 3649 simplicem
1269 3582 1319 3637 scd
1346 3581 1477 3652 ingressa.
1505 3579 1583 3636 Unde
1601 3578 1665 3633 dicit
1685 3577 1712 3631 in
1736 3574 1849 3631 Cantieo
1872 3574 2063 3631 canticorum:

426 3668 567 3724 historiam
581 3668 708 3739 pertinet,
729 3669 872 3739 perspicua
887 3677 939 3734 est,
967 3667 1038 3739 quod
1052 3682 1119 3737 puer
1131 3682 1218 3724 anuo·
1273 3690 1283 3724 r
1299 3671 1450 3728 Introduxit
1471 3685 1514 3725 me
1527 3684 1575 3724 rex
1591 3669 1618 3723 in
1634 3667 1786 3723 cubiculum
1799 3681 1877 3721 suum
1891 3662 1979 3737 (Cant.
1993 3664 2036 3735 ιι).
2052 3684 2062 3718 ι

427 3759 651 3826 l1¹¹¹ld¹¹⁰d00311¹2
673 3759 937 3815 fflsslmaelalisdssae
947 3773 1112 3823 mensuram,
1128 3757 1218 3813 deln-
1270 3763 1304 3818 Et
1333 3763 1431 3817 iterum
1462 3760 1586 3830 equidem
1614 3771 1669 3813 uon
1700 3766 1873 3828 spernentem
1901 3770 2064 3811 assumens:

427 3849 495 3904 tirno
514 3850 640 3904 hnmanae
651 3847 897 3918 rraturaejndtearet
910 3847 1017 3904 affectu.
1040 3847 1118 3904 Unde
1130 3856 1158 3903 ct
1169 3848 1219 3902 ad·
1273 3871 1282 3904 r
1299 3852 1471 3909 introducam
1486 3858 1512 3906 te
1527 3849 1554 3903 in
1569 3850 1679 3904 domum
1694 3847 1790 3902 matris
1801 3861 1878 3912 mee,
1891 3853 1920 3902 et
1943 3846 1972 3901 in
1987 3846 2065 3903 cubi·

427 3940 543 3995 miratus
556 3947 598 3995 est
619 3948 648 3995 et
668 3938 810 4011 pertimuit
827 3939 904 3993 illum
922 3938 1010 3996 omnis
1029 3936 1121 4004 lsrael,
1147 3937 1219 4008 quod
1269 3944 1359 4001 culum
1375 3942 1433 4012 eius
1446 3956 1508 4012 quae
1524 3940 1648 4010 concepit
1661 3955 1705 3996 me
1717 3936 1807 4012 (Cant.
1822 3935 1883 4008 viu)

426 4027 531 4085 scilicet
549 4044 611 4086 curn
626 4028 770 4086 manifesta
786 4044 839 4085 uon
860 4028 993 4100 lugerent,
1018 4028 1066 4099 qui
1079 4035 1134 4084 tarn
1152 4044 1219 4100 pru-

427 4118 523 4174 llesslffl'
539 4118 698 4175 ³b⁸⁰⁰¹¹dlla
719 4118 952 4190 deprehendlsoel·
981 4116 1117 4184 Quantum
1130 4117 1164 4173 {td
1175 4127 1219 4190 ly·
1272 4146 1282 4180 r
1301 4134 1328 4183 et
1344 4126 1412 4182 haec.
1429 4146 1438 4178 r
1463 4125 1491 4181 Si
1511 4124 1671 4180 'consideres
1687 4121 1810 4177 'Pilatum
1824 4123 1958 4176 lavantem
1968 4135 2065 4177 manus

427 4208 502 4279 Plc⁰⁸
516 4208 632 4279 Ρθῑῑῑῦθῑ
656 4207 819 4270 menemus»
843 4207 949 4263 *Ῑῑθθῦῑθ
971 4206 1101 4279 ᾹΡθδῐθῙΟ
1116 4206 1141 4280 (Ῑ
1156 4206 1219 4263 CM·
1270 4227 1351 4288 atque
1362 4216 1514 4273 dicentem:
1532 4232 1541 4266 r
1558 4213 1734 4284 llunduscgo
1748 4228 1807 4267 suut
1822 4227 1837 4265 a
1855 4212 1986 4282 sanguiue
1998 4210 2065 4282 justi

427 4299 455 4370 Χ)
471 4313 479 4351 ²
495 4315 505 4349 ‘
523 4296 586 4355 ¹¹³⁰⁰
596 4298 687 4354 ⁰¹¹¹¹¹l³
703 4297 729 4353 5¹¹
753 4295 838 4369 “8¹⁸³
856 4296 1048 4367 fflnfiflssebissl
1066 4294 1129 4362 illis,
1149 4297 1219 4352 scri·
1271 4309 1348 4365 istius
1359 4308 1467 4382 (blarru.
1482 4303 1588 4377 srvu);
1605 4304 1629 4361 si
1644 4304 1826 4360 centurionem
1839 4309 1901 4356 autc
1914 4301 2065 4370 patibulum

426 4400 472 4463 nu
487 4399 550 4447 sunt
572 4399 662 4448 autem
682 4390 716 4447 de
739 4390 828 4456 robis,
853 4388 880 4444 tn
893 4403 961 4459 qnos
979 4387 1220 4444 unessaeeunrum
1271 4396 1466 4456 contenent:
1496 4398 1591 4453 «vere
1604 4396 1649 4453 nte
1668 4403 1725 4450 erar
1744 4394 1832 4449 riuus
1851 4393 1899 4447 net
1919 4391 2032 4465 (roten
2052 4412 2063 4446 ι

428 4482 630 4550 devenerunt,r
658 4482 769 4552 quidam
791 4480 947 4537 Graecorum
971 4485 1114 4534 autumant
1139 4494 1222 4550 super
1270 4490 1293 4545 sp
1307 4504 1354 4544 ρος
1363 4465 1487 4558 quiante
1497 4485 1660 4556 passionem,
1672 4498 1721 4554 per
1734 4481 1896 4551 Philippum,
1919 4481 2067 4536 Dominum

426 4574 599 4648 synagogam
616 4582 646 4630 el
658 4573 808 4631 Ecclesiam
835 4572 1015 4637 sentiendum,
1042 4580 1071 4627 θῑ
1093 4572 1127 4627 ad
1155 4570 1220 4625 illud
1270 4582 1362 4635 videre
1373 4578 1528 4635 desiderant
1538 4575 1630 4650 (loen.
1647 4575 1713 4646 xul:
1728 4576 1799 4629 baud
1814 4575 1934 4645 ambiges
1946 4574 2067 4644 primam

428 4673 535 4736 lembus
556 4672 654 4721 ΜΘΝ
672 4662 832 4729 referenda>
857 4662 965 4734 dfllssd⁰
988 4670 1048 4733 9⁰⁵¹
1068 4675 1179 4717 “⁰⁰⁸1ss
1193 4668 1221 4715 ΘΙ
1271 4668 1408 4740 peperisse
1428 4667 1587 4732 Ecclesiam,
1609 4673 1637 4720 et
1652 4674 1748 4736 postea
1762 4672 1855 4719 natum
1869 4663 1997 4734 populum
2014 4662 2063 4717 lu-

427 4755 665 4821 resurrectionem,
690 4765 745 4811 tam
760 4755 787 4811 in
804 4754 980 4823 israelquam
992 4753 1019 4807 in
1037 4754 1155 4822 gentium
1168 4768 1218 4823 po-
1271 4758 1406 4823 deornm,
1434 4771 1483 4826 pro
1506 4770 1560 4825 quo
1582 4755 1712 4810 Dorulaus
1738 4753 1920 4823 precabatur:
1945 4752 2064 4821 «Pater,

425 4848 529 4920 pulum,
548 4863 628 4904 verus
637 4846 776 4912 Salomon,
790 4846 817 4901 id
835 4854 877 4901 est
888 4845 1026 4915 paciilcus,
1041 4860 1154 4915 regnare
1163 4859 1219 4901 coe·
1271 4847 1378 4919 ignosce
1389 4846 1450 4912 illis,
1462 4847 1526 4917 quid
1537 4847 1609 4901 culm
1620 4843 1934 4916 taetantneseiuntqtnr.
1945 4846 2036 4915 ritui.
2049 4865 2060 4899 r
2119 4891 2122 4896 a

425 4939 506 5008 perit.
522 4936 598 5004 Quod
613 4946 703 4990 aulem
717 4936 845 4991 adultere*
858 4943 886 4989 θῑ
897 4934 1054 4990 meretrices
1077 4933 1218 5006 synagoga
1270 4939 1382 5009 Unaque
1399 4939 1443 4994 dic
1457 4939 1630 4995 crediderunt
1644 4938 1695 4992 tria
1709 4937 1802 5002 millia,
1825 4944 1855 4991 et
1870 4935 1922 4990 alia
1942 4936 2063 5007 quinque

423 5032 455 5079 ct
466 5023 587 5078 Ecclesia
598 5021 780 5093 inScripturis
791 5022 926 5088 dicautur,
938 5021 1009 5076 uuila
1022 5022 1153 5079 dubitatio
1166 5033 1217 5080 est.
1269 5029 1351 5083 millia
1367 5030 1434 5101 (det.
1447 5028 1487 5100 ιι).
1510 5047 1520 5079 r
1536 5028 1650 5083 Erarnus
1662 5028 1742 5082 simul
1755 5026 1823 5099 (det.
1839 5022 1887 5096 rr).
1911 5025 2061 5083 Multitudi-

426 5113 461 5167 Et
475 5113 526 5168 hoc
538 5112 625 5183 prima
648 5110 737 5168 fronte
753 5111 931 5169 videturesse
945 5113 1143 5184 blasphemum.
1159 5115 1217 5170 Cae·
1268 5120 1311 5174 uis
1324 5130 1414 5174 autem
1436 5118 1603 5175 credentium
1616 5127 1676 5173 erat
1688 5133 1737 5173 cor
1755 5131 1838 5171 unum
1853 5123 1881 5172 et
1893 5116 1983 5171 anima
2008 5133 2061 5173 una

426 5214 515 5262 terum
529 5206 552 5261 si
566 5220 737 5261 recurramus
759 5205 793 5260 ad
810 5208 966 5277 prophetas,
991 5206 1060 5264 Osee
1082 5208 1216 5274 videlicet,
1269 5206 1387 5281 (ibidis

426 5294 474 5364 qui
492 5294 597 5365 accepit
616 5309 727 5350 uxorem
750 5292 942 5362 fornicariam,
964 5303 992 5351 et
1013 5306 1125 5366 generat
1146 5298 1216 5356 illios
1306 5298 1424 5355 «Nullus
1437 5313 1545 5369 quoque
1559 5297 1628 5352 alius
1638 5298 1666 5352 iu
1678 5297 1758 5351 domo
1772 5296 1925 5361 nobiscum,
1939 5297 2062 5365 exceptis

427 5382 615 5439 [amicationis
638 5392 667 5441 et
690 5384 787 5440 deiude
810 5383 961 5441 adulteram
985 5385 1057 5459 (Ore.
1071 5386 1109 5459 t);
1136 5390 1216 5445 etad
1270 5391 1370 5445 «nobis
1384 5389 1498 5445 duabus.
1516 5409 1525 5440 ι
1542 5386 1600 5443 h'on
1623 5387 1868 5457 blasphemantium
1893 5386 2059 5453 ludaeorum,

427 5473 563 5541 Ezechiel,
586 5474 633 5548 qui
654 5473 805 5532 Jerusalem
831 5477 909 5547 quasi
931 5479 1102 5535 meretricem
1116 5482 1215 5550 arguit,
1268 5497 1321 5538 non
1333 5481 1471 5553 gentilium
1490 5480 1568 5536 idolis
1585 5464 1770 5534 servientium.
1797 5476 1943 5532 ellortuus
1956 5484 1998 5532 est
2011 5492 2061 5532 aa·

425 5567 500 5637 quod
509 5575 602 5623 secuta
616 5567 652 5623 sit
662 5575 797 5624 amatores
810 5583 884 5634 suos,
901 5576 929 5623 et
940 5568 1128 5624 divaricaverit
1142 5570 1215 5625 omui
1270 5582 1344 5628 rtem
1354 5571 1425 5626 iilius
1438 5567 1646 5638 mulieriebujus
1658 5576 1747 5623 noete.
1760 5568 1846 5621 »burn
1859 5565 1926 5636 legis
1937 5566 2062 5636 seqnitur

427 5658 580 5715 turnseuuti
593 5660 685 5729 pedes.
700 5660 865 5729 lupanarque
879 5659 906 5712 in
921 5658 980 5714 loco
995 5660 1095 5715 celebri
1105 5669 1215 5715 exstrn·
1266 5659 1477 5725 observantiam,
1491 5659 1642 5730 etgratiam
1654 5654 1864 5724 Evangeliijugo
1878 5651 2061 5709 llosaicaetle-
2109 5709 2113 5716 ,

428 5748 499 5805 xerit
520 5748 629 5807 (Erech.
652 5749 730 5821 xvr);
753 5750 1001 5806 animadvertamus
1024 5750 1161 5806 Christum
1175 5750 1216 5807 id·
1267 5751 1362 5807 ctriuae
1385 5748 1513 5819 copulat,
1537 5747 1708 5802 tenebrarum
1730 5758 1823 5798 errore
1847 5753 1976 5812 cooperta
2005 5750 2060 5798 est.

426 5840 501 5897 circo
514 5856 557 5897 vet
567 5840 621 5897 itsc
634 5849 665 5897 ut
678 5841 833 5897 meretrices
847 5841 960 5897 donaret
982 5842 1165 5908 ruatrimcnio,
1189 5851 1216 5898 et
1270 5860 1279 5893 r
1298 5840 1489 5911 oppressitque
1499 5853 1561 5893 eum
1576 5836 1712 5892 dormiens
1724 5842 1812 5888 nrater
1830 5848 1889 5898 sua,
1903 5852 1912 5885 ι
1925 5846 1986 5902 quae
2005 5846 2060 5887 uon

427 5930 461 5985 de
474 5931 577 5990 duobus
594 5932 719 6003 gregibus
742 5947 825 5987 unurn
851 5932 921 5987 orile
939 5931 1050 5997 laceret,
1074 5916 1216 6002 medioque
1267 5931 1353 6000 potuit
1368 5931 1458 5985 dicere
1482 5949 1488 5983 ε
1517 5946 1526 5979 ι
1543 5927 1598 5997 Ego
1612 5924 1727 5988 dormio,
1753 5931 1779 5976 et
1802 5938 1849 5978 eor
1863 5936 1953 5977 mcum
1966 5919 2061 5992 vigilat

428 6020 531 6091 pariete
542 6024 690 6085 destructo,
705 6023 732 6078 iu
746 6023 853 6080 easdem
867 6023 959 6079 caulas
976 6038 1041 6079 oves
1055 6024 1129 6093 prius
1140 6040 1214 6079 ruor—
1269 6019 1356 6083 (Cant.
1372 6022 1409 6083 vl.
1426 6042 1435 6073 ι

1308 4053 1318 4087 r
1336 4033 1426 4090 Tertia
1440 4041 1530 4089 autem
1549 4032 1603 4098 dic,
1624 4039 1766 4102 postquam
1776 4043 1830 4100 ego.
1845 4028 1948 4099 peperi,
1961 4028 2066 4099 peperit
2104 4101 2106 4104 ι
