4709 6767
363 616 416 674 err

922 608 1104 674 lzxee‘sttto
1122 620 1154 674 tn
1175 620 1304 678 ttondit
1323 618 1456 678 lUUl'l‘ll.

1956 631 2008 694 tlt

369 752 378 783 ι
402 728 540 787 scandatis
556 728 694 796 deorsum,
707 729 755 784 scd
767 730 844 800 quasi
872 730 1003 802 impetum
1018 730 1160 790 facientes.
1174 736 1200 796 A
1215 734 1379 805 taliterque
1402 737 1428 790 in
1441 736 1481 791 eis
1495 734 1706 795 famosissimam
1718 737 1859 794 victoriam
1874 744 1907 797 de
1925 742 2013 805 bosti-

368 844 379 872 ι
403 823 480 879 Tunc
499 821 684 893 exploratores
712 836 823 876 necesse
850 823 911 888 erit,
940 833 970 878 ut
998 823 1104 894 fugiant
1128 824 1163 879 ad

370 933 380 964 ι
404 914 555 984 principem
569 926 648 967 suum
661 911 834 967 excitandum
849 913 882 966 ad
902 927 1028 982 pugnam.
1043 913 1164 983 Cumque

371 1024 380 1054 ι
401 1005 485 1059 ιιεεε
498 1018 593 1058 eorum
615 998 786 1056 cucurrerint
810 1003 844 1056 ad
861 1004 1066 1059 tabernaculum
1082 1004 1164 1060 Uolo·

371 1111 380 1142 ι
404 1091 500 1157 lenuis,
516 1098 544 1145 et
572 1090 725 1144 invenerint
751 1105 812 1144 eum
832 1101 957 1147 truncum
976 1093 1002 1146 in
1027 1108 1075 1148 sno
1101 1109 1164 1149 san·

371 1206 380 1234 t
401 1184 482 1254 guine
502 1182 664 1246 rolutatum,
686 1181 792 1236 decidet
808 1197 890 1250 super
913 1196 960 1237 eos
977 1183 1066 1237 timor.
1082 1182 1164 1237 Cum·

371 1297 380 1327 ι
403 1291 456 1346 que
468 1274 650 1346 cognoveritis
662 1272 755 1345 lugere
779 1290 837 1340 eos,
853 1274 889 1330 ite
903 1283 964 1347 post
989 1275 1050 1330 illos
1064 1275 1163 1342 securi,

372 1388 380 1417 ι
403 1365 534 1437 quoniam
562 1364 693 1419 Dominus
710 1373 835 1418 conteret
848 1379 896 1419 eos
920 1364 970 1419 sub
984 1365 1098 1434 pedibus
1118 1378 1164 1419 re·

372 1458 508 1514 astris.»
535 1457 619 1513 Decet
649 1455 769 1512 Ecclesia
805 1464 928 1511 materno
953 1455 1050 1512 allecta
1081 1469 1163 1526 atquc

369 1546 518 1618 magistrali
532 1545 695 1601 auctoritate
721 1545 791 1600 lilios
815 1561 889 1612 suos,
913 1548 1031 1616 qualiter
1057 1547 1162 1604 bostem

368 1638 538 1708 spiritualem
557 1637 748 1707 insequantur,
762 1636 867 1693 seilicet
879 1646 907 1691 nt
921 1653 982 1693 enm
994 1638 1092 1692 exierit
1111 1638 1162 1703 sol,

370 1731 535 1801 suspendant
547 1738 627 1799 caput
641 1729 743 1784 inimici
759 1729 799 1784 sni
813 1744 895 1798 super
909 1745 1001 1784 muros
1014 1745 1095 1796 suos;
1112 1731 1164 1784 boc

370 1831 420 1887 est,
439 1837 502 1876 cum
515 1821 647 1876 serenitas
662 1821 760 1874 dirinae
778 1820 937 1890 placationis
954 1830 982 1875 ct
995 1821 1105 1891 superui
1118 1836 1163 1876 so-

369 1912 425 1967 latii
442 1911 497 1966 illis
520 1911 729 1980 resplenduerit,
758 1925 820 1964 mor
836 1911 982 1964 contritam
1010 1911 1162 1980 superbiam

368 2001 455 2055 bostis
474 1999 578 2069 antiqui
603 1999 727 2053 doctrina
755 1998 982 2068 evangelicaque
1006 2000 1162 2055 rrruniuntur

1215 825 1267 880 bus
1287 827 1345 881 suis
1371 827 1492 896 percepit
1517 845 1523 880 :
1549 834 1578 881 ut
1600 826 1729 898 figuraret
1747 827 1853 885 loturos
1874 832 2012 915 Evangelii

1213 929 1362 983 praecones,
1378 915 1476 984 quibus
1494 916 1648 972 colluctatio
1662 933 1716 972 non
1732 928 1792 972 erat
1804 923 1922 990 gerenda
1944 940 2011 980 con-

1215 1013 1257 1059 tra
1269 998 1380 1060 coronent
1398 1017 1425 1062 et
1440 1008 1610 1078 sanguinem,
1622 1009 1669 1062 sed
1682 1010 1812 1065 adsersus
1824 1012 1960 1083 principes
1979 1025 2009 1072 et

1214 1102 1362 1164 potestates
1383 1097 1461 1151 istius
1482 1098 1585 1161 saculi,
1609 1100 1741 1154 adversus
1764 1101 1858 1155 nrurrdi
1886 1116 2010 1163 rectores

1215 1186 1386 1239 tenebramm
1407 1187 1514 1251 irarum,
1538 1195 1632 1242 contra
1647 1188 1799 1256 spiritualia
1826 1191 1955 1259 nequitiae
1981 1194 2011 1250 in

1215 1275 1380 1342 coelcstibus,
1396 1292 1462 1332 roce
1485 1277 1686 1345 predicationis
1700 1287 1727 1332 et
1742 1279 1934 1336 miraculorum
1956 1283 2009 1338 lul-

1215 1381 1278 1436 gere
1295 1369 1391 1438 aragia,
1407 1383 1487 1436 quam
1501 1382 1640 1420 armorum
1656 1370 1884 1438 conquassatione
1908 1380 2011 1428 terrere

1215 1469 1297 1527 atque
1320 1472 1450 1527 superare
1479 1459 1571 1513 hostes
1598 1458 1746 1514 universos.
1777 1460 1810 1515 Et
1838 1460 1909 1515 inlra
1934 1463 2011 1530 dicit,

1215 1549 1340 1618 Assyrios
1364 1563 1417 1602 nou
1437 1548 1570 1602 adunatos
1596 1549 1624 1601 in
1649 1545 1741 1617 lugam
1763 1563 1823 1603 esse
1846 1551 2011 1620 praecipites,

1215 1638 1285 1694 lilios
1304 1648 1394 1695 autem
1420 1639 1504 1695 lsrael
1528 1655 1580 1694 nrm
1601 1641 1708 1709 agrnine
1733 1656 1780 1694 eos
1798 1654 2011 1715 persequentes;

1215 1734 1278 1802 quia
1291 1748 1457 1802 paganorum
1474 1743 1501 1786 et
1517 1733 1716 1796 laerct'tcorntn,
1733 1743 1759 1787 ει
1773 1735 1893 1787 anutium
1911 1737 2007 1806 impio-

1215 1839 1275 1877 rum
1294 1823 1456 1894 multiplices
1471 1834 1533 1878 suut
1552 1839 1670 1887 errores,
1688 1834 1714 1878 ot
1738 1825 1813 1878 rat-ia
1831 1825 2008 1895 iniquitatum

1215 1913 1303 1978 devia,
1318 1914 1346 1967 in
1365 1915 1464 1983 quibus
1484 1915 1597 1984 dispersi
1616 1930 1753 1985 ttutrquam
1769 1930 1798 1969 se
1815 1918 2007 1974 coadunarem

1217 2006 1258 2058 ria
1280 2006 1392 2076 justitiae
1415 2017 1538 2076 possunt.
1565 2007 1683 2077 Populus
1708 2016 1797 2062 autem
1820 2009 1878 2074 Dei,
1905 2021 1932 2064 et
1953 2012 2011 2066 reri

367 2089 509 2145 tredeflles
523 2088 648 2146 omnibus
673 2088 847 2160 Ullefacl'lssl,
864 2098 891 2144 et
902 2088 987 2143 induti
1004 2089 1088 2144 arulis
1110 2104 1166 2145 cte·
1180 2094 1203 2152 B
1218 2097 1387 2155 consessores
1410 2097 1512 2154 Christi
1528 2116 1581 2155 uuo
1599 2101 1717 2169 agmine,
1735 2103 1787 2156 boc
1802 2108 1856 2165 cst,
1879 2116 1932 2156 uno
1947 2100 2010 2157 lidei

365 2179 492 2248 lestibns,
507 2180 599 2245 idest,
614 2187 692 2235 scuto
707 2178 779 2243 lidei,
794 2178 877 2234 lorica
887 2178 1011 2248 justitiae,
1029 2180 1105 2251 galea
1119 2194 1163 2234 sa·

365 2272 440 2339 lutis,
456 2271 546 2343 gladio
559 2270 680 2341 spiritus,
694 2270 766 2340 quod
791 2278 832 2324 cst
849 2268 961 2324 verbum
977 2267 1037 2334 liei,
1052 2284 1104 2323 non
1116 2284 1161 2323 se·

364 2364 467 2438 gniter,
486 2363 534 2418 εει
547 2361 655 2417 sortiter
670 2359 843 2415 inimicorum
867 2374 982 2415 cuneum
997 2374 1162 2429 persequan-

364 2465 421 2509 tur.
436 2453 473 2508 Aa
485 2452 525 2508 illi
537 2452 694 2509 obedientes
708 2450 767 2506 roci
782 2450 921 2522 magistrae
932 2465 980 2519 per
990 2449 1092 2516 orrrnia,
1108 2450 1162 2507 sic-

363 2557 395 2602 ut
409 2528 492 2601 eraut
507 2544 606 2608 edocti,
636 2542 674 2597 ita
695 2541 807 2596 iaciunt.
837 2541 911 2595 Unde
934 2541 1058 2597 exterriti
1082 2542 1164 2597 duces

364 2636 476 2692 adversi
499 2633 636 2689 exercitus
654 2634 688 2687 ad
710 2632 859 2703 principem
873 2621 963 2686 'suum
978 2631 1163 2687 suscitandum

363 2727 405 2780 irc
437 2732 582 2795 coguntur,
609 2739 671 2779 cum
696 2722 775 2792 primi
802 2731 1007 2792 persecutorum
1039 2722 1162 2778 ridentes

348 2825 469 2871 sanctae
480 2815 608 2870 Ecclesiae
627 2815 758 2869 uanitatem
772 2824 800 2869 et
813 2813 938 2869 fiduciam
954 2823 1048 2869 contra
1059 2830 1088 2869 se
1103 2830 1164 2870 ere·

364 2919 450 2972 ctam,
467 2908 501 2962 ad
523 2906 592 2962 idola
616 2917 707 2962 suaet
731 2904 798 2960 laisa
823 2907 933 2961 numina
952 2915 1118 2961 concurrunt
1134 2916 1164 2961 ut

364 3015 462 3056 eorum
479 2998 629 3053 munimine
642 3006 826 3068 protegantur.
844 2997 896 3052 Sed
911 3013 972 3051 cum
994 2997 1028 3051 ad
1039 3012 1086 3052 eos
1100 3011 1164 3051 con·

1216 2195 1309 2243 tenore
1326 2190 1449 2246 veritatis
1465 2192 1600 2247 tramitem
1624 2199 1750 2261 pergunt,
1766 2199 1794 2247 ct
1806 2201 1909 2247 certam
1922 2193 2010 2249 victo·

1215 2280 1282 2334 riam
1297 2281 1331 2336 ιε
1345 2281 1567 2349 persecutoribus
1581 2284 1637 2337 suis
1653 2286 1772 2353 capiunt.

1252 2389 1261 2419 ι
1281 2369 1407 2440 llisitque
1431 2370 1512 2428 Ozias
1527 2373 1637 2428 nntrtios
1654 2388 1704 2443 per
1726 2388 1820 2429 ornnes
1836 2376 1960 2431 civitates
1980 2385 2009 2431 et

1217 2460 1371 2530 «regiones
1394 2461 1487 2517 lsrael.
1510 2462 1604 2518 Uumis
1637 2464 1729 2533 itaque
1754 2465 1840 2534 regio,
1867 2467 2011 2534 neutrisque

1218 2570 1226 2602 t
1246 2552 1310 2606 urbs
1326 2551 1438 2607 electam
1449 2552 1620 2621 iuuentutem
1635 2565 1768 2608 armatam
1786 2555 1860 2609 misit
1876 2565 1937 2625 post
1949 2570 2007 2621 coa,

1216 2661 1224 2694 ι
1245 2631 1419 2714 ει’ρειεεειιιί
1432 2653 1494 2698 ειιιιι
1510 2659 1557 2699 cos
1571 2646 1596 2698 in
1613 2659 1660 2700 oro
1677 2644 1768 2715 glalii,
1787 2660 1927 2716 (quousque
1945 2661 2008 2716 prr-

1216 2754 1226 2787 ι
1246 2736 1370 2790 ιειιίιειιι
1389 2736 1423 2791 ad
1438 2737 1636 2792 extremitatem
1654 2737 1748 2792 finium
1765 2755 1886 2794 suorum.
1902 2739 2008 2808 Reliqui

1217 2842 1225 2874 t
1249 2833 1350 2891 autern,
1365 2827 1502 2895 quierant
1515 2827 1541 2881 in
1558 2827 1694 2893 Bcssbulia,
1709 2828 1823 2900 ingressi
1839 2839 1902 2883 sunt
1918 2839 2008 2883 castra

1216 2931 1226 2964 ι
1246 2912 1430 2986 Assyriomm,
1450 2925 1476 2971 et
1496 2917 1625 2987 predam,
1650 2934 1731 2988 quam
1752 2917 1886 2990 fugientes
1905 2918 2009 2990 Assyrii

1216 3020 1225 3053 t
1249 3003 1425 3074 reliquerant,
1448 3004 1627 3069 abstulerunt,
1644 3015 1671 3058 et
1683 3007 1802 3059 onustati
1814 3015 1877 3060 sunt
1890 3005 1977 3061 raldc.
1995 3026 2005 3059 r

366 3092 498 3162 lugerint,
511 3091 649 3146 invenient
664 3090 723 3147 illos
747 3090 871 3146 loeditate
895 3093 1010 3163 propriae
1034 3091 1162 3162 nequitiae
1213 3093 1302 3160 Ozias,
1319 3096 1365 3165 qui
1385 3097 1579 3164 iuterpretatur
1596 3097 1676 3150 robur
1695 3097 1812 3161 Dorniut',
1835 3099 1945 3152 nuutios
1960 3113 2009 3168 por

365 3199 429 3238 esse
440 3183 641 3253 spurcissimos,
662 3198 711 3237 nec
725 3183 764 3237 eis
776 3182 885 3251 aliquod
899 3183 1025 3238 solatium
1039 3182 1163 3238 conlerre
1213 3202 1308 3241 orrtrres
1319 3186 1443 3241 civitates
1454 3195 1482 3240 et
1499 3186 1622 3256 regiones
1638 3185 1720 3240 lsrael
1734 3187 1827 3252 ntittit,
1843 3194 1871 3239 et
1884 3188 2010 3241 bortatur

364 3289 457 3345 posse,
474 3290 536 3329 curn
550 3273 601 3344 ipsi
624 3273 698 3329 onrni
712 3274 811 3328 virtute
824 3281 904 3344 atque
919 3274 1016 3328 robore
1039 3283 1102 3328 surrt
1117 3275 1163 3328 de·
1214 3292 1262 3331 eos
1276 3277 1370 3331 venire
1384 3277 1417 3331 ad
1440 3277 1641 3347 persequendos
1661 3276 1763 3341 bostcs,
1780 3291 1842 3331 cum
1860 3278 2010 3332 strenuitas

364 3368 466 3422 stituti.
483 3366 559 3422 Unde
581 3365 650 3437 lugan
676 3366 802 3436 praesidio
827 3380 857 3422 se
878 3366 983 3420 salvare
1010 3375 1161 3436 sperantes,
1214 3373 1370 3420 sanctorum
1383 3364 1604 3436 praedicatorum,
1624 3363 1669 3434 qui
1691 3365 1744 3419 lide
1757 3362 1857 3418 Christi
1872 3362 2010 3421 conloria·

365 3458 524 3527 relinquunt
536 3458 637 3522 omnia,
656 3473 718 3512 cum
729 3458 828 3527 quibus
852 3457 1036 3528 temporaliter
1061 3474 1090 3514 se
1108 3474 1160 3514 ce-
1176 3435 1199 3497 C
1217 3455 1235 3511 ti
1258 3464 1331 3520 sant,
1347 3470 1396 3525 per
1411 3455 1523 3509 verbum
1538 3453 1676 3524 Evangelii
1691 3469 1787 3509 οιιιιιεε
1801 3454 1896 3508 incitat
1913 3463 2009 3509 contra

365 3552 434 3605 teris
458 3548 592 3603 excellere
609 3564 689 3619 posse
716 3550 871 3613 credebant,
894 3557 921 3603 ει
940 3565 989 3620 per
1003 3564 1160 3620 camporum
1212 3546 1304 3602 hostes
1325 3540 1487 3601 Christianae
1509 3545 1658 3617 religionis,
1681 3555 1710 3599 ut
1734 3555 1808 3600 recte
1831 3545 1967 3601 eredendo
1981 3554 2009 3602 et

365 3639 424 3692 vias
439 3645 468 3691 et
486 3639 597 3714 semitas
617 3639 727 3693 collium
743 3638 954 3709 disperguntur;
975 3641 1038 3710 quia
1053 3650 1162 3697 nonest
1213 3639 1282 3696 bene
1295 3638 1433 3707 operando
1448 3638 1619 3693 inimicorum
1631 3622 1757 3693 studeant
1768 3639 1930 3709 prostituere
1942 3636 2011 3692 mul·

366 3727 468 3792 rirtus,
482 3741 570 3797 ueqm
584 3725 738 3790 consilium,
754 3742 841 3797 ncque
865 3730 986 3798 potentia
1010 3732 1080 3800 apud
1102 3747 1160 3798 eos,
1214 3730 1366 3786 titudinem.
1393 3729 1469 3787 Unde
1494 3731 1582 3787 omnis
1604 3732 1670 3786 urbs
1695 3739 1723 3785 et
1752 3730 1904 3787 communis
1932 3729 2008 3802 regio

367 3820 414 3888 qni
429 3827 526 3873 contra
540 3817 684 3874 Uorninum
699 3817 832 3874 rebellare
843 3821 999 3890 disponunt,
1015 3824 1085 3878 sicut
1095 3825 1162 3880 scri-
1213 3811 1328 3881 electam
1350 3824 1519 3894 jurentutem
1548 3831 1683 3878 armatam
1708 3824 1782 3878 ntisit
1795 3833 1857 3894 post
1869 3839 1932 3888 eos;
1945 3822 2008 3892 quia

370 3920 447 3984 ptum
463 3921 506 3967 est
523 3930 529 3965 :
549 3931 557 3964 ι
574 3911 634 3967 Non
646 3921 688 3966 est
699 3912 852 3981 prudentia,
877 3929 930 3967 riou
952 3923 994 3969 est
1018 3916 1160 3984 sapientia,
1214 3916 1247 3970 ad
1266 3913 1486 3983 praedicationem
1508 3911 1584 3966 serbi
1600 3911 1647 3966 Uei
1662 3926 1695 3967 en
1713 3913 1836 3982 gentibus
1851 3921 1932 3981 atque
1946 3925 2009 3981 pre-

368 4026 423 4066 non
438 4018 483 4067 est
496 4010 638 4065 eonsilium
656 4018 750 4065 eontra
765 4008 918 4063 llominunr.
936 4028 945 4060 t
963 4010 997 4064 Et
1008 4008 1161 4067 lambrias:
1214 4004 1311 4059 rinciis
1325 4005 1445 4075 probatae
1465 4018 1597 4073 personae,
1611 4011 1638 4056 ει
1653 4001 1756 4056 riribus
1770 3998 1852 4055 animi
1867 3997 2009 4055 imelectae

373 4120 382 4154 ι
403 4100 463 4156 lion
474 4099 593 4171 cllugiet,
618 4098 718 4167 inquit,
742 4098 830 4164 velex,
847 4114 897 4155 uec
919 4099 1061 4155 saltariae
1088 4108 1163 4170 putet
1214 4094 1242 4148 in
1258 4095 1354 4149 ruilitia
1367 4094 1474 4149 Domini
1491 4094 1524 4149 ad
1537 4092 1716 4148 conterendos
1733 4091 1825 4146 hostes
1841 4090 2009 4159 ejusconre·

370 4190 458 4246 lortis.
475 4189 538 4244 Dies
553 4197 643 4244 autem
660 4187 765 4242 Domini
784 4188 953 4263 exercituum
967 4196 1057 4244 sumet
1078 4189 1164 4244 rindi-
1215 4183 1313 4247 nient,
1346 4199 1414 4253 quos
1451 4183 1603 4252 previdens
1635 4182 1661 4235 in
1688 4180 1785 4250 spiritu
1817 4178 1900 4233 lsaias
1933 4178 1971 4231 alt
1998 4195 2007 4232 a

372 4289 440 4334 cmm
454 4280 487 4334 de
500 4280 616 4334 inimicis
632 4280 698 4343 suis,
722 4279 864 4334 devorabit
885 4278 990 4350 gladius
1005 4287 1033 4335 et
1058 4288 1164 4335 satura·
1217 4298 1226 4329 ι
1244 4278 1313 4333 Ecca:
1325 4277 1362 4331 iili
1382 4278 1414 4332 de
1429 4275 1507 4348 louge
1527 4276 1646 4338 reuicnt,
1662 4282 1691 4328 et
1705 4288 1769 4328 ecce
1783 4272 1821 4327 illi
1836 4272 1871 4327 ab
1881 4271 2009 4341 aquilone

373 4369 455 4436 bitur,
467 4378 496 4424 et
507 4368 686 4425 inebriabitur
701 4369 832 4437 sanguine
855 4383 950 4424 corum
964 4366 1031 4439 (der.
1047 4368 1129 4441 tarr).
1151 4389 1160 4421 r
1215 4377 1242 4423 et
1257 4367 1336 4433 mari,
1354 4375 1381 4422 ct
1404 4366 1448 4420 isti
1460 4367 1492 4419 de
1515 4372 1588 4419 terra
1611 4360 1733 4417 australi.
1756 4361 1865 4423 Audite,
1893 4359 1966 4426 coeli,
1980 4368 2008 4415 et

668 4480 783 4537 gqpqq
808 4480 867 4535 gp·
1215 4459 1332 4516 exsultet
1343 4467 1415 4514 terra
1430 4475 1436 4510 ε
1447 4454 1572 4525 jubilate,
1585 4463 1701 4520 montes,
1710 4453 1826 4517 laudem,
1835 4453 1898 4522 quia
1910 4465 2007 4506 conso·

378 4571 490 4645 Populus
511 4572 633 4643 Assyrios
652 4572 680 4626 in
696 4571 786 4641 [apum
798 4573 871 4626 uertit
896 4582 920 4626 et
935 4573 1010 4626 cteris
1024 4571 1165 4643 quumpltt·
1216 4553 1286 4609 lalus
1303 4551 1485 4608 0le⁰¹¹¹3¹¹¹¹⁵
1495 4546 1624 4620 P⁰P⁰¹⁰¹¹¹
1638 4563 1726 4612 suum,
1743 4554 1771 4601 ⁰²
1784 4560 1932 4617 pauperum
1947 4558 2010 4600 ⁸¹¹⁰·

406 4645 621 4713 rimirmoonam
635 4642 753 4713 prodam
768 4651 892 4711 reportat.
910 4642 1031 4697 toacttm
1046 4657 1164 4696 tammus
1217 4662 1276 4702 runi
1308 4643 1480 4699 reserabitur
1504 4641 1582 4714 (lsai.
1608 4638 1694 4712 rure).
1729 4658 1737 4691 ι
1765 4639 1798 4695 m
1823 4639 1892 4694 berre
1911 4637 2010 4692 dicitur

405 4714 525 4784 pontifex
536 4715 568 4766 ab
580 4711 728 4766 Jerusalem
737 4712 868 4765 deseendit
878 4710 1028 4766 Betlrulinm
1040 4722 1067 4766 ιιι
1078 4712 1164 4766 uident

404 4785 510 4849 ledillr,
542 4800 620 4854 quom
646 4782 866 4836 bertedr'etiom'las
893 4781 1053 4846 cornalooit;
1081 4795 1202 4854 popa-1)
1247 4831 1252 4841 ,
1398 4825 1404 4837 .
1647 4823 1653 4834 .
1772 4821 1777 4834 .
1876 4819 1882 4832 .
1913 4821 1919 4832 .
1961 4821 1967 4833 .

403 4859 499 4924 lataque
514 4854 602 4908 omnio
627 4868 687 4924 que
705 4852 808 4921 luerent
832 4850 985 4921 llolosmq'g
1004 4853 1102 4907 mermi
1122 4853 1163 4921 s.
1217 4838 1339 4886 natatem
1359 4826 1453 4881 birrum
1467 4839 1595 4890 suornm,
1608 4839 1672 4894 quta
1689 4838 1743 4876 non
1754 4830 1809 4878 crto
1819 4820 1920 4876 Cbrrstr
1932 4819 2012 4876 mdes

404 4925 485 4980 mine
500 4924 612 4994 largitur
625 4932 673 4977 est.
1216 4919 1298 4974 debet
1316 4931 1428 4972 securus
1453 4929 1524 4979 esse,
1543 4914 1621 4968 hoste
1643 4913 1714 4968 intra
1738 4911 1854 4982 patriam
1871 4917 2010 4976 trianente,

408 5036 418 5067 ι
436 5015 567 5071 l'idcutes
584 5013 676 5082 itaque
689 5011 736 5067 lilii
754 5011 836 5068 lsrael
848 5011 992 5083 largientes,
1002 5011 1086 5066 secuti
1103 5021 1166 5067 sunt
1218 5009 1266 5063 scd
1281 5016 1338 5062 toto
1355 5007 1417 5061 nisu
1441 5004 1619 5081 laborarent
1641 5018 1702 5058 eum
1724 5000 1840 5072 expellat
1856 5000 1889 5056 de
1912 4998 2012 5058 linibus

368 5107 473 5170 «illos,
503 5103 754 5171 descenderuntque
776 5101 933 5172 clangentes
954 5101 1026 5156 tubis
1052 5110 1081 5155 et
1104 5099 1165 5154 ulu-
1218 5095 1432 5156 conuersationis
1467 5109 1532 5157 suae,
1555 5093 1749 5162 cogitationum
1771 5091 1884 5156 scilicet,
1912 5091 2010 5146 verbo-

366 5208 378 5242 ι
399 5197 491 5250 lantes
505 5201 566 5264 post
577 5194 658 5263 ipsos.
674 5193 708 5246 Et
722 5193 849 5262 quoniam
867 5190 972 5262 Assyrii
986 5207 1039 5245 non
1054 5190 1165 5246 adunati
1220 5206 1280 5245 rum
1301 5195 1328 5243 et
1342 5197 1463 5250 actuum,
1480 5182 1606 5250 referte,
1621 5185 1643 5239 si
1655 5183 1752 5238 alicubi
1764 5185 1891 5239 concedit
1903 5184 1939 5238 illi
1959 5185 2011 5240 ha-

362 5299 376 5333 ·
398 5288 428 5341 iu
443 5285 537 5356 lugam
557 5285 632 5339 ibant
650 5284 811 5354 precipites,
827 5282 873 5337 lilii
898 5292 989 5337 autem
1007 5281 1091 5336 lsrael
1110 5297 1165 5336 uuo
1217 5280 1385 5341 bitationem,
1401 5277 1490 5331 subito
1511 5290 1573 5331 curn
1587 5273 1733 5330 confundat
1752 5290 1784 5330 ac
1796 5283 1930 5331 conterat.
1943 5274 2011 5331 Cum

363 5394 376 5425 r
397 5378 511 5450 agmine
526 5382 722 5446 persequentes
737 5372 912 5428 debilitabant
924 5386 1019 5426 onrnes
1033 5385 1103 5440 quos
1124 5370 1166 5425 iu·
1218 5380 1308 5425 autem
1322 5375 1461 5439 peractum
1473 5365 1553 5421 luerit
1569 5364 1677 5431 bellum,
1691 5375 1748 5420 tam
1767 5367 1800 5422 de
1811 5366 1888 5423 bnste
1899 5384 2012 5424 securus

362 5484 377 5518 ι
398 5469 498 5525 restire
509 5467 670 5536 potuissent.
690 5484 700 5516 r
716 5462 862 5534 Fugientes
874 5463 1044 5517 adversarios
1057 5460 1166 5516 israeli·
1215 5464 1271 5534 iam
1287 5469 1407 5530 reportat
1426 5460 1602 5530 triumphum.

356 5569 403 5622 tre
419 5570 624 5636 persequuntur
639 5562 794 5630 clangentes
808 5559 879 5613 tubis
895 5567 922 5613 et
940 5556 1089 5622 ululantcs;
1101 5556 1165 5626 quia
1257 5573 1266 5604 ι
1290 5552 1323 5607 lli
1335 5566 1408 5614 rere,
1423 5550 1469 5620 qui
1482 5550 1600 5604 victores
1611 5557 1675 5604 suut
1689 5548 1792 5602 rercrsi
1805 5549 1839 5603 ad
1849 5548 2010 5611 Bctbuliam,

354 5659 566 5726 praedicatores
583 5654 669 5710 sancti
684 5667 738 5706 nou
753 5651 838 5705 aruns
859 5648 1022 5715 carnalibus,
1038 5649 1086 5702 sed
1101 5648 1165 5703 tuba
1225 5662 1233 5695 ι
1253 5642 1343 5699 omnia
1357 5656 1417 5710 quae
1431 5647 1510 5694 erant
1537 5638 1644 5693 illorum
1665 5638 1834 5693 abstulerunt
1857 5652 1958 5699 secum,
1975 5635 2011 5688 ita

358 5746 537 5820 Evangelica
554 5745 671 5799 bostium
687 5743 781 5812 lugant
798 5740 958 5803 exercitum,
977 5746 1004 5792 et
1023 5736 1164 5792 victoriam
1223 5759 1232 5790 ι
1252 5747 1281 5792 ut
1295 5753 1348 5793 nnn
1362 5745 1434 5790 esset
1447 5749 1577 5788 uumerus
1590 5733 1616 5787 in
1632 5732 1775 5803 pecoribus
1787 5739 1814 5785 et
1827 5728 1968 5799 jumentis,
1984 5736 2009 5781 et

360 5854 483 5898 sumere
499 5845 603 5892 certant
617 5836 651 5889 dc
667 5833 784 5888 inimicis
803 5832 870 5885 suis.
890 5830 967 5886 Unde
987 5828 1014 5882 in
1031 5828 1107 5882 libris
1120 5825 1167 5881 Ju-
1224 5851 1233 5883 ‹
1253 5829 1386 5887 universis
1406 5827 1550 5882 mobilibus
1564 5839 1669 5888 eorum,
1685 5831 1714 5877 ul
1730 5838 1745 5876 a
1760 5821 1871 5875 uriniano
1882 5831 1966 5886 usque
1977 5815 2012 5872 ad

361 5937 465 5994 dicum
491 5933 601 5989 cheon
627 5941 721 5987 contra
742 5927 902 5983 lladianitas
924 5934 1090 5996 pugnaturus
1111 5941 1165 5980 non
1224 5944 1234 5975 ι
1252 5923 1399 5979 irtaximum
1415 5933 1510 5973 ornnes
1524 5917 1620 5971 diuites
1636 5916 1733 5969 luerent
1747 5911 1779 5966 de
1801 5905 2012 5980 praedationibus

366 6029 491 6093 bastani,
506 6026 628 6098 clypeum
639 6032 686 6079 aut
699 6020 828 6094 gladium,
840 6018 887 6074 sed
900 6022 978 6074 tubas
990 6026 1017 6073 et
1028 6017 1167 6088 lampades
1224 6036 1233 6068 ι
1252 6029 1355 6071 εοιιιιιι.
1373 6033 1381 6064 r
1403 6009 1504 6066 lntneri
1519 6014 1626 6078 oportet
1642 6005 1714 6075 quod
1728 6001 1793 6057 dicit
1810 5999 1915 6072 eosqui
1940 5999 2012 6053 intra

1217 4738 1287 4809 quod
1300 4735 1435 4807 persecuti
1447 4741 1509 4788 sunt
1519 4747 1566 4789 eos
1577 4732 1604 4786 in
1618 4747 1666 4787 ore
1678 4730 1758 4802 gladii
1772 4745 1857 4799 usque
1870 4730 1904 4785 ad
1918 4738 2011 4784 entre·
