4709 6767
402 658 458 718 obi
733 649 763 703 ll.
780 643 905 703 DABANI
926 642 1034 701 iltuit}
1052 639 1212 699 tuemur.
1232 637 1385 699 HOGUNT.
1406 637 1547 697 OPERUM
1564 636 1655 694 PARS
1672 637 1693 693 l.
1975 638 2031 697 δω

403 770 456 827 siDi
475 765 633 823 Trinitatem
645 758 724 831 atqie
736 759 946 828 omnipotentem
957 772 1006 827 per
1019 756 1109 810 omnia
1124 769 1188 809 rou·
1201 755 1225 815 A
1239 752 1267 807 iu
1281 754 1350 809 atrio
1363 759 1459 808 saneto
1469 751 1535 807 Dom
1548 766 1612 805 uum
1626 751 1740 805 adorare
1748 750 1886 821 prneepit,
1898 757 1930 806 ut
1940 750 1968 806 in
1982 767 2034 807 un·

404 858 527 921 litentur,
553 853 676 926 personis
698 857 810 909 tantum,
837 863 890 903 non
910 856 1014 901 naturre
1033 844 1190 900 diversitate
1241 841 1926 914 tlonibusaliguocmcisDomiuumdebeautdicere
1937 854 2035 911 regua-

405 951 560 1007 discretam.
586 945 661 1013 Quod
675 941 843 998 autemdicit
857 959 863 994 :
880 938 973 993 Tollite
989 937 1099 1000 tortior,
1111 943 1135 989 et
1145 934 1191 987 in·
1240 942 1342 989 turum.
1358 932 1417 988 Nou
1429 932 1463 988 ab
1483 932 1527 988 illo
1538 931 1611 1002 liguo
1624 931 1753 1001 paradisi,
1767 930 1838 985 uuus
1849 930 1975 987 diabolus
1988 947 2036 1004 pe·

406 1038 599 1095 troiteinotrio
620 1035 687 1104 ejus,
711 1032 815 1088 hostias
837 1046 891 1086 non
912 1030 1037 1085 uictimas
1057 1024 1191 1097 pecudum
1241 1039 1293 1079 uus
1304 1025 1451 1078 humanum
1466 1023 1610 1079 ridebatur
1620 1030 1712 1077 seuere
1723 1021 2035 1090 captimm;sedalristo

406 1133 481 1194 dicit,
493 1129 539 1185 scd
555 1125 726 1183 couscientia·
738 1138 806 1193 pura
820 1121 959 1184 libamina,
974 1117 1045 1173 unde
1061 1130 1114 1170 unu
1127 1129 1191 1169 sau-
1242 1113 1344 1169 scilicet
1355 1112 1427 1184 ligno
1437 1114 1509 1169 uude
1521 1113 1633 1168 libertas
1645 1119 1727 1182 eaput
1737 1111 1843 1177 extulit,
1855 1112 1883 1167 in
1898 1112 1957 1167 rita
1971 1128 2035 1169 sur·

407 1226 466 1298 puls
492 1230 594 1287 currat,
617 1220 663 1276 sed
685 1219 734 1289 piae
756 1216 881 1287 lacrymor
897 1212 1026 1269 diffluant.
1048 1208 1109 1265 lstse
1129 1213 1193 1265 sunt
1241 1204 1322 1259 rexit.
1335 1202 1365 1257 ln
1377 1203 1423 1258 illo
1435 1204 1566 1273 siqnidem
1578 1201 1651 1273 liguo
1664 1216 1738 1256 mors
1748 1201 1974 1272 transgressoris
1986 1216 2038 1275 ρο-

407 1314 502 1369 Ιιοειίιυ
523 1326 592 1380 qrras
611 1310 638 1363 iu
653 1304 876 1376 quinquagesimo
897 1300 1001 1371 psalmo
1022 1298 1091 1352 dixit
1106 1309 1114 1349 r
1140 1292 1194 1348 Cor
1242 1291 1350 1362 pendit;
1364 1292 1392 1346 io
1406 1293 1459 1348 ists
1473 1290 1540 1347 lldes
1553 1290 1733 1347 oonlessionis
1746 1290 1867 1346 emicuit
1889 1290 1959 1347 lllud
1971 1306 2038 1362 per·

407 1405 547 1458 corrlritmrr
565 1409 587 1454 et
599 1397 765 1452 lrnmiliutum
790 1410 841 1448 non
866 1390 964 1462 spernit
983 1385 1069 1460 (Psoi.
1085 1384 1123 1453 ι).
1139 1381 1194 1439 Sed
1243 1384 1321 1439 duxit
1337 1384 1370 1439 ad
1382 1382 1498 1451 iulcro83
1512 1383 1583 1440 istud
1597 1383 1680 1438 mittit
1692 1383 1725 1437 ad
1735 1382 1831 1438 coelos.
1846 1381 1973 1453 &prurit
1986 1399 2036 1439 au·

407 1491 547 1546 considera
568 1488 631 1556 quia
648 1486 722 1556 prius
737 1484 837 1553 posuit,
851 1479 949 1543 tollitc‚·
967 1484 995 1531 et
1010 1475 1050 1530 sic
1063 1471 1192 1528 introite:
1243 1483 1298 1530 tem
1312 1473 1505 1545 intelligamus,
1516 1474 1639 1538 innotuit,
1657 1474 1766 1543 quaudo
1787 1474 1890 1529 mundo
1901 1473 2037 1532 Dominus

407 1582 469 1651 quia
485 1581 531 1650 qui
554 1579 621 1633 tales
633 1576 737 1631 hostias
750 1589 803 1630 unu
817 1576 937 1644 portant,
959 1570 987 1622 iu
1001 1566 1071 1621 atria
1086 1560 1193 1619 Domini
1244 1562 1369 1619 &luctor
1380 1565 1519 1635 apparitu
1539 1579 1602 1618 nam
1618 1563 1726 1633 quando
1752 1563 1797 1617 ille
1819 1578 1874 1618 uon
1895 1564 2033 1635 regnarit,

408 1686 462 1724 uon
474 1667 752 1740 judicanturiutrare.
768 1663 826 1718 Nou
840 1671 882 1717 est
898 1666 987 1713 autem
1005 1657 1092 1712 otiose
1104 1654 1195 1710 susci·
1242 1655 1289 1725 qui
1301 1668 1408 1725 semper
1429 1670 1490 1709 eum
1514 1654 1596 1709 Patre
1615 1660 1644 1708 et
1666 1652 1769 1724 Spiritu
1791 1662 1885 1709 sancto
1898 1662 2036 1724 potesmr

407 1755 632 1827 proauumque}
652 1754 875 1825 pluraliuumero
895 1749 994 1820 posuit,
1017 1748 1095 1801 orno.
1118 1744 1195 1799 Atria
1244 1760 1300 1800 suas
1313 1744 1515 1814 omnipotentie
1538 1744 1715 1814 perseverutl
1733 1743 2037 1815 ituresnimium

405 1849 481 1902 euim
504 1853 567 1901 suut
582 1843 687 1899 Domini
701 1841 815 1912 apostoli
835 1840 878 1895 rel
897 1840 1049 1910 prophetae,
1065 1851 1115 1907 per
1127 1850 1196 1905 quos
1245 1849 1299 1890 nou
1321 1834 1422 1889 babent
1437 1832 1627 1899 translatorem
1651 1836 1700 1889 sed
1725 1834 1804 1890 nobis
1826 1831 1937 1900 suffieit,
1961 1834 2037 1905 quod

409 1939 496 1994 fidelis
508 1937 621 2007 populus
639 1936 720 1991 intrat
734 1935 768 1988 ud
780 1932 932 1989 Dominum.
956 1929 1082 1992 Adorote,
1097 1924 1195 1996 iuquit,
1245 1922 1318 1979 lxx
1343 1925 1521 1993 interpretum
1543 1926 1707 1980 auctoritate
1725 1924 1862 1979 firmatum
1883 1933 1936 1980 est.
1960 1924 2036 1984 Crux

409 2030 550 2085 Dominum
567 2028 595 2082 in
610 2028 672 2081 outo
690 2038 783 2081 sancto
800 2024 869 2095 ejus,
893 2022 950 2077 sire
972 2019 1012 2092 (ut
1031 2020 1059 2074 iu
1073 2018 1126 2073 alia
1139 2017 1197 2073 edi·
1245 2014 1318 2069 euim
1328 2014 1801 2085 Domtntprarumatquedtsrorrun
1809 2014 2038 2071 constitut-Dens

407 2120 484 2174 tione
508 2116 632 2183 habetur)
644 2117 672 2168 in
694 2114 762 2167 atrio
777 2121 867 2167 ronoto
885 2111 952 2180 ejus.
968 2109 1032 2164 llose
1054 2106 1127 2162 enim
1144 2103 1198 2161 duo
1212 2100 1234 2160 B
1247 2112 1337 2161 terrae.

409 2208 518 2264 nomina
531 2221 581 2276 pro
593 2206 723 2260 alterutro
734 2204 760 2257 iu
780 2201 920 2272 Scriptura
933 2206 1077 2271 ponuntur,
1091 2197 1154 2266 quia
1168 2204 1197 2251 et
1284 2196 1365 2251 Touot
1388 2213 1461 2252 more
1480 2206 1505 2253 et
1525 2195 1659 2269 plenitudo
1676 2196 1733 2267 ejus
1754 2197 1910 2253 :mulcent
1928 2199 1989 2269 apri
2012 2208 2039 2254 et

409 2298 438 2352 iu
449 2297 544 2353 Grreoo
557 2294 645 2361 oulen,
667 2293 766 2348 atrium
779 2292 887 2346 dicitur.
900 2289 976 2345 Tunc
988 2302 1082 2343 reuera
1106 2286 1198 2342 Domi·
1246 2287 1402 2356 omniaque
1416 2287 1444 2340 in
1457 2288 1494 2342 eis
1503 2296 1574 2342 runt.
1594 2287 1668 2343 liare
1680 2287 1725 2343 isio
1738 2302 1787 2358 pro
1797 2288 1902 2359 populis
1913 2289 2038 2359 ponitur,

410 2402 462 2443 nus
473 2388 612 2447 adoratur,
633 2382 742 2453 quaudo
764 2380 863 2435 luerint
882 2379 979 2434 hostiur
992 2385 1115 2447 portatae,
1129 2388 1198 2445 quus
1246 2375 1310 2447 quia
1324 2376 1352 2430 iu
1365 2375 1421 2431 salo
1435 2375 1516 2446 hujus
1530 2376 1621 2432 senili
1632 2377 1774 2432 constituti
1783 2377 1899 2433 dirersis
1910 2380 2040 2435 tenatio-

406 2476 536 2546 superius
549 2471 703 2528 intimavit.
717 2478 748 2524 ut
757 2468 916 2540 supplicatio
928 2465 1082 2521 renitentis
1095 2477 1199 2518 mercu-
1248 2465 1328 2521 nibus
1341 2465 1489 2537 agitantur.
1503 2465 1550 2523 isti
1562 2476 1703 2522 moventur
1719 2468 1753 2523 ad
1765 2468 1903 2537 gaudium,
1925 2472 2039 2541 quando

408 2577 456 2624 tur
468 2566 502 2621 ad
520 2581 601 2621 aures
613 2563 755 2634 pervenire
777 2558 923 2615 Cremonis.
944 2554 1000 2612 lieo
1019 2561 1108 2618 vacat,
1125 2551 1198 2622 quod
1247 2558 1431 2615 conversionis
1450 2558 1519 2614 dona
1542 2560 1719 2631 susceperint.
1734 2558 1802 2616 Nona
1822 2569 1854 2616 ut
1873 2562 2039 2619 uniuersita-

407 2654 541 2711 anteriori
559 2667 640 2710 versu
665 2650 733 2705 atrio
757 2647 857 2719 putuit,
871 2646 923 2702 hoc
948 2659 1013 2700 vtro
1026 2641 1199 2715 singulariter
1248 2656 1301 2704 tem
1315 2649 1434 2718 gentium
1446 2649 1596 2720 intelligere
1615 2650 1765 2715 debuisses,
1779 2651 1881 2720 posuit,
1899 2651 2038 2723 plenitudo

408 2745 511 2800 ornum
522 2743 608 2808 dieit·,
622 2740 684 2810 quia
701 2753 735 2794 ex
746 2736 800 2792 illis
813 2736 890 2790 atriis
900 2733 1075 2804 patriarchis,
1087 2740 1196 2802 sposto-
1246 2736 1314 2806 ojur.
1329 2736 1415 2808 Apros
1428 2736 1471 2793 loir
1482 2738 1609 2794 similiter
1619 2738 1646 2793 iu
1668 2740 1739 2794 hono
1753 2738 1883 2795 dommus
1896 2739 2035 2811 recipere,

409 2834 485 2889 riser
503 2830 642 2901 prophetis
668 2828 696 2882 iu
707 2825 779 2882 istud
791 2824 890 2880 atrium
911 2821 1052 2878 catholicae
1066 2820 1198 2875 duntaxat
1247 2826 1310 2896 quia
1323 2827 1367 2881 illa
1379 2828 1459 2898 plana
1470 2828 1598 2894 dicimus,
1612 2844 1673 2899 quc
1682 2829 1865 2899 pulcherrlura
1878 2830 2037 2901 nqusDrate

411 2920 541 2978 Ecclesiae
562 2917 729 2991 pervenitur»
755 2915 802 2971 ubi
829 2912 888 2983 eim
908 2912 1027 2984 Ρθῑθῦῑῑθ
1050 2907 1199 2979 mtifflfflit
1247 2916 1402 2972 tondemur.
1413 2916 1502 2987 Agros
1513 2933 1577 2989 ergo
1586 2918 1651 2975 dicit
1665 2920 1739 2975 uiros
1755 2918 1869 2987 iustitias
1879 2920 1960 2977 laude
1973 2920 2034 2992 pul·

416 3010 557 3067 adoratur.
572 3008 721 3080 Sequitur:
1247 3003 1342 3071 lentes,
1358 3021 1413 3062 uou
1423 3008 1548 3078 superbia
1563 3008 1683 3074 timidos,
1695 3022 1748 3064 nou
1758 3009 2034 3080 asperosiraeuudir,

446 3099 644 3156 Commourotur
656 3114 673 3151 o
687 3095 754 3166 socie
764 3096 821 3165 ejus
831 3093 952 3149 uniomo
962 3100 1043 3146 torro.
1053 3089 1198 3159 Quomodo
1248 3095 1295 3152 sed
1307 3105 1446 3152 mausueta
1457 3097 1565 3153 leritate
1573 3097 1754 3167 plenissimos.
1767 3098 1916 3169 sequium:

411 3192 520 3249 dixerat
541 3187 673 3253 fidelibus,
697 3187 782 3243 bouus
804 3198 901 3255 operas
919 3182 1003 3239 tollite
1025 3190 1054 3238 et
1075 3181 1197 3250 introito,
1285 3184 1357 3242 lunc
1371 3187 1601 3259 laudabuntlipno
1623 3189 1706 3245 uoltu
1728 3206 1817 3244 oororn
1834 3189 1961 3258 Durriae
1974 3194 2039 3264 qd·

408 3299 464 3341 uec
480 3283 587 3350 dicits
603 3279 672 3337 lucie
685 3280 769 3349 ipsius
782 3285 916 3333 amatmes
930 3273 1020 3331 saeouli
1035 3273 1198 3330 submersu·
1247 3275 1315 3330 uenit
1323 3275 1448 3345 judicare
1461 3285 1568 3332 imam.
1583 3276 1665 3344 Tunc,
1680 3278 1748 3334 dixit
1771 3280 1918 3336 secuudum
1939 3282 2041 3338 adren-

410 3373 541 3432 dsuNsu
554 3371 626 3428 enim
638 3368 1016 3426 dixittcommureatnrante
1029 3362 1127 3420 laeiem
1140 3362 1198 3433 ejus
1249 3372 1314 3429 urm,
1329 3364 1616 3435 quandojirutcaturus
1638 3375 1680 3423 est
1701 3368 1841 3424 mundum.
1861 3368 1947 3442 Ligna
1958 3369 2041 3426 silva·
2085 3396 2087 3399 ⁴

411 3462 541 3517 uniuersa
555 3468 637 3515 terra.
652 3456 728 3525 Quod
741 3454 873 3525 hodieque
885 3453 938 3508 illis
951 3452 1078 3517 dicimus,
1091 3465 1159 3521 quos
1181 3466 1197 3507 a
1210 3425 1234 3494 c
1249 3471 1309 3511 rum
1322 3471 1369 3527 per
1384 3471 1414 3513 se
1427 3471 1535 3514 amaros
1552 3467 1580 3513 et
1591 3458 1697 3515 steriles
1716 3458 1836 3515 inierunt
1855 3458 1977 3529 tructus;
1991 3462 2039 3520 rel

410 3555 561 3618 conspeetu
574 3553 667 3602 nostro
678 3542 843 3600 reddidimus
854 3541 966 3597 alienos.
979 3538 1032 3607 Qui
1046 3540 1115 3596 bene
1128 3549 1198 3594 terro
1248 3562 1309 3604 eum
1319 3548 1420 3604 fuerim
1433 3549 1526 3615 justu,
1542 3549 1698 3608 dulcissima
1711 3551 1835 3607 „herme
1849 3552 2038 3623 pinsum

413 3638 480 3695 dieti
507 3643 582 3701 suut,
610 3633 675 3705 quia
699 3640 807 3687 terrena
832 3630 898 3686 uitia
919 3645 973 3685 nou
999 3628 1199 3700 derelinquunt.
1249 3636 1484 3710 stupentesque
1498 3639 1704 3711 priusluersut.
1720 3640 1792 3697 relut
1812 3641 1885 3713 iluna
1899 3641 2039 3711 silurum

412 3723 546 3794 Qfflfflliss
569 3724 621 3778 Μ
643 3721 689 3776 iffi
709 3719 737 3775 5¹¹
757 3727 862 3790 partem
878 3718 978 3774 ΝΜ
990 3717 1077 3787 accipi
1102 3716 1200 3773 debere
1249 3727 1428 3784 adculturam
1442 3728 1609 3785 lroetileram
1631 3730 1779 3800 proemia,
1796 3739 1861 3787 ante
1877 3731 2040 3789 laciemlto·

415 3815 737 3879 diremut,uttuueterra
744 3816 952 3875 commoveatur,
960 3808 1068 3879 quando
1075 3813 1201 3879 peccator
1250 3817 1316 3874 mini
1331 3834 1429 3892 magno
1448 3827 1512 3876 guno
1533 3821 1630 3893 gaudio
1653 3820 1791 3877 mmm,
1805 3821 1859 3879 Sod
1875 3839 1938 3879 w„
1953 3824 2035 3891 (pop,

415 3906 450 3961 nd
465 3905 652 3977 poenitentiam
668 3902 760 3967 luerit,
786 3902 900 3957 Domino
916 3902 1074 3968 miseraute,
1099 3903 1199 3972 perdu-
1251 3906 1348 3964 Ouinio
1361 3910 1525 3980 tiono,illam
1536 3920 1641 3982 partem
1651 3912 1709 3968 uult
1723 3913 1845 3985 intelligi,
1860 3929 1921 3984 φη
1930 3916 2039 3972 miserm

412 4006 485 4053 otus.
502 3994 548 4050 Sic
560 3994 707 4063 scripturn
720 3991 819 4047 dirinae
842 3990 1122 4061 incompreheusibilis
1134 4005 1199 4061 pro·
1249 3997 1328 4054 bonis
1341 3999 1467 4069 operibus
1492 4002 1580 4071 potuit
1603 4018 1636 4058 nc
1649 4004 1758 4059 mutari.
1779 4002 1844 4071 Qun
1857 4004 1965 4062 dirum
1977 4022 2040 4063 θη.

413 4085 571 4142 lunditaset
582 4082 698 4150 diversis
718 4080 807 4136 modis
828 4078 996 4150 intelligitur,
1016 4087 1046 4134 ut
1063 4093 1116 4134 una
1136 4094 1201 4135 oon·
1250 4085 1345 4143 dentes
1356 4102 1416 4145 csse
1427 4087 1575 4155 luctaturos,
1600 4106 1655 4147 non
1678 4092 1746 4148 dicit
1766 4092 1794 4148 iu
1814 4094 1931 4166 ungulis,
1947 4098 2039 4154 uenia

415 4182 489 4231 stare
511 4172 642 4229 uarietate
655 4177 832 4226 monstratur.
861 4165 915 4223 Per
937 4185 965 4224 re
978 4169 1097 4238 fundarit
1112 4168 1201 4225 oriem
1250 4177 1374 4243 seeretis,
1389 4179 1512 4235 sedante
1525 4180 1742 4252 laciemjudicis,
1767 4186 1875 4254 quaudo
1894 4186 2040 4244 inertius-

415 4265 584 4320 immobilem.
595 4262 695 4321 oriem
708 4261 753 4318 liic
769 4267 890 4316 muctam
910 4259 1060 4315 Ecclesiam
1072 4260 1201 4315 debemus
1250 4266 1313 4323 bilis
1326 4277 1354 4324 et
1366 4269 1475 4340 copiosa
1488 4271 1580 4326 letitia
1593 4281 1650 4339 est;
1664 4274 1772 4344 quaudo
1787 4275 1898 4344 premia
1914 4277 2040 4333 ῑιίὺιιιιι·

416 4356 580 4427 intelligere,
593 4368 653 4423 qoae
674 4351 701 4406 iu
717 4357 774 4406 toto
787 4349 853 4405 orDe
865 4346 959 4422 diffusa
973 4356 1026 4403 est
1050 4346 1199 4420 nunerio
1251 4362 1305 4423 tur,
1320 4364 1349 4412 et
1362 4359 1494 4415 securitas
1507 4360 1566 4417 sine
1578 4361 1631 4417 line
1644 4373 1798 4432 prestatur.
1818 4364 1853 4420 Et
1870 4380 1906 4421 ue
1921 4368 2039 4437 primum

415 4446 509 4504 orbem
522 4444 586 4500 dicit
596 4442 703 4513 pertitus
719 4455 772 4496 nou
785 4453 845 4496 esse
863 4436 1084 4494 commonendum
1104 4476 1113 4493 .
1136 4437 1199 4509 quis
1251 4444 1328 4502 illum
1348 4448 1543 4507 incarnationis
1563 4453 1668 4508 Domini
1685 4464 1796 4524 putares
1805 4455 1965 4524 adrentum,
1975 4460 2041 4517 dicit

416 4539 445 4592 iu
462 4534 596 4591 soliditate
611 4531 672 4587 ildei
685 4537 851 4601 persererat,
865 4528 895 4584 iu
910 4542 964 4598 qua
977 4526 1108 4585 Dumium
1122 4527 1198 4584 illum
1250 4536 1279 4591 in
1290 4537 1394 4607 psalmo
1409 4558 1418 4594 ε
1435 4540 1566 4607 Quoniam
1584 4545 1652 4600 uenit
1672 4545 1795 4614 iudicare
1814 4556 1921 4604 terram,
1935 4548 2040 4608 Nomii

417 4625 538 4684 lmdarit
549 4622 729 4687 immobilem
744 4636 799 4677 non
818 4621 888 4676 sieut
910 4619 967 4687 illa,
981 4634 1063 4691 uuam
1075 4620 1201 4691 superius
1253 4625 1281 4681 in
1294 4626 1341 4683 illo
1362 4629 1451 4698 mimo
1469 4640 1606 4686 commate
1618 4633 1780 4689 senteutiam
1797 4635 1982 4703 terminasset,
1993 4655 2041 4711 po-

415 4716 484 4774 dlelt
498 4734 506 4771 z
520 4713 746 4771 Commooemsro
763 4713 831 4783 {ocu
842 4712 901 4782 ejus
924 4712 1137 4769 urrimroierro.
1152 4711 1198 4767 llla
1253 4724 1340 4771 tuerat
1350 4716 1415 4771 illud
1425 4718 1581 4785 adrentum,
1592 4720 1639 4789 qui
1657 4720 1715 4790 jam
1731 4729 1884 4781 transactus
1900 4734 1954 4793 est,
1971 4726 2041 4786 lurte

414 4815 627 4870 oommoreaurr,
641 4812 672 4860 ut
685 4804 791 4861 amalis
802 4804 1111 4874 eonvertaturoperibus
1123 4823 1131 4859 ι
1145 4765 1238 4861 istan
1255 4804 1371 4872 sentire;
1383 4806 1434 4862 sed
1457 4789 1518 4864 oum
1540 4808 1663 4865 addidit:
1680 4809 1811 4875 Quoniam
1827 4821 1896 4869 uenit
1916 4816 2041 4886 judicare

416 4901 696 4958 uonmnmoreator,
712 4906 772 4961 onze
793 4905 865 4946 verse
879 4890 942 4946 lidei
956 4890 1091 4949 soliditate
1112 4892 1201 4950 musi-
1253 4903 1363 4963 terrun,
1381 4895 1456 4952 illurn
1478 4913 1527 4955 uos
1540 4907 1643 4955 taurum
1664 4901 1750 4957 uoluit
1773 4903 1933 4977 intelligere,
1959 4923 2040 4979 quan

415 4984 475 5042 ,sin
1256 4985 1343 5044 rdlrue
1356 4989 1494 5045 noscimus
1513 4999 1682 5061 exspectare.
1697 4991 1735 5049 De
1749 4994 1894 5063 quostiam
1913 4996 2040 5056 &achiel

452 5073 587 5130 Lotum
596 5069 664 5138 reli,
677 5080 702 5125 ot
716 5067 827 5125 exsudet
842 5077 921 5123 terro.
934 5066 987 5125 Per
999 5069 1082 5127 ooelos
1098 5070 1202 5143 signifi·
1252 5079 1383 5148 propheta
1391 5089 1508 5137 testatur
1520 5098 1528 5135 ε
1544 5081 1609 5137 lloec
1628 5084 1691 5138 dicit
1713 5084 1841 5141 eontra·
1855 5086 1927 5143 Deus
1938 5091 2041 5147 ouum

415 5170 516 5219 cantur
530 5162 612 5233 (sicut
625 5173 695 5230 saepe
710 5158 810 5215 (lictum
822 5157 875 5229 est)
889 5158 1002 5229 apostoli
1013 5167 1040 5214 et
1052 5160 1200 5231 prophetas,
1250 5166 1309 5220 istis
1323 5181 1332 5219 .·
1346 5166 1415 5222 Ecce
1424 5184 1470 5238 eoo
1482 5168 1577 5223 induco
1591 5169 1618 5224 iu
1630 5187 1674 5226 ror
1697 5172 1827 5243 spiritur»,
1852 5184 1876 5229 et
1900 5176 2002 5243 rimu,
2015 5189 2040 5235 ι

418 5249 462 5305 uel
482 5247 578 5319 reliqui
595 5247 696 5311 litleles,
720 5259 788 5316 quos
807 5244 898 5302 diuina
920 5246 1055 5319 majestas,
1071 5258 1200 5320 tanquam
1252 5255 1411 5311 doioinoor
1423 5273 1524 5324 neruos,
1539 5258 1697 5315 etinduconr
1716 5277 1848 5332 superior
1870 5264 2041 5323 rismum

417 5337 528 5406 eoelum,
539 5341 658 5405 noscitur
671 5339 809 5396 insidere:
826 5347 899 5395 terra
913 5354 978 5396 uero
992 5341 1093 5398 iudicat
1105 5358 1201 5414 pecca·
1251 5344 1303 5410 rur,
1323 5345 1501 5401 stertentium
1516 5363 1594 5417 super
1610 5365 1653 5403 ror
1672 5359 1769 5415 cutm,
1796 5360 1821 5405 rt
1836 5351 1906 5410 doio
1916 5357 2040 5427 spiritu·

417 5428 561 5497 torentini
577 5435 667 5483 tamen
681 5425 872 5484 satislactinnis
884 5428 1018 5485 henellcio
1038 5431 1073 5486 ad
1085 5433 1200 5502 gratiam
1251 5448 1337 5488 moun
1348 5432 1376 5486 in
1388 5433 1468 5499 ooiis,
1481 5443 1506 5489 ot
1523 5435 1620 5501 uioetir,
1635 5446 1670 5491 et·
1679 5438 1764 5493 uictis
1781 5439 1844 5510 quio
1853 5457 1903 5513 opo
1915 5459 1975 5500 aurs
1988 5443 2042 5502 oe-

419 5516 468 5573 Dei
480 5525 636 5573 meruerunt
651 5516 748 5572 redire.
763 5515 822 5586 ipsa
833 5516 905 5573 euim
918 5525 990 5573 terra
999 5519 1139 5575 exsultare
1149 5536 1201 5591 po·
1252 5521 1338 5577 miuus
1350 5518 1456 5593 (uoco.
1468 5522 1584 5594 rursu).
1600 5523 1694 5580 Daniel
1709 5541 1816 5598 quoque
1826 5528 1908 5586 dicit:
1917 5530 1953 5586 lit
1965 5532 2044 5592 erut

420 5612 473 5660 test
483 5604 511 5657 iu
525 5603 640 5658 aduentu
650 5602 749 5674 judicis
761 5603 813 5668 sui,
827 5617 887 5674 quae
897 5619 927 5659 se
938 5620 953 5659 a
966 5605 1087 5677 peccatis
1101 5606 1201 5665 intelli·
1252 5612 1435 5667 dormientium
1454 5612 1484 5667 iu
1500 5622 1572 5668 terro
1591 5631 1641 5684 per
1662 5615 1775 5685 fissuras
1787 5630 1926 5691 usurpent
1945 5637 1956 5679 r
1973 5623 2001 5679 Aa
2011 5626 2042 5681 in

417 5694 459 5766 git
467 5693 629 5749 absolutam.
1253 5700 1332 5755 uitam
1343 5710 1479 5768 eternam,
1492 5711 1516 5756 et
1531 5702 1560 5756 lri
1584 5703 1612 5757 in
1634 5705 1800 5776 opprobriosus
1819 5718 1842 5763 et
1859 5710 2042 5780 consumo·

455 5784 539 5840 Dicito
548 5785 574 5840 in
585 5784 731 5840 notionibus
742 5797 751 5835 .·
761 5783 889 5839 Dominus
900 5786 1023 5855 repnooit.
1035 5784 1063 5839 lu
1074 5786 1204 5856 psalterio
1255 5787 1336 5860 (Don.
1344 5790 1405 5862 ιιι).
1417 5789 1501 5846 Terra
1508 5806 1573 5847 vero
1583 5792 1628 5846 hic
1639 5793 1795 5852 uuiversum
1805 5798 1934 5869 populum
1947 5801 2042 5858 nunu

420 5885 485 5926 vero
497 5871 615 5929 additum
626 5883 686 5928 est:
700 5870 826 5926 Dominus
838 5872 953 5942 repuooit
964 5888 980 5925 o
990 5871 1070 5945 liquo.
1086 5874 1147 5932 lllos
1156 5876 1203 5934 ad
1255 5879 1331 5943 dicit,
1341 5889 1371 5935 ut
1381 5880 1459 5937 bouis
1469 5881 1589 5953 premia,
1607 5883 1686 5942 malis
1701 5886 1831 5958 supplicia
1854 5899 1961 5949 nurus
1973 5907 2043 5950 em·

421 5970 530 6018 omnent
540 5962 685 6019 reverenda
696 5960 821 6034 mysteria
833 5959 958 6033 uentibus
966 5964 1124 6034 predicare,
1135 5980 1203 6037 quos
1254 5970 1358 6027 stituat
