4709 6767
291 626 352 682 ης
716 620 891 677 curruum.
911 619 945 674 m
966 616 1088 674 uruuos
1106 612 1138 670 nr
1160 616 1291 675 nncuu.
1312 651 1346 663 -
1364 621 1398 676 m
1417 623 1480 680 uo.
1498 624 1540 684 nt.
1883 622 1932 685 t2t

287 745 382 798 nibus
395 747 423 795 et
436 738 524 793 adbuc
538 736 671 791 solidioris
686 738 772 791 artatis
785 738 827 792 bis
837 736 978 800 duntaxat,
996 734 1039 803 qui
1052 733 1089 786 la·
1103 731 1129 788 ,t
1141 730 1290 787 dominator
1314 735 1439 789 [tomiano
1458 741 1670 808 interpretatur,
1693 739 1752 809 ejus
1775 746 1866 809 typum
1884 756 1936 793 ex-

284 834 365 888 bore
389 841 417 886 ct
431 829 622 884 ardentissimo
644 828 743 891 studio,
767 828 829 881 rite
841 827 1018 881 sanctimonia
1030 840 1095 893 qno·
1143 825 1242 891 pressit
1258 826 1302 892 qui
1324 826 1411 880 solum
1424 843 1452 880 sc
1468 828 1599 882 dominari
1616 847 1677 884 eum
1694 830 1806 885 llornino
1820 830 1933 885 arbitra-

285 939 351 993 qne
363 932 396 976 et
408 920 538 975 orationis
551 919 584 972 ad
610 917 752 971 [lominum
771 916 921 986 frequentia
953 913 1093 969 scientiam
1145 922 1249 969 tuscst.
1271 914 1324 969 Sed
1345 916 1471 970 Ecclesiae
1489 919 1603 987 populns
1617 936 1678 973 cum
1701 935 1764 974 vero
1777 920 1933 985 Salomone,

286 1011 443 1067 consecuti
460 1018 532 1071 suut,
557 1006 654 1075 frigeat
676 1008 817 1077 sapientia,
830 1023 888 1076 qum
908 1006 935 1060 in
961 1005 1094 1075 pleri-qne
1143 1004 1233 1067 idest,
1249 1003 1361 1073 pacifico
1379 1014 1472 1060 nostro
1488 1007 1594 1077 (Epiros.
1612 1010 1641 1078 ι),
1669 1008 1745 1078 cujus
1762 1010 1934 1080 ipsocorpus

287 1104 415 1158 senibus
428 1110 506 1157 eote
518 1100 720 1161 marcescit,scd
731 1100 801 1168 quod
817 1098 997 1154 adolescentia
1010 1099 1093 1151 multa
1143 1101 1193 1154 est,
1210 1110 1257 1161 per
1272 1095 1388 1149 divinam
1404 1097 1601 1151 ordinationem
1622 1099 1649 1152 in
1662 1115 1775 1167 regnum
1794 1102 1933 1155 substitui-

288 1192 425 1263 eurporis
435 1191 550 1245 sustinet
565 1189 642 1253 bella,
665 1196 691 1242 et
712 1190 782 1243 inter
800 1189 935 1243 incentiva
967 1188 1092 1241 vitiorum
1143 1196 1202 1242 tur:
1214 1190 1311 1260 dequo
1323 1194 1418 1247 merito
1429 1194 1559 1263 perfidie,
1571 1195 1656 1264 maior
1667 1196 1746 1262 filins,
1759 1197 1784 1250 id
1796 1206 1848 1261 est,
1860 1198 1934 1267 prior

289 1290 323 1335 et
338 1280 436 1335 carnis
449 1278 628 1341 titillationes,
643 1277 719 1345 quasi
734 1277 802 1346 ignis
816 1277 841 1330 in
858 1276 936 1346 liguis
953 1276 1092 1337 viridibus,
1142 1282 1265 1350 pupulus,
1281 1286 1463 1354 praecipitatus
1473 1296 1526 1340 cst.
1551 1287 1600 1341 llic
1614 1304 1678 1358 ergo
1692 1289 1827 1353 idonius,
1841 1289 1934 1342 Barsa.

291 1371 449 1427 suffocetur
460 1381 575 1423 utsuum
598 1384 650 1423 non
662 1367 747 1436 possit
760 1368 869 1436 explere
889 1367 1029 1436 fulgorem.
1049 1365 1093 1420 Sc·
1142 1372 1192 1426 lrce
1207 1373 1410 1439 interveniente,
1421 1392 1480 1444 quae
1494 1377 1686 1445 interpretatur
1709 1380 1764 1447 ptta
1776 1381 1933 1441 saturitatis,

292 1473 398 1519 nectus
415 1477 479 1516 nero
490 1476 595 1526 eorum,
619 1460 663 1529 qni
690 1460 899 1515 adolescentiam
912 1476 987 1514 sunni
1008 1460 1079 1513 bone
1142 1460 1242 1529 dbisap
1258 1462 1454 1518 sunamitidem
1469 1481 1642 1537 corrumpere
1657 1469 1785 1538 gestirit3
1808 1470 1870 1537 quia
1887 1467 1933 1522 la'-

292 1552 348 1607 stis
376 1553 481 1606 actibus
497 1552 683 1604 instruxerunt
695 1559 723 1604 et
739 1550 764 1603 in
777 1550 835 1620 lege
850 1550 955 1604 Domini
969 1550 1092 1604 meditati
1143 1552 1237 1607 daicus
1256 1553 1369 1622 populus
1388 1569 1436 1623 per
1447 1555 1646 1610 observantiam
1659 1557 1879 1611 ceremoniarum
1896 1558 1932 1610 le·

291 1652 364 1697 sunt
378 1643 419 1696 dic
446 1655 477 1694 ac
502 1650 581 1693 nocte
607 1638 691 1710 (Psoi.
717 1639 746 1709 ι),
772 1650 851 1695 mtate
866 1641 894 1695 dt
912 1641 1025 1706 doctior,
1043 1656 1092 1694 usu
1143 1642 1194 1713 gis,
1215 1658 1266 1709 qua
1282 1652 1389 1698 saturas
1406 1652 1433 1697 ct
1453 1645 1624 1714 plenissimus
1635 1655 1704 1711 crat,
1720 1661 1813 1699 ueram
1828 1647 1932 1716 sapien·

292 1733 411 1795 tritior,
436 1746 563 1801 processu
590 1731 720 1800 temporis
743 1732 901 1800 sapientior,
923 1741 949 1786 et
972 1741 1091 1786 veterum
1143 1723 1208 1787 tiam
1232 1736 1360 1804 spiritalis
1380 1752 1483 1799 sensus,
1509 1754 1568 1807 qum
1583 1740 1665 1794 llarid
1686 1740 1932 1809 nostroconjunctn

292 1823 451 1877 sardiniam
467 1821 637 1876 dulcissimos
658 1820 761 1876 iruetus
773 1830 864 1876 metet.
882 1821 935 1877 Sed
948 1822 1031 1890 ipsius
1045 1839 1093 1877 no·
1143 1831 1204 1887 cst,
1228 1834 1352 1894 stuprare
1378 1827 1490 1892 rolens,
1515 1844 1567 1881 non
1585 1829 1682 1883 meruit
1697 1828 1755 1899 ejus
1769 1831 1935 1884 consortium

292 1918 382 1971 ruistis
395 1916 496 1984 Abisag
519 1924 719 1971 sacramentum
735 1916 894 1986 sapientiam
916 1930 1009 1969 senum
1024 1916 1093 1969 inii·
1143 1912 1220 1981 cujus
1242 1915 1344 1971 violare
1371 1919 1472 1986 appetit
1499 1919 1702 1973 immaculatum
1726 1928 1823 1977 torum.
1854 1921 1931 1988 Quoi

264 2029 270 2041 -·
292 2017 343 2061 cat
360 2005 537 2076 ampliorem
566 2006 758 2075 interpretatur
780 2007 852 2060 enim
874 2016 1092 2076 poterorenrro-
1144 2013 1234 2059 autern
1258 2006 1341 2060 liarid
1365 2008 1501 2062 Salomoni
1518 2008 1573 2064 idio
1597 2027 1646 2066 suo
1665 2013 1793 2082 precepit
1814 2012 1847 2067 de
1859 2011 1930 2081 justa

292 2101 426 2170 perpure,
442 2098 486 2153 rel
507 2098 589 2168 putris
612 2099 662 2151 orei
690 2098 801 2167 rapitur.
826 2097 943 2153 Verbum
966 2099 1091 2168 superflui
1106 2070 1130 2130 B
1144 2095 1321 2149 retributione
1339 2111 1433 2151 corum
1451 2100 1498 2167 qui
1511 2100 1560 2154 sibi
1576 2100 1672 2155 solatio
1687 2100 1796 2156 luerunt
1809 2102 1851 2155 uel
1867 2101 1935 2171 iniu-

292 2192 454 2261 nmbiguutn
468 2198 520 2256 est,
546 2190 632 2244 sedin
648 2192 774 2259 prasenti
789 2189 985 2245 locorirtutcm
1002 2200 1091 2254 sonat,
1142 2193 1184 2239 ste
1204 2198 1369 2251 nocuerunt,
1385 2187 1448 2242 licet
1468 2189 1524 2258 ipse
1536 2190 1731 2259 patientissime
1748 2171 1794 2245 cos
1817 2206 1936 2261 reqnnus

292 2284 369 2354 quod
383 2282 501 2353 amplior
512 2283 548 2336 sit
563 2283 590 2336 in
610 2283 729 2347 senibus,
749 2291 776 2336 ct
791 2283 944 2337 redundans
965 2296 997 2334 ac
1017 2281 1092 2351 largn
1143 2271 1282 2337 toleraret,
1303 2275 1366 2344 quid
1382 2276 1477 2331 melius
1504 2278 1657 2348 significare
1679 2290 1769 2350 potest
1788 2297 1867 2349 quam
1891 2281 1933 2333 in-

293 2373 442 2443 snpientia.
466 2372 494 2425 ln
509 2371 559 2426 alio
574 2381 661 2426 autem
679 2372 738 2427 loeo
752 2374 911 2442 inpertitur,
930 2373 1018 2440 quasi,
1042 2387 1093 2425 noa
1144 2372 1230 2418 turam
1242 2366 1446 2421 retributionem
1458 2369 1553 2439 judicii
1568 2369 1661 2435 luturi,
1687 2372 1713 2426 in
1733 2388 1785 2441 qua
1800 2373 1875 2442 impii
1885 2389 1934 2441 pru

294 2464 475 2526 necessarias,
490 2465 608 2532 ponitur.
623 2463 722 2532 Abisag
744 2471 846 2526 autem,
868 2462 894 2516 id
906 2470 956 2527 cst,
981 2461 1092 2529 rapitur,
1144 2460 1271 2515 mercede
1283 2476 1390 2530 poenarn
1408 2473 1577 2532 perpetuam,
1596 2464 1662 2532 justi
1687 2474 1777 2519 antem
1802 2475 1932 2520 aeternmn

293 2556 407 2626 proprie
431 2563 612 2624 nuncupatur,
636 2554 708 2624 quod
723 2554 806 2607 maris
822 2552 917 2606 duetus
935 2561 1053 2614 resonat,
1068 2557 1095 2604 et
1143 2548 1338 2606 beatitudinem
1358 2553 1526 2622 percipient?
1549 2552 1579 2607 ln
1596 2555 1721 2624 praesenti
1737 2570 1844 2626 quoquc
1863 2565 1930 2610 tem·

294 2648 336 2719 (ut
349 2647 385 2700 ita
404 2644 509 2716 dicam)
530 2646 560 2700 de
577 2644 671 2715 pelago
696 2644 808 2699 renieus
823 2642 947 2696 fremitus
961 2641 1070 2694 auditur
1086 2658 1092 2693 :
1144 2656 1210 2710 pore
1224 2641 1354 2709 patientia
1370 2643 1416 2696 Dei
1436 2657 1506 2712 saepe
1519 2644 1605 2699 bonos
1622 2645 1742 2700 tribulari
1758 2655 1839 2715 atquc
1851 2661 1933 2714 ongu-

293 2754 326 2795 ex
340 2754 394 2807 qno
411 2738 565 2791 ostenditur
591 2736 853 2791 abundantissimum
872 2741 900 2787 et
915 2732 986 2787 nitra
1000 2733 1095 2785 huma-
1144 2731 1221 2786 stiari
1235 2732 1374 2801 permittit,
1390 2735 1589 2789 etccontrario
1603 2737 1733 2804 reprobos
1745 2736 1848 2791 deliciis
1864 2746 1932 2790 tem-

294 2845 357 2884 aam
375 2843 476 2882 rocem
504 2828 531 2879 in
553 2827 663 2880 senibus
687 2824 768 2879 <lirini
790 2822 925 2878 sermonis
946 2822 1094 2876 tonitruum
1143 2820 1282 2889 paratibus
1293 2830 1321 2874 et
1334 2824 1512 2891 prosperitate
1535 2825 1853 2879 terrenauticoneedi12
1874 2826 1935 2895 qni·

294 2918 472 2974 commorari.
491 2916 577 2970 Porro
591 2914 747 2980 Samnitis,
764 2914 791 2969 in
805 2914 896 2983 lingua
911 2922 1014 2975 nostra,
1037 2927 1095 2964 coc·
1143 2913 1195 2968 bus
1209 2922 1298 2966 tamen
1310 2912 1431 2981 utrisque
1440 2930 1489 2983 per
1503 2913 1623 2969 iudicem
1638 2914 1760 2969 virorum
1775 2924 1802 2969 et
1815 2924 1935 2969 mortuo-

295 3012 379 3073 cinra,
396 3009 513 3073 dieitur,
536 3017 567 3061 ut
580 3008 711 3075 s‘guiircet
727 3006 815 3061 calere
829 3004 997 3074 sapientiam,
1011 3010 1038 3057 et
1055 3003 1094 3058 di·
1143 3017 1203 3056 rum
1219 3002 1329 3070 premia
1341 3011 1416 3057 certa
1443 3004 1469 3057 in
1486 3002 1577 3059 lutura
1589 3006 1725 3069 restituet,
1741 3006 1849 3076 quando
1866 3024 1875 3055 ι
1893 3006 1936 3063 lris

294 3102 353 3153 rina
365 3098 486 3152 lectione
501 3096 615 3151 lcrrere.
631 3096 708 3164 Quod
721 3097 785 3151 iicet
809 3096 941 3152 Dominiei
955 3094 1094 3165 sanguinis
1143 3094 1189 3164 qui
1200 3095 1233 3147 ad
1247 3094 1385 3149 dexteram
1397 3095 1455 3165 ejus
1466 3105 1538 3161 sunt,
1551 3098 1672 3153 dicturus
1684 3098 1752 3152 erit:
1767 3098 1872 3162 Vertite,
1888 3097 1935 3153 be-

294 3190 395 3244 indicct
420 3196 632 3251 sacramentum,
661 3197 751 3242 tamen
776 3198 804 3243 et
817 3188 952 3243 ierrorem
975 3187 1095 3242 ostendit
1142 3185 1242 3240 nedicti
1256 3185 1344 3239 Patris
1358 3186 1423 3249 mci,
1443 3188 1573 3255 percipite
1591 3202 1701 3257 regnum
1714 3189 1784 3258 quod
1799 3187 1874 3241 robis
1885 3203 1933 3256 pa·

293 3281 446 3349 sapientire.
477 3278 552 3333 Unde
578 3288 605 3333 ct
626 3280 757 3333 obstetrix
770 3279 825 3342 illa,
848 3280 875 3333 in
898 3279 995 3335 Genesi
1015 3277 1091 3350 (Gen.
1142 3284 1232 3330 ratum
1242 3283 1284 3330 est
1305 3274 1339 3329 ab
1350 3274 1453 3345 origine
1467 3274 1569 3328 mnndi.
1590 3274 1645 3330 lllis
1660 3285 1750 3330 autern
1763 3275 1808 3344 qui
1823 3276 1856 3328 ad
1869 3275 1933 3328 sini-

293 3372 423 3442 xxxtttt),
441 3370 581 3424 coccinum
597 3369 663 3441 ligat
676 3371 703 3425 in
716 3385 795 3424 manu
807 3369 921 3435 Plrares,
939 3369 984 3439 qui
1000 3369 1034 3422 ab
1048 3382 1090 3433 eo,
1143 3372 1229 3418 stram
1248 3365 1307 3435 ejus
1324 3373 1414 3431 crunt,
1430 3365 1520 3419 dicet:
1536 3364 1669 3420 Disceditc
1694 3381 1708 3417 a
1731 3380 1785 3428 me,
1818 3362 1931 3417 moledi-

294 3462 365 3531 qnod
381 3463 517 3530 parietem
529 3460 657 3515 diviserat
678 3461 745 3515 duos
764 3460 876 3531 populos
892 3469 954 3515 ante
965 3474 1092 3530 separan-
1104 3426 1129 3491 G
1143 3456 1190 3521 cti,
1219 3454 1245 3509 in
1266 3455 1354 3524 ignem
1377 3463 1517 3517 arternum,
1538 3455 1583 3523 qui
1598 3463 1707 3523 paratus
1729 3462 1771 3508 est
1783 3451 1889 3506 diabolo
1907 3461 1935 3507 ct

295 3561 359 3614 tem,
374 3551 508 3604 ltirisoris
530 3566 645 3615 nomeu,
660 3551 752 3616 idest,
773 3549 883 3615 litores,
904 3550 1015 3605 sortitus
1040 3556 1090 3603 est.
1143 3548 1247 3618 angelis
1270 3548 1338 3618 ejus.
1367 3546 1399 3600 Et
1420 3547 1497 3602 ibunt
1518 3546 1544 3600 bi
1559 3545 1585 3599 in
1609 3545 1770 3615 supplicium
1792 3550 1932 3606 aeternnm,

294 3642 327 3697 Et
337 3642 416 3695 ltaab
432 3643 560 3695 meretrix
577 3642 602 3695 in
617 3652 678 3713 typo
690 3641 817 3696 Ecclesim
828 3640 982 3696 resticulam
994 3650 1093 3711 myste-
1140 3637 1205 3712 justi
1220 3646 1310 3691 autem
1321 3637 1348 3691 in
1362 3636 1444 3689 sitam
1459 3644 1587 3689 eternam
1601 3633 1708 3706 (liattlr.
1728 3632 1814 3687 xrrrl.
1835 3653 1844 3686 ι

295 3733 363 3785 rium
378 3733 721 3802 sangniniscoutinentem,
734 3733 1034 3805 nt‚lericbopereunte,
1050 3734 1091 3789 do
1443 3744 1557 3802 CAPUT
1585 3745 1627 3800 111,

296 3826 426 3895 muscjus
442 3825 606 3890 saltaretur,
621 3823 746 3895 appendit
766 3824 834 3896 (los.
847 3823 888 3895 n).
915 3824 992 3880 Unde
1009 3824 1091 3879 ctiam

295 3911 322 3966 in
338 3912 393 3966 alio
407 3912 468 3965 loeo
481 3912 514 3967 de
531 3912 596 3965 uiris
609 3912 709 3966 sanctis
723 3910 862 3979 Scriptura
877 3919 1088 3965 commemorat:

300 4003 360 4057 alli
375 4011 451 4067 snat,
475 4002 521 4071 qui
536 4010 668 4057 venerunt
692 4002 725 4055 de
748 4001 837 4057 calore
864 4002 960 4056 domus
983 4000 1091 4055 llecbab

297 4091 323 4166 ll
348 4092 416 4147 Par.
441 4093 513 4164 ιι).ι
544 4092 578 4146 Et
600 4092 729 4147 Dominus
757 4100 849 4147 noster
870 4094 897 4147 iu
926 4093 1089 4164 Evangelio:

300 4201 312 4237 ι
325 4183 427 4255 ignem,
442 4183 541 4253 inquit,
555 4183 615 4237 reni
630 4184 737 4239 mittere
755 4192 959 4253 superterram,
980 4192 1007 4239 et
1026 4184 1090 4252 qnid

297 4277 368 4342 solo,
391 4276 445 4331 uisi
460 4285 490 4329 ut
503 4277 596 4331 ardeat
619 4274 694 4347 (Luc.
708 4275 779 4350 tu)?
806 4297 814 4328 ι
833 4275 883 4342 Qui
898 4275 1089 4344 discipulorum

300 4369 379 4424 eorde
398 4383 565 4433 succensus,
587 4367 699 4438 cogebat
710 4382 756 4421 eos
768 4368 857 4422 dicere
881 4384 887 4420 ι
913 4385 921 4417 ι
937 4366 1030 4420 Nonne
1045 4382 1091 4421 cor

300 4467 490 4514 nostrurnerat
502 4460 600 4514 ardens
614 4460 639 4512 in
651 4460 809 4524 nobis,dum
824 4459 978 4528 loqueretur
993 4458 1020 4513 in
1035 4459 1089 4524 rio,

302 4560 327 4605 ct
340 4550 460 4622 aperiret
471 4549 550 4604 nobis
565 4548 740 4618 Scripturas?
756 4569 765 4601 r
783 4550 858 4622 (lac.
874 4548 960 4621 xxiv.)

615 4683 728 4739 CAPUT
742 4684 774 4739 ll.

1142 3837 1277 3893 iodicium
1297 3836 1445 3891 Solomonis
1458 3837 1490 3889 ric
1505 3836 1658 3890 mulieribus
1671 3852 1731 3905 qarc
1744 3835 1774 3889 dt
1788 3834 1934 3904 otiantibus

1439 3906 1629 3977 disceptabunt.

1177 4000 1254 4073 (Car.
1267 3999 1322 4071 tn).
1348 4017 1358 4051 r
1375 3998 1451 4054 'lunc
1472 4007 1606 4053 venerunt
1628 3996 1687 4052 dure
1706 3996 1831 4051 mulieres
1846 4010 1933 4050 mere-

1145 4109 1154 4142 ι
1177 4090 1259 4147 trices
1270 4091 1304 4145 ad
1317 4104 1428 4160 regem,
1454 4096 1639 4157 steteruntque
1654 4102 1745 4141 eoram
1758 4100 1800 4140 co.
1815 4084 1934 4150 Quarum

1145 4205 1153 4233 ι
1177 4197 1230 4237 una
1249 4182 1288 4236 ait
1303 4199 1309 4235 :
1327 4180 1455 4255 Obsecro,
1472 4180 1508 4233 mi
1526 4179 1643 4242 domiue,
1659 4193 1708 4249 ego
1725 4186 1753 4231 ct
1766 4176 1862 4230 ruulier
1876 4173 1935 4229 lnce

1145 4291 1154 4324 ι
1176 4270 1365 4327 habitabamus
1379 4270 1406 4324 in
1421 4270 1501 4324 domo
1520 4284 1583 4332 nna,
1600 4277 1627 4321 ct
1644 4266 1734 4337 peperi
1748 4265 1889 4334 apuleam
1903 4264 1930 4318 in

1144 4380 1154 4413 ι
1176 4358 1308 4416 eubiculo.
1321 4358 1411 4413 Tertia
1426 4372 1490 4412 vero
1503 4356 1546 4411 die
1558 4365 1700 4426 postquam
1715 4370 1764 4423 ego
1775 4354 1877 4425 peperi,
1887 4370 1935 4424 pe·

1144 4470 1153 4504 ι
1175 4450 1246 4522 perit
1258 4458 1285 4506 et
1298 4449 1366 4513 bec,
1392 4458 1419 4502 et
1432 4462 1540 4502 eramus
1552 4445 1650 4508 simul,
1666 4445 1806 4513 nullusque
1819 4442 1887 4497 ali-rs
1909 4443 1935 4496 in

1143 4563 1152 4596 ι
1176 4543 1255 4598 domo
1265 4537 1628 4607 nobiseum,exceptisnobis
1638 4520 1749 4591 duabus.
1763 4534 1883 4588 llortuus
1894 4542 1935 4587 est

1143 4655 1152 4687 ι
1176 4645 1266 4690 autem
1279 4633 1349 4688 idias
1362 4631 1483 4685 mulieris
1492 4628 1571 4697 hujus
1582 4639 1670 4693 nocte,
1688 4627 1823 4682 dornriens
1836 4626 1936 4695 qnippe

1143 4744 1152 4775 r
1176 4722 1309 4794 oppressit
1326 4736 1398 4775 eum.
1423 4719 1458 4773 Et
1480 4734 1645 4790 consurgens
1669 4718 1828 4786 intempesta
1852 4724 1930 4769 noete

302 4772 339 4831 De
356 4774 478 4838 M‘mm’
504 4790 548 4844 qm
571 4789 679 4844 “qnare
702 4775 836 4844 “mmm
856 4792 873 4845 ν
875 4790 902 4828 '⁰
919 4777 1008 4831 David
1016 4793 1032 4845 p
1033 4786 1088 4829 ΜΘ
1103 4766 1127 4823 D
1144 4837 1152 4869 ι
1177 4818 1283 4872 silentio
1298 4815 1358 4869 tulit
1380 4813 1464 4867 lilium
1481 4827 1569 4866 mcum
1590 4811 1623 4865 dc
1645 4809 1728 4863 tauro
1752 4822 1812 4861 mco
1831 4805 1935 4859 ancille

334 4862 392 4907 erto,
405 4845 450 4914 qai
463 4854 487 4898 et
506 4845 602 4913 dbiaop
619 4843 780 4898 Sunnntitern
803 4845 936 4925 expetebat
956 4848 1005 4900 sibi
1032 4847 1089 4914 fieri

334 4913 689 4984 atroremmuodqoeliom'd
704 4912 838 4968 Salomoni
850 4932 878 4968 ιιι
898 4917 1030 4970 nequeatis
1044 4917 1088 4970 dut
1145 4930 1154 4962 ι
1176 4918 1228 4964 tuae
1241 4906 1410 4972 dormientis,
1436 4914 1464 4959 ct
1482 4903 1625 4959 collocavit
1645 4900 1743 4955 insint!
1765 4915 1824 4953 sno.
1851 4897 1933 4950 Snnnt

335 4984 534 5038 dssssdvm‘liii‘
549 4984 613 5038 ⁸¹¹5&
1145 5018 1153 5050 ι
1176 5007 1266 5053 autem
1292 4997 1386 5062 silium,
1410 4995 1456 5064 qui
1474 5002 1532 5049 crat
1558 5002 1699 5057 mortuns;
1716 4990 1805 5061 posuit
1831 4989 1857 5043 in
1874 4988 1933 5042 sinu

335 5095 411 5167 (Cer.
427 5094 469 5169 n).
484 5114 494 5146 ι
512 5096 632 5151 ridonias
653 5106 742 5151 autem
756 5096 826 5151 filins
839 5097 953 5168 Haggitb
967 5096 1089 5152 etet-aba.
1145 5107 1153 5139 ι
1177 5104 1248 5143 meo.
1277 5087 1397 5156 Curaque
1423 5085 1601 5139 surrexissem
1626 5097 1714 5147 manc,
1737 5092 1766 5133 ut
1781 5080 1873 5134 darem
1894 5081 1934 5134 lac

305 5210 315 5240 ι
337 5199 390 5254 tur,
408 5190 521 5243 dicens:
538 5188 595 5259 Ego
615 5189 742 5259 regnabo,
766 5189 895 5258 Fecttquo
917 5190 966 5244 3th
980 5205 1089 5243 cuprum
1145 5199 1154 5230 ι
1179 5179 1233 5232 lilio
1245 5193 1316 5243 meo,
1340 5176 1464 5245 apparuit
1482 5182 1618 5236 mortuus,
1632 5190 1712 5243 quem
1728 5172 1881 5243 diligentius
1893 5172 1934 5224 in-

304 5283 492 5351 teremptos,
517 5287 545 5335 et
567 5280 762 5351 qninquaginta
780 5280 864 5345 viros,
890 5280 935 5349 qut
953 5290 1089 5335 aqqefflm
1143 5288 1151 5319 r
1175 5277 1254 5323 tuens
1278 5267 1351 5321 clara
1377 5267 1448 5330 lucc,
1477 5264 1642 5333 deprebendi
1670 5279 1724 5317 non
1750 5277 1809 5316 csse
1832 5276 1931 5326 mcum,

306 5396 315 5427 ι
333 5383 486 5438 currerent,
502 5382 555 5427 ete.
572 5390 582 5425 ι
599 5373 675 5439 Quod
688 5372 909 5427 autumnitanus
924 5372 995 5426 filius
1008 5372 1090 5426 bario
1140 5376 1154 5415 r
1176 5375 1256 5431 quem
1284 5374 1441 5429 genueram.
1470 5356 1672 5428 ttespondtrque
1701 5355 1786 5408 altera
1816 5348 1931 5409 mulier:

301 5465 385 5535 nrajor
398 5466 426 5520 in
445 5478 617 5534 regnnmpro
630 5472 707 5533 patre
730 5462 874 5517 succedere
885 5462 969 5516 uoluit
991 5476 1040 5532 per
1053 5461 1092 5515 ia·
1143 5472 1153 5504 t
1175 5452 1233 5509 Non
1261 5459 1302 5505 tsi
1327 5451 1375 5516 ita,
1396 5450 1443 5504 sed
1461 5448 1532 5503 filius
1558 5455 1759 5503 ²⁰¹¹Sss10t111115
1777 5454 1829 5509 0⁵¹,
1856 5459 1933 5499 ¹¹¹0⁰⁵

300 5570 368 5614 stum
391 5556 536 5626 superbire,
563 5570 615 5610 non
634 5569 682 5624 per
698 5555 825 5609 uirtutem
849 5553 1005 5623 discipline,
1028 5552 1092 5622 quid
1145 5564 1153 5596 ι
1177 5552 1266 5598 autem
1283 5542 1358 5596 virit.
1382 5539 1556 5594 Econtrario
1575 5538 1619 5592 illa
1634 5536 1761 5592 dicebat:
1788 5533 1930 5589 llentiris:

300 5651 434 5722 signifieat
446 5649 499 5704 nisi
512 5648 584 5718 quod
595 5647 723 5702 ludoicus
734 5647 855 5716 populus,
877 5646 923 5718 qui
938 5646 1015 5715 quasi
1030 5661 1087 5700 rna·
1146 5655 1154 5687 ¹
1179 5636 1250 5691 filius
1266 5635 1363 5705 quippe
1381 5648 1458 5688 “¹⁰⁰8
1480 5632 1563 5696 viril,
1589 5637 1616 5685 ⁰1
1631 5630 1702 5684 filius
1726 5637 1787 5683 [1¹⁰⁵
1808 5635 1932 5682 ffl⁰llt¹¹¹5

297 5739 420 5808 iorfilins
435 5739 631 5802 videturesse,
655 5753 717 5792 eum
741 5738 815 5807 prior
829 5736 914 5805 legem
929 5736 1088 5805 susceperit,
1146 5744 1154 5776 ι
1176 5735 1229 5781 est.
1254 5725 1342 5795 lltque
1365 5725 1392 5779 in
1408 5724 1479 5778 bunc
1493 5722 1601 5777 modum
1624 5718 1822 5774 contendebant
1840 5731 1930 5771 coram

300 5830 423 5899 gentilem
440 5828 580 5899 populum,
594 5829 639 5897 qui
654 5829 828 5899 pergratiam
844 5828 889 5881 liei
904 5827 1036 5897 posterior
1048 5842 1090 5880 ro·
1146 5836 1154 5867 ¹
1179 5832 1251 5886 5032,
1271 5836 1280 5868 t
1298 5823 1350 5869 ele·
1373 5812 1427 5884 (Ex
1442 5810 1588 5882 Greqorio).
1611 5808 1763 5863 limandum
1779 5806 1849 5876 (1¹¹⁰d
1860 5811 1935 5873 post·

301 5928 441 5984 natusest,
457 5932 599 5988 spernens,
615 5918 804 5972 solumsecum
817 5916 1090 5972 Dominumaestima-
1142 5922 1222 5979 qnam
1253 5906 1382 5961 lionrinus
1404 5902 1504 5958 erroris
1530 5899 1615 5955 nostri
1641 5897 1766 5951 tenebras
1792 5894 1850 5948 luce
1876 5906 1932 5945 sum

301 6008 557 6083 lintregnaturum?
578 6007 653 6063 Unde
670 6008 779 6063 etbenc
800 6005 1090 6077 nomenddonim,rpri
1142 6002 1304 6074 cognitionis
1332 6002 1469 6064 illustrat,
1494 6014 1556 6055 mox
1586 5992 1740 6053 tentationis
1767 5990 1860 6047 acideo
1889 5988 1930 6045 ri·
