4709 6767
339 619 392 678 357
800 617 978 676 constent.
998 618 1032 674 tn
1052 618 1330 678 etnnttenttnnt.
1350 652 1386 664 -
1403 621 1468 680 ttn.
1489 624 1520 682 ii.
1924 641 1979 698 558

339 737 553 806 monument
561 733 647 805 fitilla
653 734 902 807 ‹lielltttaellnl0312‚
911 750 1000 790 carram
1007 735 1131 796 redditio.
1146 748 1171 808 Λ
1184 739 1310 808 paediam
1325 741 1352 795 in
1370 740 1427 796 loco
1449 743 1518 812 ejas.
1532 740 1786 817 Generalitnthuia
1800 748 1918 806 Instituit
1932 752 1979 808 ud-

341 829 454 900 ltagmrs
470 829 505 882 ad
527 835 689 895 potestatum
712 826 838 896 pertinet,
854 842 915 898 qruc
930 843 1013 897 snper
1035 837 1134 886 cuncta
1182 831 1456 898 moncm,utilitatem
1469 833 1892 907 mtboiicnreligionisostcndit.
1907 841 1979 900 llicit

339 921 549 992 poterrdorest;
565 919 707 975 laudabilis
722 920 909 989 adpictatem,
926 921 1055 991 qnoniam
1069 922 1133 978 dunt
1182 921 1254 977 eninr
1272 922 1499 991 quemadmodum
1524 925 1660 997 magnifici
1688 928 1846 996 reddantur,
1876 933 1922 1003 qui
1944 933 1979 994 ad

340 1012 1033 1082 naemrsraprtnprertososanguinenorrcdamn.
1046 1012 1133 1070 Nimis
1182 1010 1376 1083 indulgentiam
1414 1023 1589 1082 pcccatorum
1625 1018 1770 1087 provenire
1805 1032 1975 1080 nreroemnt.

341 1112 430 1160 autern
440 1104 567 1174 congmit
579 1102 613 1158 ad
628 1111 783 1173 utrumqne,
796 1104 861 1174 qnia
872 1118 922 1160 noc
931 1116 1062 1174 quantum
1076 1119 1134 1160 nra·
1182 1100 1385 1158 Confessioncm
1395 1104 1529 1173 siquidem
1544 1106 1612 1161 bene
1625 1109 1749 1177 seqnitur
1763 1112 1975 1184 magnificentim

341 1213 417 1269 ptus,
439 1212 492 1252 nec
507 1205 640 1266 quantum
654 1196 798 1252 {adulabilis
811 1198 856 1262 sit,
871 1206 979 1267 poterat
992 1198 1130 1268 explicati,
1182 1192 1244 1262 qnia
1266 1208 1346 1250 netno
1362 1204 1451 1266 potest
1467 1210 1526 1251 esse
1546 1198 1716 1269 magnificus,
1729 1201 1781 1255 nisi
1803 1204 1849 1272 qui
1870 1204 1978 1262 Domini

341 1289 385 1344 md
396 1287 525 1356 qnoniam
539 1286 723 1342 consideranti
737 1287 881 1342 aestimatio
897 1286 1006 1353 obiecit,
1020 1286 1133 1356 pulchre
1182 1281 1264 1339 tuterit
1291 1285 1466 1342 miseratione
1487 1288 1641 1343 mundatus.
1654 1290 1753 1345 Coram
1775 1292 1889 1348 Domino
1912 1312 1978 1368 ergo

340 1380 452 1443 addidit,
470 1379 559 1434 sistis.
573 1378 612 1432 lta
628 1394 680 1433 uon
697 1379 856 1448 cxpmnendo
870 1379 941 1448 qnod
962 1379 1130 1443 intendebat,
1181 1374 1320 1431 corriessio
1335 1384 1361 1432 et
1378 1377 1579 1447 magnificentia
1594 1393 1601 1432 τ
1614 1381 1677 1448 quin
1691 1381 1761 1437 sicut
1777 1384 1977 1456 magnificentia

341 1472 472 1543 siguificat
479 1472 663 1528 oberrinrc:et
669 1472 817 1528 declararit
824 1473 1131 1544 neccornprclrendondo
1180 1474 1225 1522 cst
1238 1482 1303 1522 vcra
1316 1483 1378 1538 qnae
1391 1468 1506 1523 Domino
1524 1470 1660 1536 tribuitur,
1673 1472 1709 1527 ita
1722 1473 1856 1531 consessio
1867 1479 1978 1535 essede-

340 1563 407 1634 rprod
417 1562 512 1619 voluit.
524 1561 822 1632 Sequitnrridorribilis
834 1576 955 1636 estsuper
964 1568 1129 1623 omnmdeor.
1180 1557 1226 1615 bet
1239 1574 1376 1630 puraquae
1386 1560 1459 1616 illam
1471 1565 1610 1619 meruerit.
1623 1563 1764 1622 Fortitudo
1778 1579 1801 1622 et
1813 1571 1939 1639 gaudiana
1948 1574 1978 1628 in

340 1653 387 1709 llio
413 1654 544 1709 depensum
568 1654 635 1709 oros
666 1654 816 1721 advortere,
833 1671 903 1725 qnos
923 1658 974 1712 sipi
994 1658 1131 1728 gentilitas
1180 1648 1318 1719 locarier.
1333 1650 1624 1709 bocusenintllomini
1640 1658 1977 1734 pracserrtiacjosintelligi

341 1743 417 1814 impia
434 1742 644 1813 prraemmptionc
654 1745 813 1812 composuit
824 1744 893 1800 Nsrn
909 1761 956 1800 ces
970 1746 1130 1817 insequenti
1180 1749 1281 1811 potest,
1294 1757 1348 1811 qua
1372 1745 1459 1800 sancti
1471 1745 1647 1815 perimuntur
1662 1749 1689 1805 in
1701 1765 1750 1806 sna
1769 1752 1836 1808 rita.
1848 1752 1886 1808 lbi
1909 1770 1975 1828 crgo

340 1847 416 1890 serso
424 1832 590 1889 manifestat.
608 1833 740 1901 Quoniam
750 1837 875 1905 marotia
890 1838 942 1892 illis
954 1838 1045 1894 stultia
1056 1854 1130 1895 men·
1180 1833 1311 1891 fortitudo
1327 1845 1371 1891 cst
1385 1847 1413 1892 et
1430 1839 1558 1909 gandium
1572 1858 1579 1896 r
1593 1842 1657 1912 quia
1672 1842 1710 1899 ibi
1733 1844 1925 1905 immortalitas
1943 1865 1977 1907 ac

342 1926 409 1980 tibus
432 1924 590 1981 adambilm
605 1933 634 1981 et
647 1928 785 1982 rnetsendi
796 1943 857 1984 osse
875 1930 1028 1995 rideantur,
1045 1931 1130 1987 multo
1180 1923 1320 1980 beatitudo
1334 1935 1477 1996 perpetua.

342 2014 483 2069 terrilrilim
494 2021 537 2070 cst
550 2013 691 2081 Dominus,
704 2015 782 2085 cujus
793 2032 845 2074 nee
858 2018 1130 2076 multitudornirnou-
1215 2013 1314 2082 Adeste
1328 2014 1453 2081 Domino,
1463 2016 1573 2086 [omilin
1583 2020 1750 2090 populorum,
1763 2025 1855 2095 operte
1864 2027 1978 2085 Domino

342 2105 423 2162 lamro
463 2113 554 2176 potest
582 2105 705 2178 intelligi,
738 2122 788 2163 noc
807 2108 945 2177 plenitudo
979 2104 1979 2191 majestatisltglorianterimperinm,·dotellomirropieriumnominiejam

341 2197 455 2269 agnoui
1180 2194 1263 2251 leonte
1278 2198 1449 2266 sacrificinm,
1465 2211 1488 2255 et
1500 2202 1583 2256 territe
1595 2202 1622 2257 itr
1637 2214 1774 2275 conspecte
1790 2208 1859 2276 ejus,
1879 2221 1903 2265 et
1925 2211 1978 2268 ad-

372 2289 520 2346 dmrdr'i
538 2290 608 2346 eninr
633 2291 749 2360 gentiana
778 2291 1018 2356 metonomicos
1040 2303 1128 2347 nmen
1180 2296 1256 2342 orote
1270 2287 1412 2344 Dominam
1425 2290 1451 2344 ir
1470 2291 1562 2346 decore
1572 2304 1672 2348 sancto.
1687 2296 1833 2368 Postquam
1845 2301 1979 2372 magnalia

343 2383 413 2437 relos
432 2383 504 2452 seat.
528 2381 559 2435 lo
578 2381 709 2450 psalterio
728 2391 819 2436 entem
838 2383 936 2454 legitur
950 2401 957 2437 :
972 2384 1070 2438 ornnes
1091 2383 1129 2438 dii
1180 2379 1298 2445 Domitii,
1310 2390 1338 2437 et
1364 2384 1506 2438 beatorum
1521 2385 1591 2440 dorsa
1617 2389 1785 2456 praedicarit,
1802 2393 1829 2446 in
1856 2393 1976 2450 mcunda

343 2477 450 2545 patiare
464 2474 608 2540 dononio,
625 2472 752 2528 nonime
764 2485 850 2528 aaran
865 2474 1017 2545 retorserit
1033 2474 1128 2547 (Part.
1180 2472 1570 2540 partestndiosiusoonrmoret
1579 2480 1978 2544 gentesmtomnicnnctatione

343 2569 413 2636 ter).
428 2563 651 2632 blirabilitnrpcr
666 2563 787 2632 quintam
806 2564 925 2632 speciem
947 2564 1128 2632 diffinitionis,
1180 2559 1313 2628 deposita.
1327 2560 1442 2616 afferant
1455 2564 1568 2620 Domino
1584 2565 1697 2635 gloriarn
1711 2567 1906 2638 etinrperinm.
1922 2569 1978 2628 to-

343 2667 396 2723 quar
411 2653 507 2708 Graeoe
521 2662 581 2705 coto
596 2661 657 2706 onte
670 2652 751 2716 lesio,
760 2652 843 2708 latine
853 2653 1006 2709 edentium
1017 2656 1127 2722 dicitur,
1180 2645 1261 2704 ntff‘t'oe
1275 2650 1431 2721 populorum
1445 2662 1514 2707 sunl.
1524 2653 1692 2710 diversatum
1709 2658 1830 2727 getrtinnr
1841 2660 1976 2727 nationes,

342 2744 560 2813 comprehensum
581 2749 623 2796 est
645 2742 709 2812 quid
732 2743 787 2797 sint
796 2744 834 2798 dii
852 2743 972 2813 gentium
986 2745 1126 2800 demonia.
1180 2756 1241 2812 quse
1249 2741 1488 2798 rttomntnomtno
1500 2743 1649 2813 gloriamet
1659 2745 1888 2816 impensorum
1902 2749 1977 2806 illurn

342 2834 473 2890 bernonis
485 2835 559 2888 enim
582 2841 645 2888 surrt
665 2847 727 2902 quan
744 2833 810 2888 nulli
828 2841 959 2903 prestant
974 2851 981 2887 z
997 2834 1045 2889 sod
1060 2836 1129 2890 inse
1180 2832 1978 2905 credunt,confitenturetprndicantbominunrrcrumet

341 2926 478 2982 ndentes
493 2937 601 2993 semper
624 2923 769 2993 decipiunt,
789 2937 897 2993 semper
915 2924 1040 2979 illudunt.
1060 2923 1128 2980 Nam
1179 2923 1394 2992 omnipotentem
1412 2931 1442 2977 et
1455 2924 1577 2979 omnium
1590 2924 1797 2981 dominatorem.
1825 2926 1891 2983 Tale
1904 2929 1978 2984 errim

340 3016 460 3088 qnsrnris
481 3016 616 3070 domem
639 3014 734 3069 Latine
747 3015 857 3070 odones
881 3025 1024 3081 vocentur,
1050 3017 1128 3087 qnasi
1180 3011 1343 3066 sacrificium
1356 3012 1445 3080 planet
1458 3012 1486 3066 in
1501 3024 1648 3082 conspeetu
1667 3013 1772 3070 bellic
1789 3013 1977 3084 huiuscemodi

340 3107 487 3172 demonem
511 3106 631 3159 bnmsno
646 3113 738 3159 tamen
756 3119 882 3160 sermone
903 3105 1056 3160 conticium
1074 3114 1127 3173 est,
1179 3100 1339 3158 adoratores
1350 3101 1465 3155 adorant
1479 3086 1622 3161 Dominum
1634 3102 1662 3157 in
1673 3103 1772 3160 decore
1784 3116 1897 3171 sancto;
1912 3107 1977 3177 qnia

296 3245 312 3270 „
338 3195 398 3251 dun
422 3195 464 3250 ita
482 3194 608 3262 domas,
637 3195 714 3265 quasi
738 3210 773 3250 en
786 3195 923 3251 creatione
945 3195 1041 3267 dignos
1069 3208 1130 3251 csse
1180 3206 1243 3247 curn
1269 3193 1351 3248 corde
1374 3193 1485 3248 credulo
1499 3190 1738 3250 intenturaeternae
1757 3195 1891 3254 claritatis
1915 3212 1978 3254 esso

336 3285 490 3354 ledarum
504 3301 558 3342 non
571 3287 721 3352 immerito,
735 3286 930 3356 quoninmiliis
940 3286 1058 3342 seientia
1068 3301 1128 3341 non
1181 3292 1328 3338 auctorent.
1343 3281 1373 3337 ln
1387 3284 1561 3353 nonagesimo
1577 3292 1667 3340 autem
1683 3285 1782 3355 quinto.
1791 3287 1896 3357 psalmo
1906 3287 1976 3344 scri·

339 3391 385 3445 est,
400 3382 449 3453 qni
463 3381 598 3437 creatoris
607 3381 649 3435 sui
666 3395 719 3435 non
740 3380 889 3435 secundant
903 3379 1026 3434 arbitrio.
1042 3378 1087 3434 Sic
1101 3386 1130 3435 et
1179 3373 1256 3445 ptum
1277 3383 1342 3430 est:
1357 3374 1456 3444 afferte
1482 3375 1607 3442 Domino,
1627 3378 1721 3446 pntrioe
1743 3378 1869 3447 geminen,
1884 3378 1977 3448 offerte

336 3473 471 3543 sapientes
491 3472 666 3542 pbilosopbos
692 3469 829 3525 dicimus:
848 3469 897 3525 sed
922 3470 973 3524 bos
1004 3467 1164 3545 aequitare
1179 3463 1473 3536 gloriemetbrsorem,
1494 3465 1586 3534 offerte
1603 3465 1715 3520 Domino
1731 3466 1849 3537 ,gloriam
1875 3468 1976 3522 nomini

336 3565 448 3635 apostrrli
461 3562 601 3621 diffinitiva
614 3565 759 3628 sententia,
770 3563 880 3619 dicens:
895 3562 1033 3632 Sapientia
1046 3563 1127 3633 trajan
1171 3558 1246 3629 -ep'trn
1262 3557 1475 3623 totttutonnr,
1487 3568 1512 3612 et
1522 3558 1627 3614 introite
1638 3558 1667 3613 is
1680 3559 1750 3612 atrio
1769 3558 1839 3630 ejas,
1864 3559 1975 3614 marne

337 3655 425 3709 madi
445 3653 560 3709 antitis
587 3661 626 3709 est
650 3653 721 3725 epod
737 3652 820 3706 Deum
846 3650 880 3724 (t
891 3649 952 3706 Gor.
966 3650 1028 3723 nt).
1051 3650 1128 3707 Unde
1169 3646 1322 3704 ¹Doroirrnnr
1336 3648 1366 3701 is
1377 3656 1469 3703 arneto
1482 3649 1540 3719 ejas
1554 3646 1727 3720 (Producit).
1738 3647 1806 3704 Nam
1819 3663 1882 3703 cnrn
1896 3648 1973 3714 dicit,

336 3759 445 3803 secuse
467 3752 511 3801 est
528 3753 559 3800 ut
575 3746 622 3801 hie
642 3745 760 3802 seientes
775 3760 892 3815 pronon
917 3745 1129 3817 intelligentibus
1176 3738 1407 3808 patrieqerrtianr,
1422 3737 1733 3809 ptusslgnilicat,quam
1751 3738 1774 3793 si
1789 3738 1861 3794 solas
1875 3739 1979 3796 diceret

337 3836 497 3892 lamentor.
518 3835 627 3890 bremon
644 3843 791 3907 ostergoe
810 3837 865 3892 beo
884 3836 1003 3906 quidem,
1017 3836 1089 3891 siout
1100 3840 1128 3890 er
1173 3835 1289 3898 ·gentes;
1306 3841 1373 3899 gem
1387 3831 1459 3883 enirn
1469 3828 1575 3898 aliquos
1588 3837 1677 3899 potest
1692 3829 1793 3884 habere
1807 3829 1974 3899 peregrinos.

337 3927 465 3984 mnarum
485 3926 642 3998 angelorum
666 3928 803 3983 excellens
821 3928 945 3984 homines
958 3936 1049 3984 creata
1062 3927 1128 3984 snb-
1169 3923 1213 3978 Ἐι
1224 3924 1373 3979 dnm-actio
1386 3923 1495 3987 dicitur,
1508 3937 1563 3978 non
1575 3924 1694 3998 aduenas
1712 3920 1912 3991 complectitur,
1928 3920 1977 3975 sed

337 4019 444 4084 nantia,
459 4033 522 4089 quse
535 4019 643 4089 propria
655 4017 771 4074 faciente
780 4020 958 4089 superciaco
968 4034 1055 4089 usquc
1066 4033 1128 4090 per-
1177 4023 1284 4071 mntem
1296 4022 1403 4086 gentem
1414 4016 1494 4070 unius
1514 4013 1653 4085 sanguinis
1667 4013 1779 4068 indicat.
1791 4011 1841 4066 llic
1854 4025 1918 4065 reno
1932 4009 1975 4064 di-

336 4107 598 4175 conmemorat
615 4108 744 4179 dignitato
759 4109 894 4179 deposita,
909 4109 989 4165 malis
1000 4110 1128 4180 operibus
1178 4112 1254 4161 ctum
1266 4114 1318 4172 est,
1338 4106 1432 4176 potrr'oe
1443 4106 1569 4175 peritiam,
1584 4111 1615 4157 ut
1633 4101 1721 4157 nulius
1737 4101 1872 4169 ind'gena,
1887 4096 1977 4153 nulius

337 4197 1126 4270 tenrperinsistat.llaecsuntdcenroniaquaealiosperdunt,
1178 4194 1386 4265 bospes,nullns
1396 4192 1556 4263 peregrinus
1565 4191 1723 4246 redderetur
1732 4195 1871 4256 exceptus.
1882 4183 1976 4240 Patria

336 4299 358 4344 ct
375 4291 470 4360 κείρω
482 4289 631 4357 decipiunt.
646 4288 702 4344 noc
716 4297 778 4344 stunt
795 4291 888 4360 utique
899 4290 936 4345 dii
949 4290 1070 4362 gentinnr
1081 4290 1127 4362 qui
1178 4284 1252 4341 eninr
1265 4283 1337 4338 dicta
1357 4291 1400 4338 est
1421 4281 1499 4351 quasi
1512 4282 1596 4351 petris
1617 4280 1697 4334 atrio.
1712 4270 1841 4348 Sequit'ur
1855 4295 1863 4331 :
1875 4275 1974 4345 Apporto

335 4393 379 4448 per
399 4380 589 4436 -inirtretuosas
613 4380 818 4436 vaticinationes
839 4389 868 4435 et
887 4380 1039 4436 iuturomnr
1059 4395 1127 4435 rana
1177 4373 1292 4430 nomino
1306 4373 1418 4445 pieriam
1434 4382 1459 4427 et
1470 4372 1604 4426 honorent.
1626 4369 1762 4425 Admonet
1783 4370 1878 4435 etiam,
1891 4376 1921 4422 nt
1933 4366 1973 4422 illi

333 4472 466 4544 magia
481 4470 611 4526 festinant
633 4475 738 4526 animas
761 4472 886 4541 decipere
899 4471 1126 4527 concludentium.
1177 4461 1684 4542 generalitasllominogloricmslierat
1692 4470 1721 4517 et
1730 4462 1872 4517 horrorem.
1880 4457 1974 4514 Gloria

334 4560 466 4635 Sequitur
478 4579 486 4615 :
498 4559 628 4615 nortiam
645 4571 733 4616 ratem
756 4560 833 4616 color
856 4561 926 4633 feeit
948 4561 1020 4617 Ecce
1032 4575 1127 4616 revera
1176 4566 1220 4615 cst
1244 4557 1361 4622 Domini,
1375 4572 1437 4612 cunr
1459 4571 1489 4611 se
1509 4555 1608 4625 aliquis
1621 4550 1749 4610 tardanti
1766 4547 1972 4609 contemtione

331 4647 674 4721 bominidignalandatio.
693 4648 761 4704 Nam
779 4665 840 4705 cnm
854 4651 919 4706 dicit
933 4648 1126 4719 reminierit,
1176 4649 1315 4706 tractarit.
1354 4646 1528 4704 Gloriticatnr
1557 4647 1629 4702 enim
1661 4645 1791 4701 bominm
1808 4644 1835 4698 in
1859 4637 1973 4709 ramus,

330 4757 429 4800 omnes
447 4742 515 4813 ipsis
527 4741 614 4797 iactes
627 4741 1128 4800 cmutnnrsntnetanterostendn.stc
1176 4740 1285 4810 quando
1307 4754 1341 4795 ex
1361 4738 1480 4795 fidelium
1503 4736 1585 4793 tuerit
1609 4735 1816 4792 conrersatione
1836 4733 1972 4799 laudatus,

326 4836 404 4891 enirn
419 4833 449 4888 in
463 4832 612 4903 nrjortnns
624 4833 729 4887 minora
749 4833 964 4902 complectimur,
976 4849 1039 4889 cunt
1062 4833 1127 4890 dici-
1138 4827 1166 4890 D
1177 4830 1248 4888 sicin
1261 4831 1290 4886 in
1310 4828 1456 4900 Evangelio
1470 4826 1610 4898 discipulis
1621 4826 1679 4881 suis
1693 4825 1749 4880 ait:
1764 4823 1811 4881 Sir
1831 4821 1975 4879 terrestres

325 4934 391 4981 mna
403 4922 544 4978 ciuitatem
566 4921 737 4988 ndidcatam,
756 4924 865 4979 domurn
886 4923 1124 4981 obstmctamribi
1175 4933 1262 4980 restro
1275 4920 1573 4986 nomenniomen
1588 4918 1876 4988 ridsestopernrestra
1893 4915 1973 4981 bons,

321 5013 405 5071 enirn
418 5011 532 5081 rebqnoe
547 5019 641 5082 partes
661 5015 936 5083 comprehenduntur,
943 5015 988 5071 nbi
1000 5015 1125 5087 generale
1175 5027 1200 5073 et
1219 5016 1363 5089 glorificent
1379 5012 1487 5070 Patrem
1497 5012 1676 5083 aeneumque
1690 5019 1728 5066 est
1741 5010 1770 5064 in
1781 5007 1850 5063 eolis
1864 5005 1972 5080 (liutto.

322 5113 434 5160 nomen
446 5102 555 5157 dicitur.
567 5103 603 5158 Et
621 5105 727 5174 respice
739 5120 793 5175 qno
807 5108 899 5163 tendat
911 5107 1126 5164 dominarentur
1175 5106 1225 5181 r).
1237 5106 1329 5162 llonor
1354 5111 1396 5161 est
1417 5112 1507 5159 autem
1523 5101 1641 5169 Domini,
1652 5099 1761 5171 quando
1778 5098 1805 5153 in
1817 5097 1895 5153 donis
1915 5098 1973 5153 snis

320 5191 403 5256 tecit.
420 5189 491 5247 Nam
503 5190 571 5248 ialsa
584 5192 723 5249 hominurn
734 5196 924 5267 imaginatione
936 5198 1036 5268 reperti
1051 5205 1123 5254 sunt.
1176 5198 1202 5254 ei
1220 5197 1322 5269 gratias
1335 5192 1479 5250 referimus
1491 5212 1497 5247 :
1509 5200 1537 5248 et
1553 5193 1575 5248 si
1590 5191 1653 5262 quid
1668 5190 1731 5259 boni
1744 5188 1924 5257 suscepimus,
1937 5186 1972 5242 ab

319 5277 563 5339 Bominnsautem
576 5282 744 5351 coelosteeit,
762 5285 808 5341 ubi
820 5285 859 5341 nn
870 5302 920 5343 nec
933 5289 1063 5344 accedere
1076 5303 1126 5345 occ
1177 5288 1237 5361 ipso
1259 5286 1419 5358 pmsstcmnr
1440 5299 1500 5340 esse
1523 5285 1667 5349 collatum
1682 5283 1755 5338 sient
1776 5283 1804 5337 in
1829 5279 1974 5352 Evangelio

319 5370 460 5432 babitare
470 5385 670 5446 promerentur.
687 5377 751 5437 Sine
767 5380 851 5437 coelos
876 5381 1011 5453 apostolos
1024 5391 1052 5437 et
1063 5393 1127 5437 san·
1177 5379 1295 5454 legitur:
1310 5377 1404 5432 Nonne
1424 5376 1512 5431 decem
1531 5376 1652 5430 mandeti
1673 5375 1755 5430 sant?
1769 5383 1795 5428 et
1812 5389 1865 5429 non
1879 5385 1916 5428 ert
1931 5373 1974 5426 in-

317 5463 391 5524 et'os
405 5465 481 5522 viros
498 5465 643 5538 significat,
657 5466 704 5539 qui
738 5471 904 5529 dromonibus
929 5472 1125 5545 imperarebo-
1176 5483 1267 5529 motus
1284 5473 1329 5545 qui
1350 5470 1445 5526 rediret
1458 5470 1568 5525 eederet
1589 5469 1702 5542 pioriorn
1714 5470 1780 5534 Deo,
1795 5468 1846 5524 nisi
1865 5469 1908 5523 trie
1922 5466 1973 5523 Sn-

308 5559 401 5615 ‘tntnt
425 5571 539 5614 monere
569 5567 774 5616 eonsuercmnt.
808 5560 854 5618 Sic
884 5562 1126 5620 demonstrativum
1177 5565 1326 5622 mesitanus
1340 5562 1422 5636 (Luc.
1441 5563 1528 5635 xrrt).
1541 5560 1618 5617 Sicut
1639 5576 1721 5631 supra
1736 5560 1806 5616 dixit
1819 5560 1846 5616 iu
1868 5558 1973 5629 psalmo

322 5645 443 5705 dicendi
460 5663 545 5720 genos
568 5649 619 5705 snb
640 5651 773 5706 brevitate
795 5652 959 5725 completum
971 5662 1022 5710 cst.
1046 5651 1125 5710 Vitn-
1177 5656 1250 5711 trina
1266 5656 1437 5726 repetitione,
1451 5664 1565 5720 cantate,
1575 5654 1611 5709 ita
1624 5654 1677 5711 boc
1697 5655 1781 5710 tertio
1792 5651 1971 5723 componitur,

321 5740 442 5805 perrrtt
459 5741 531 5796 enlm
556 5743 679 5826 superins
692 5742 757 5800 deos
769 5746 899 5816 gentium,
913 5755 940 5802 et
958 5745 1051 5802 laudes
1074 5746 1127 5804 no
1178 5747 1331 5818 offerrunt
1358 5753 1528 5802 sacramenta
1552 5753 1653 5802 sanem
1670 5744 1821 5802 ,Trinitatis
1843 5743 1871 5795 in
1894 5738 1973 5794 cbri-

328 5830 402 5887 mint
415 5831 612 5902 subsequenter
621 5833 837 5909 atdunxitzqnia
854 5838 956 5909 gratior
969 5837 1022 5896 dici
1035 5836 1126 5910 splen·
1177 5838 1268 5898 stiano
1297 5837 1423 5910 dogmate
1448 5838 1536 5893 inesse
1561 5851 1669 5907 semper
1689 5846 1860 5908 agnosceres.
1891 5829 1972 5884 desc

331 5917 450 5988 ὖΜῑ,
465 5924 720 5983 enmnoxobscnra
735 5930 913 5999 praeessent.
1177 5938 1243 5985 runt
1264 5930 1355 6000 itaque
1383 5930 1497 6002 gloriam
1527 5929 1631 5985 nomini
1656 5928 1726 5997 eius,
1753 5924 1800 5995 qui
1819 5919 1972 5977 deuotionis

373 6012 509 6085 Confusio
523 6026 549 6071 et
564 6018 756 6089 magnificentie
782 6036 910 6078 erroneo
925 6038 934 6076 :
954 6019 1081 6090 fortitudo
1102 6029 1126 6075 et
1179 6021 1267 6078 studio
1281 6029 1484 6079 commntantur
1497 6021 1524 6077 in
1540 6020 1646 6089 melius,
1657 6030 1685 6076 ct
1710 6011 1969 6075 consubstantialem
