4709 6767
356 587 424 644 itii
706 533 883 641 dtllllllilll.
902 579 938 636 tlt
954 578 1077 636 LIBROS
1095 574 1380 635 nacttaemdtttlst.
1401 606 1436 618 -
1454 575 1487 631 lb
1505 575 1570 632 tte.
1589 576 1625 633 ll.
1916 583 1985 640 ηδε

353 697 452 768 quibus
466 693 560 748 bostos
576 690 717 746 vincentes
728 685 889 760 itineranti,
900 687 993 744 liberis
1005 687 1148 741 animabus
1161 692 1186 751 Α
1198 682 1300 739 Christi
1315 682 1397 746 Deus,
1409 681 1456 752 qni
1476 690 1557 753 eaput
1578 682 1698 737 laniabat
1712 684 1739 738 in
1760 695 1889 758 martyro,
1904 689 1987 745 [ιοιιιιι

355 784 476 855 requiem
489 779 628 835 intrabunt
640 786 779 832 cateruam.
800 774 951 831 Novissime
974 776 1032 845 ipsa
1056 782 1142 829 mater
1192 784 1220 831 et
1232 774 1370 830 Christum
1383 774 1596 844 persequebatur
1617 774 1644 827 iu
1659 774 1756 845 capite.
1772 775 1807 831 dt
1820 777 1865 833 ille
1878 778 1905 832 in
1920 796 1989 834 mar-

355 873 472 930 lidelinm
495 869 615 924 omniurn
634 868 661 921 in
676 866 730 920 bne
751 867 843 920 mundi
860 865 1101 930 consummabitur,
1115 872 1143 919 et
1194 866 1263 938 tyrio
1274 880 1323 921 sno
1346 863 1441 929 ddens,
1463 871 1491 919 ct
1509 865 1716 921 resurrectionis
1733 866 1784 921 sibi
1798 870 1938 937 premium
1954 869 1987 922 de

355 973 485 1032 tropeam
508 957 600 1029 glorian
621 957 655 1011 de
677 955 802 1010 omatibus
823 954 941 1010 inimicis
962 954 1019 1010 suis
1034 953 1144 1023 capiens
1194 954 1242 1009 liei
1259 954 1477 1009 remuneratione
1496 953 1666 1023 promittens,
1680 956 1841 1013 exclamarit
1854 968 1882 1013 et
1898 959 1985 1014 dixit:

354 1070 466 1128 regnum
480 1051 629 1123 possidebit
642 1057 812 1119 perpetuum.
1195 1044 1478 1118 Tuquidentimpotenr
1488 1045 1575 1099 eabae
1584 1048 1705 1115 praesenti
1716 1047 1768 1101 nitu
1779 1063 1826 1102 uos
1835 1049 1921 1119 perdis
1929 1067 1937 1113 ;
1945 1050 1990 1104 sed

391 1144 512 1213 Qtraliter
523 1150 614 1196 autern
627 1140 797 1195 beatissimus
811 1148 915 1211 martyr
926 1145 955 1194 et
968 1139 1145 1195 suavissimus
1194 1135 1286 1191 mandi
1302 1150 1349 1190 rea
1359 1134 1496 1204 defunctos
1510 1150 1557 1188 uos
1570 1136 1685 1204 proauis
1700 1135 1799 1207 lenibus
1818 1139 1845 1192 in
1866 1149 1989 1193 uuernanr

355 1231 615 1303 doctorCyprianus
636 1228 670 1285 de
685 1230 785 1285 eisdem
807 1236 913 1299 septem
928 1227 1056 1285 iratribus
1078 1229 1146 1285 scri·
1193 1226 1254 1280 uite
1271 1224 1487 1279 mamertinum
1506 1223 1651 1278 sauciabit.
1667 1223 1776 1280 Tertius
1800 1225 1917 1296 linguam
1940 1243 1989 1297 pn-

355 1324 470 1381 bensad
492 1319 671 1376 Fortunatam
691 1333 768 1374 more
789 1320 927 1374 ductorum
952 1318 1068 1375 lacundo
1089 1335 1147 1376 ser·
1196 1314 1311 1371 stolatus
1322 1314 1377 1369 cito
1390 1313 1596 1383 protulitznam
1607 1327 1714 1382 poenam
1726 1315 1823 1386 linguae
1832 1316 1992 1371 exsecandae

357 1430 437 1473 mone
459 1415 616 1473 dissereret,
638 1412 690 1467 boc
711 1411 771 1465 loco
788 1410 960 1467 inserendum
982 1411 1146 1480 censuimus,
1193 1405 1251 1477 jam
1270 1406 1401 1461 didicerat
1420 1403 1538 1487 airatre
1562 1413 1749 1469 contemnere;
1766 1421 1862 1462 manus
1884 1422 1991 1479 quoqne

357 1510 403 1580 qui
425 1510 496 1563 inter
518 1512 616 1560 caetera
632 1504 671 1559 sic
685 1504 723 1557 ait
743 1501 834 1569 :Quid
852 1517 918 1558 vcro
934 1502 961 1557 in
977 1501 1147 1569 llacbabaeis,
1198 1495 1376 1564 amputandas
1395 1500 1552 1549 constanter
1564 1495 1695 1561 extendit,
1711 1494 1824 1550 auritum
1838 1497 1933 1552 beatus
1947 1512 1993 1568 gc-

357 1607 460 1668 septena
473 1596 572 1651 iratres
585 1602 612 1649 et
628 1592 758 1648 natalium
775 1592 876 1661 pariter
888 1600 915 1646 et
933 1592 1062 1647 virtutum
1075 1600 1149 1647 sorte
1200 1596 1267 1638 ¹¹0?ss
1287 1583 1340 1637 5⁸2⁰
1353 1581 1493 1652 supplicii,
1506 1582 1550 1637 ⁰¹¹5
1565 1583 1680 1653 θθῑὶῑίιῑῑ
1698 1585 1818 1639 eliensis
1832 1584 1866 1639 ad
1885 1600 1993 1655 lloentssl

358 1685 521 1750 consimiles,
538 1683 707 1753 significent,
728 1680 779 1735 nisi
803 1679 984 1749 septenarium
1008 1694 1149 1734 numerum
1200 1673 1325 1728 manibus
1335 1674 1471 1743 passionis
1483 1672 1631 1728 bontlnicae
1645 1673 1732 1728 instar
1744 1674 1853 1729 imitari.
1866 1674 1921 1736 Nec
1938 1692 1990 1732 non

359 1781 529 1832 sacramento
543 1770 672 1842 perlectae
685 1769 924 1826 consummationis
937 1768 1092 1839 impletum?
1106 1768 1151 1825 Sic
1170 1825 1172 1829 ,
1201 1774 1229 1818 et
1246 1772 1367 1831 quartus,
1383 1763 1441 1832 pari
1452 1763 1553 1817 virtute
1568 1771 1703 1817 tormenta
1717 1772 1901 1830 contemnens,
1919 1774 1947 1820 et
1960 1766 1994 1821 ad

358 1867 431 1922 eninr
455 1872 559 1933 septem
587 1860 686 1915 iratres
711 1860 737 1913 in
762 1858 893 1929 martyrio
917 1857 1102 1923 coltaarentes,
1123 1865 1153 1913 ut
1203 1855 1399 1909 retundendum
1412 1854 1616 1925 regemeoelesti
1629 1868 1695 1909 uoce
1711 1854 1887 1923 respondens,
1903 1857 1994 1911 excla-

359 1953 438 2024 primi
455 1950 563 2005 luerunt
575 1950 603 2004 in
616 1948 794 2018 dispositione
806 1947 895 2002 divina
911 1955 1013 2016 septem
1028 1946 1086 2003 dies
1106 1962 1154 2001 an·
1204 1946 1287 1998 mavit
1305 1952 1333 1998 et
1347 1943 1434 1999 dixit:
1451 1941 1542 1997 Potius
1556 1953 1593 1997 eat
1611 1944 1644 1997 ab
1659 1944 1807 1999 bominibus
1828 1946 1994 2002 martiriales

361 2056 457 2097 norum
472 2047 575 2109 septem
593 2038 676 2093 millia
691 2037 870 2092 continentes.
882 2044 913 2090 nt
926 2045 1028 2105 septem
1042 2036 1152 2105 spiritns
1165 2034 1190 2092 B
1203 2042 1351 2103 camertore
1362 2050 1463 2103 apertu
1479 2032 1544 2098 Deo,
1559 2034 1651 2087 iterum
1665 2035 1697 2088 ab
1711 2051 1741 2089 eo
1758 2036 1951 2091 resuscitandos
1968 2038 1994 2091 iu

361 2141 388 2187 et
402 2128 488 2199 augeli
504 2136 606 2197 septem
621 2127 668 2196 qui
685 2126 816 2181 assistunt
830 2133 857 2180 et
881 2133 1075 2179 oottrcrsantur
1089 2133 1153 2178 ante
1205 2126 1281 2178 eitum
1301 2135 1446 2177 uterinam:
1462 2122 1509 2175 tibi
1530 2124 1600 2176 euim
1618 2126 1773 2179 resurrrectio
1792 2125 1827 2178 ud
1842 2126 1922 2180 uiturn
1944 2143 1995 2181 uon
2019 2138 2024 2151 ·

361 2219 458 2275 inciam
482 2216 769 2282 Domini,etlucerna
791 2214 957 2285 septiformis
978 2215 1005 2268 in
1030 2215 1154 2269 taberna·
1204 2212 1579 2282 crit.0uintus‚praeterquod
1594 2212 1779 2268 carnificinam
1794 2216 1865 2287 regis
1876 2225 1904 2272 ct
1915 2217 1997 2272 duros
2026 2279 2032 2296 ἱ

362 2308 423 2363 cnlo
446 2307 578 2376 martyrii,
601 2312 629 2360 ct
643 2306 670 2360 in
692 2304 851 2375 Apocalypsi
875 2312 977 2373 septem
991 2303 1152 2359 candelabra
1204 2303 1349 2372 uariosque
1368 2302 1506 2356 eruciatus
1521 2303 1582 2357 bdei
1608 2304 1700 2373 uigore
1714 2305 1850 2374 calcabat,
1873 2314 1907 2362 ad
1930 2324 1997 2378 pra·-

362 2412 445 2451 anrea
459 2396 550 2467 (dnos.
565 2394 597 2464 v),
621 2402 649 2448 et
669 2395 739 2464 apud
762 2392 934 2448 Salomonem
954 2392 1085 2447 columnae
1109 2406 1153 2447 se-
1204 2392 1345 2447 seicntiam
1360 2407 1469 2462 qnoque
1481 2400 1509 2447 ct
1524 2394 1648 2448 notitiam
1662 2392 1818 2450 futurorum
1841 2397 1935 2467 spiritu
1958 2400 1997 2453 di-

361 2496 450 2557 ptem,
479 2499 560 2555 super
587 2498 655 2553 quas
693 2483 836 2539 acdillcavit
870 2483 979 2537 domum
1018 2480 1154 2551 Sapientia
1177 2558 1179 2562 Ι
1205 2482 1997 2557 cirritatisanimatns,propbetavitregietindignatioucm

364 2576 454 2646 (Pron.
467 2575 506 2645 rx)
527 2592 534 2629 :
556 2575 594 2629 ita
616 2582 643 2629 et
660 2574 721 2628 istic
744 2582 846 2643 septem
878 2573 991 2627 fratrum
1015 2586 1154 2637 numerius,
1206 2574 1253 2628 llei
1267 2583 1293 2629 et
1305 2573 1434 2628 ultionem
1446 2573 1575 2629 velociter
1590 2581 1810 2645 prosecuturam:
1824 2577 1994 2643 Potcrtoteur,

364 2667 545 2724 Ecclesiamm
563 2674 667 2734 septem
688 2679 829 2719 nnmerum
847 2664 889 2719 sni
908 2663 1060 2733 quantitate
1080 2676 1156 2717 com·
1206 2663 1303 2733 inquit,
1322 2663 1390 2718 iuter
1407 2664 1525 2718 lrominea
1546 2665 1656 2731 babens,
1672 2683 1730 2720 curu
1752 2668 1788 2722 sia
1809 2670 1997 2740 corruptibilis,

363 2761 467 2830 plexus,
489 2759 638 2814 secundum
659 2757 731 2826 qnod
753 2757 780 2810 in
803 2756 891 2829 primo
911 2755 981 2811 libro
1000 2755 1155 2826 Regnorum
1206 2755 1272 2825 sucis
1286 2756 1355 2826 quod
1376 2757 1423 2810 uia.
1445 2756 1509 2809 Noli
1527 2768 1614 2812 autem
1631 2769 1723 2830 putore
1740 2777 1821 2832 genna
1840 2771 1956 2817 nostrum
1980 2780 1997 2815 o

365 2850 444 2921 (Cup.
457 2848 487 2921 n)
501 2850 627 2919 legimus,
639 2847 758 2903 sterilem
770 2854 872 2917 septem
884 2846 1031 2915 peperisse.
1042 2844 1076 2899 Et
1086 2844 1156 2914 apud
1206 2845 1261 2899 Deo
1273 2846 1424 2901 derelictum
1439 2864 1505 2903 etse.
1519 2845 1625 2904 Sustirte
1641 2861 1665 2905 et
1679 2851 1736 2906 uide
1752 2869 1874 2923 maguum
1886 2865 1998 2925 potesta·
2027 2876 2029 2880 ·

364 2939 461 2993 laium
479 2947 581 3008 septem
603 2936 731 2992 mulieres
752 2950 835 2991 ununt
857 2936 994 2991 bominem
1007 2935 1157 3005 apprehen·
1206 2944 1258 2988 tent
1269 2936 1336 3005 eiua,
1351 2935 1464 3008 qualiter
1484 2947 1509 2991 te
1524 2947 1548 2993 et
1564 2956 1651 2995 senten
1674 2951 1749 2997 tunm
1767 2944 1904 3016 torquebit.
1916 2946 1999 3013 Qutale

364 3029 442 3093 duint,
456 3027 533 3095 cujus
548 3026 668 3087 invocari
682 3041 912 3099 supersenomen
925 3034 1074 3095 exposcunt
1088 3025 1155 3095 (leo.
1208 3025 1272 3080 illud
1301 3025 1484 3081 levamentum
1512 3031 1625 3099 martyri
1657 3030 1727 3097 init,
1747 3048 1828 3102 quam
1854 3049 1998 3106 magnum,

365 3119 414 3191 ts).
432 3122 464 3173 ljt
484 3118 622 3189 apostolus
634 3117 743 3181 Paulus,
759 3117 805 3186 qni
820 3116 899 3186 bujus
913 3117 1019 3171 numeri
1044 3115 1156 3187 legitimi
1207 3118 1402 3188 quamgrande
1421 3118 1547 3174 solatium
1569 3120 1596 3174 in
1610 3122 1776 3178 cruciatibus
1788 3124 1845 3180 suis
1867 3140 1919 3180 nou
1942 3135 1997 3182 tor·
2027 3141 2029 3146 ’

365 3218 394 3264 et
405 3210 471 3265 certi
486 3209 622 3272 meminit,
637 3208 670 3262 ad
688 3216 791 3277 septem
811 3206 946 3262 Ecclesias
960 3205 1064 3261 scribit.
1080 3206 1113 3259 bt
1129 3206 1158 3260 in
1207 3216 1297 3263 menta
1319 3208 1428 3278 propria
1447 3210 1584 3280 cogitare,
1600 3212 1648 3267 sed
1671 3214 1780 3270 tortoris
1805 3215 1846 3271 sui
1869 3216 1997 3287 supplicia

366 3301 527 3372 dqtocalypsi
542 3301 633 3372 (apoc.
647 3299 667 3370 ι)
683 3300 811 3354 boninus
826 3299 952 3353 mandata
963 3312 1013 3351 sua
1026 3296 1115 3351 divina
1129 3305 1157 3350 et
1207 3298 1370 3368 praedicaret
1388 3297 1511 3354 inserto
1533 3314 1598 3355 vero
1621 3315 1675 3356 non
1697 3303 1784 3359 virtus
1809 3303 1878 3371 sola,
1898 3305 1945 3360 sed
1969 3315 1997 3360 ct

366 3400 498 3462 quuucepta
512 3390 634 3446 coelestia
646 3389 679 3443 ad
696 3397 798 3459 septem
812 3388 957 3452 scelestus.
971 3387 1044 3443 etad
1060 3400 1154 3441 earum
1168 3382 1192 3444 C
1207 3392 1346 3448 bumilitas
1360 3393 1530 3462 praedicanda
1549 3403 1605 3460 est;
1623 3393 1690 3449 nibil
1708 3394 1759 3449 sibi
1775 3401 1920 3466 martyrem
1941 3395 2000 3449 vin-

368 3484 479 3552 angelos
496 3482 597 3552 dirigit,
612 3481 658 3550 oui
672 3495 744 3534 nunc
756 3480 807 3534 iste
829 3479 857 3534 tn
880 3477 1009 3532 tntrtbns
1028 3490 1159 3532 numerus
1210 3482 1323 3545 dtmssc,
1337 3498 1389 3539 nce
1402 3482 1579 3539 courtesstonts
1598 3499 1654 3539 stra
1670 3484 1800 3540 bonorem
1814 3484 1939 3556 superbis
1954 3500 1999 3541 to-

367 3563 1157 3639 invenitur,utconsummatiolegitimacotnpleatttr.Cunt
1209 3576 1286 3631 gibus
1308 3575 1469 3640 ventilasse,
1496 3576 1615 3645 peccatis
1641 3578 1698 3632 suis
1723 3577 1811 3647 potius
1839 3578 1997 3648 ascripsisse

368 3670 470 3731 septem
484 3660 576 3715 liberis
590 3659 669 3730 plane
681 3659 821 3730 copulatur
832 3666 860 3713 et
874 3665 961 3712 mater
973 3657 1051 3727 origo
1067 3666 1095 3712 et
1115 3671 1158 3711 ra·
1208 3666 1279 3735 qnod
1292 3665 1507 3736 persecutionem
1524 3682 1540 3719 a
1558 3679 1621 3736 rcgc
1635 3674 1790 3736 pateretur:
1806 3666 1862 3723 Deo
1874 3682 1939 3722 vero
1953 3668 2000 3723 dc-

368 3753 503 3821 dinque
517 3749 952 3820 Ecclesiasseptontpostmodunt
969 3747 1083 3819 peperit,
1099 3749 1158 3817 ipsa
1208 3752 1281 3811 disse
1303 3756 1375 3825 qnod
1398 3756 1568 3825 postmodum
1599 3756 1790 3812 vindicaretur.
1816 3756 1911 3813 Docuit
1938 3773 1998 3813 csse

369 3841 457 3913 prima
471 3849 499 3897 et
521 3856 574 3896 nna
596 3855 677 3909 snper
692 3848 796 3910 petram
819 3837 925 3893 bomini
948 3852 1014 3892 vnce
1035 3836 1156 3892 lundata.
1210 3853 1344 3915 martyres
1357 3845 1533 3907 verecundos,
1554 3845 1587 3899 de
1609 3844 1710 3901 ultione
1733 3846 1823 3910 ddere,
1839 3855 1868 3903 et
1887 3848 1954 3903 nibil
1972 3850 1998 3903 io

369 3932 426 3989 Nee
439 3941 518 3987 vacat
532 3933 604 4003 quod
619 3933 645 3986 in
663 3931 833 4001 passionibus
845 3929 902 3986 sola
918 3945 979 3984 eum
995 3929 1086 3984 liberis
1102 3945 1158 3984 ma·
1208 3936 1333 4004 passione
1349 3934 1464 4004 jactare.
1486 3933 1566 4001 Noli,
1582 3935 1683 4003 inquit,
1702 3935 1801 4005 srttstro
1818 3953 1907 3992 errore
1924 3952 1933 3989 s
1953 3955 1999 3993 tros

370 4035 412 4081 ter
425 4034 484 4081 est:
499 4035 633 4096 martyres
649 4027 733 4091 enim,
746 4025 790 4093 qui
804 4039 833 4080 se
846 4023 893 4078 liei
910 4024 979 4078 lilios
992 4024 1018 4078 in
1034 4024 1159 4094 passione
1208 4024 1276 4077 enim
1296 4032 1401 4094 propter
1415 4009 1587 4094 nosmetipsos
1604 4024 1659 4077 lrcec
1672 4024 1798 4092 potirnur,
1819 4034 1953 4092 queccautes
1972 4024 1998 4079 iu

371 4115 585 4185 testemonium
603 4115 721 4170 nonnisi
742 4115 797 4170 lleo
811 4113 893 4169 Patre
913 4121 1067 4180 censentur,
1089 4114 1161 4169 sieut
1209 4114 1292 4170 Dema
1309 4125 1424 4169 nostrum
1434 4130 1443 4167 .·
1455 4126 1484 4171 tu
1496 4125 1594 4181 autent,
1606 4132 1639 4169 ue
1655 4125 1679 4170 te
1693 4118 1825 4171 existimer
1842 4118 2001 4188 impunitum

372 4205 399 4258 in
412 4202 555 4275 Evangelio
571 4204 701 4260 Dominus
717 4206 805 4270 docet,
821 4205 931 4261 dicens:
948 4205 990 4260 Ne
1008 4204 1159 4260 vocaveritis
1209 4204 1345 4274 futumm,
1365 4222 1501 4277 oqqreaaus
1520 4222 1637 4276 puqnare
1656 4220 1716 4259 cnut
1738 4205 1801 4261 lieo.
1823 4206 1999 4262 Attmtrabitts

373 4294 441 4348 cobis
459 4293 565 4349 Putrem
582 4305 780 4366 superterram,
796 4304 915 4350 numeri
933 4295 1002 4349 enim
1023 4294 1103 4349 Pater
1121 4311 1161 4350 ue-
1210 4310 1316 4366 quoqne
1338 4304 1434 4362 mater,
1453 4313 1514 4368 quae
1539 4313 1588 4353 nee
1612 4311 1692 4353 setus
1721 4297 1878 4352 infirmitate
1899 4296 1997 4359 tractu,

342 4450 354 4470 .
371 4395 425 4438 ster
439 4385 524 4456 quiin
543 4384 612 4439 coelia
625 4393 663 4438 est
681 4384 789 4456 (llottlr.
806 4385 895 4455 suut).
909 4384 973 4451 Qua
990 4400 1052 4441 tero
1070 4383 1161 4439 edide-
1210 4400 1261 4441 nec
1282 4385 1421 4456 multiplici
1435 4388 1554 4444 orbitate
1565 4395 1710 4452 commota,
1731 4370 1878 4441 morientes
1898 4386 1998 4442 liberos

373 4485 436 4532 runt
447 4478 646 4533 consessionem
660 4478 806 4547 praeconia,
827 4491 908 4546 qnam
923 4474 1062 4545 praeclara,
1078 4489 1159 4544 qnam
1211 4478 1349 4548 spectabat
1372 4478 1496 4544 libenter,
1516 4493 1567 4533 nee
1588 4493 1684 4547 poeruas
1705 4477 1765 4532 illas
1780 4476 1935 4549 pignorum,
1952 4476 2000 4532 sed

372 4579 468 4637 tttagna
486 4568 646 4623 documenta
661 4567 723 4622 fidei
739 4566 925 4637 praebuemutl
940 4564 997 4619 Rex
1012 4563 1161 4618 Antiochus
1211 4568 1311 4640 glorias
1335 4570 1518 4639 computavit,
1546 4580 1600 4625 tam
1625 4569 1726 4640 grande
1760 4569 1919 4640 martyrium
1943 4567 1999 4623 beo

373 4657 496 4723 iniestns,
519 4658 574 4714 iuno
595 4658 623 4712 in
647 4656 781 4714 Antiocho
803 4657 986 4711 dnticbristus
1007 4669 1159 4726 expressus,
1211 4660 1334 4729 praebens
1357 4651 1456 4715 virtute
1474 4660 1613 4715 oculorum
1636 4674 1757 4726 suorum,
1777 4674 1859 4730 quam
1876 4660 1999 4729 praebue-

371 4763 419 4800 ora
434 4755 583 4817 martyrum
596 4746 713 4818 gloriosa
727 4755 755 4803 et
771 4746 867 4816 spiritu
881 4742 1160 4813 consessionisjuncta
1174 4736 1200 4795 b
1213 4757 1273 4803 rant
1285 4748 1333 4803 filii
1345 4750 1403 4820 ejus
1414 4750 1553 4806 tenneritis
1562 4758 1591 4805 eu
1601 4750 1724 4820 passione
1736 4751 1927 4807 membr-nrum.

373 4836 496 4909 [iuncta]
518 4838 642 4908 eortugio
657 4838 742 4894 suillae
755 4836 893 4907 querebat
909 4836 1000 4892 caruis
1015 4832 1159 4901 maculare,
1248 4838 1315 4895 Cum
1330 4856 1377 4895 sex
1390 4841 1487 4897 occisis
1498 4849 1526 4896 et
1540 4841 1641 4911 punitis
1650 4849 1804 4910 superesset
1817 4856 1887 4898 nnus
1899 4856 1933 4899 et
1945 4839 1999 4898 lra-

372 4940 399 4984 et
417 4945 477 4984 curu
500 4928 612 4999 llagcllis
630 4930 749 5000 graviter
768 4929 947 4992 verberasset,
962 4941 995 4981 ac
1015 4925 1084 4981 nibil
1098 4940 1162 4995 pro·
1215 4928 1309 4995 tribus,
1327 4930 1369 4984 cui
1385 4943 1432 4984 rer
1449 4930 1566 4996 divitias,
1583 4938 1611 4984 et
1627 4938 1791 4999 potentatus,
1805 4940 1832 4986 et
1845 4931 1929 4988 multa
1943 4932 2001 5002 pol·

372 5033 481 5073 rutuvere
500 5020 646 5089 potuisset,
669 5019 819 5088 sartagines
830 5017 924 5087 *jussit
946 5014 1045 5087 igniri:
1063 5015 1161 5084 quibus
1214 5016 1353 5085 licebatur,
1366 5028 1396 5075 ut
1409 5019 1555 5075 emdelitas
1568 5019 1627 5090 ejus
1638 5035 1670 5075 ac
1687 5018 1780 5075 feritas
1790 5019 1833 5076 vel
1846 5021 1925 5077 unius
1937 5022 2001 5079 sub·

372 5105 465 5175 ignitis
490 5116 517 5162 ct
538 5108 661 5163 accensis
681 5122 744 5162 eum
771 5107 818 5177 qni
848 5106 951 5176 primus
974 5106 1080 5160 locutus
1104 5101 1162 5159 lue-
1214 5107 1269 5163 acti
1291 5107 1387 5163 solatio
1402 5107 1588 5175 taceremne
1608 5117 1711 5179 peteret
1733 5116 1762 5164 ut
1781 5111 1815 5165 ad
1837 5108 1922 5165 illium
1935 5109 2001 5181 deji-

373 5203 426 5260 rat,
440 5204 469 5251 ct
492 5198 578 5266 magb
600 5198 668 5252 iram
691 5197 762 5266 regis
784 5196 892 5252 virtutis
905 5209 937 5250 ae
951 5194 1013 5249 ddei
1035 5201 1164 5249 constan-
1213 5198 1337 5253 ciendum
1358 5213 1450 5253 secum
1472 5199 1664 5268 deprecaretur
1686 5207 1713 5252 et
1737 5206 1840 5265 matcr;
1857 5199 2001 5270 deprecata

374 5287 410 5340 tia
426 5295 631 5357 provocaverat,
650 5287 787 5343 admoveri
811 5286 989 5356 praecepium
1011 5282 1084 5354 frigi,
1099 5297 1163 5353 pro·
1213 5295 1254 5340 est
1269 5286 1312 5340 illa
1327 5286 1422 5351 lulium,
1434 5286 1481 5342 sed
1495 5285 1649 5341 utdecebat
1664 5294 1813 5357 martymm
1829 5296 1952 5353 matrem,
1970 5297 2000 5345 ut

373 5376 456 5431 ducta
467 5387 495 5432 et
508 5387 630 5433 extracta
655 5376 786 5450 [exsecta]
806 5378 883 5446 prius
902 5377 1003 5446 lingna,
1018 5390 1079 5445 qua
1097 5389 1163 5429 eon-
1213 5374 1325 5431 decebat
1338 5374 1403 5446 legis
1414 5382 1442 5430 et
1455 5374 1502 5430 lici
1515 5390 1673 5441 memorem,
1687 5385 1717 5431 ut
1727 5376 1838 5433 decebat
1852 5377 1921 5434 lllios
1933 5392 2002 5433 suos

373 5468 444 5523 lcssa
459 5468 544 5525 Ιιιιιιιιι
557 5468 646 5525 luerat
664 5487 671 5523 :
686 5469 757 5538 quod
779 5467 892 5538 martyri
912 5466 1056 5538 gloriosius
1076 5466 1161 5520 conti·
1215 5479 1267 5519 non
1290 5464 1404 5520 delicate
1425 5464 1473 5520 sed
1492 5463 1598 5521 sortiter
1609 5464 1774 5537 diligentem.
1797 5466 1943 5536 Deprecata
1956 5473 2000 5519 est

373 5558 429 5625 git;
445 5557 536 5629 lingua
555 5558 626 5613 enim
638 5556 760 5614 consessa
773 5572 870 5612 nontcn
885 5555 942 5621 bei,
960 5555 1035 5626 prior
1049 5555 1107 5625 ipsa
1128 5554 1162 5608 ad
1216 5554 1298 5620 entim,
1319 5554 1365 5609 sod
1387 5561 1416 5610 ut
1431 5555 1575 5611 bominum
1587 5554 1778 5612 muirtemtur:
1794 5554 1937 5623 deprecata
1956 5561 2000 5609 est

374 5650 460 5704 muru
473 5650 565 5705 debuit
578 5650 723 5720 plebeisci.
739 5649 803 5704 Post
824 5650 851 5704 iu
873 5649 991 5704 seeundo
1004 5647 1168 5719 excogitatis
1217 5663 1250 5702 ne
1264 5662 1279 5700 a
1300 5646 1430 5702 iratribus
1440 5648 1497 5703 suis
1510 5646 1595 5703 irater
1613 5648 1639 5702 in
1653 5646 1788 5704 consortio
1802 5643 1888 5699 landis
1901 5653 1929 5699 et
1944 5644 2000 5714 gio·

373 5742 524 5798 acrioribus
538 5742 642 5813 yttctuis3
656 5750 909 5812 antequamcustera
923 5741 1163 5810 membratorqne·
1215 5737 1263 5791 riae
1274 5747 1464 5808 separaretur:
1480 5745 1697 5808 tuneseseptent
1712 5733 1826 5791 tiliorum
1841 5743 2002 5806 computans
2093 5797 2099 5807 ⁶

374 5843 425 5898 ret,
440 5844 529 5889 entem
547 5834 643 5904 capitis
656 5849 717 5889 curru
730 5834 833 5904 oapilbs
846 5833 971 5897 detraxit,
985 5832 1046 5888 odio
1060 5832 1164 5888 scilicet
1217 5838 1341 5894 tutatreut,
1359 5831 1380 5886 si
1394 5831 1444 5886 sibi
1465 5829 1634 5899 contingeret
1648 5828 1716 5884 biios
1733 5832 1836 5895 septem
1849 5825 1903 5881 ileo
1918 5839 2000 5896 pepe-

374 5935 459 5980 cevto.
480 5923 547 5980 litum
561 5940 622 5979 cnm
645 5925 694 5978 viri
716 5934 796 5994 captu
818 5923 941 5980 cbristus
961 5923 1010 5987 sit,
1034 5931 1060 5977 ct
1082 5931 1162 5991 caput
1217 5921 1295 5984 risse,
1312 5936 1364 5975 nou
1380 5920 1616 5977 sacerdotiumne
1638 5917 1728 5986 itaque
1747 5928 1808 5970 eum
1827 5923 1855 5971 et
1869 5916 1999 5973 curvabe-

690 6069 695 6104 i
