4709 6767
365 566 421 622 isit
824 564 999 623 coit-betti.
1019 564 1053 622 tit
1072 566 1346 629 rtutttboitssrtt.
1366 604 1402 618 -
1418 575 1481 632 tib.
1501 575 1521 632 l.
1940 586 1992 642 tit

366 685 437 756 lep«,
447 693 573 754 tanquam
586 682 641 736 sine
654 681 709 753 lupe
720 697 802 736 essem
815 687 884 754 (crum
896 686 953 740 siue
970 683 1025 756 lepe
1039 683 1088 739 Dei
1105 702 1157 741 aaa
1171 688 1194 747 Δ
1208 688 1348 757 propterte
1367 698 1448 761 atque
1463 692 1635 763 evangelistis
1655 694 1783 766 disponit,
1796 698 1912 768 imiliter
1925 702 1991 761 lldes

366 792 460 839 asem,
473 774 519 829 sed
532 774 562 828 iss
572 772 718 843 iepeessem
731 772 850 844 Christi),
868 785 896 829 ut
916 774 1096 846 lucrifacerem
1112 793 1156 832 eas
1209 775 1402 836 incarnationis
1413 796 1495 837 saxea
1510 783 1607 852 priora·
1617 784 1716 855 populo
1729 800 1777 853 per
1791 788 1870 842 rerba
1885 789 1952 860 legis
1965 801 1994 847 ct
2046 780 2051 791 '

366 868 414 938 qui
424 866 482 921 ιὶιιι
494 864 549 934 icpe
562 874 647 919 ιιιιιι.
666 862 767 920 Factus
779 882 837 920 sum
852 866 961 934 inprimis
976 868 1112 937 infirmus,
1128 879 1156 923 at
1207 870 1408 937 prophetarunt,
1421 872 1636 928 ministrantibus
1648 875 1714 944 ipsis
1728 876 1864 948 Evangelii
1876 880 1993 937 doctori·

367 958 487 1027 infirmas
501 955 692 1025 lucrifacerent.
706 954 831 1012 Omnibus
842 959 930 1012 amaia
944 959 1030 1028 {actus
1044 976 1113 1025 sess,
1128 970 1156 1017 ut
1208 958 1270 1022 bus,
1284 961 1317 1013 ad
1331 961 1449 1030 gentiam
1461 963 1575 1017 salutem
1590 973 1794 1021 transmutetur.
1804 966 1861 1023 lloc
1870 973 1991 1026 estcnim

366 1061 458 1102 mes
475 1046 587 1116 {meets
611 1044 708 1100 saluos.
734 1044 829 1100 Omnia
852 1058 939 1102 autem
961 1049 1031 1118 [acio
1052 1063 1157 1122 propter
1207 1048 1241 1103 de
1255 1050 1323 1105 colle
1335 1049 1537 1119 Cariatbiarim,
1550 1072 1611 1125 uuae
1627 1065 1667 1111 ast
1688 1058 1798 1123 invidia,
1811 1070 1839 1114 et
1859 1062 1991 1133 interpre-

368 1135 589 1207 Emiserat
595 1136 724 1206 particeps
737 1136 796 1207 ejas
806 1137 936 1210 efficiarll
949 1135 1012 1195 Cor.
1025 1141 1073 1212 ιι).
1086 1142 1157 1199 Ecce
1208 1146 1281 1194 tatur
1293 1142 1384 1196 ciuitas
1399 1142 1537 1209 siluarum,
1557 1146 1633 1201 adse
1650 1162 1741 1202 arcam
1760 1150 1807 1205 liei
1823 1152 1988 1207 transferre:

367 1228 412 1283 iic
421 1226 570 1297 spiritualis
590 1224 741 1296 negotiator
755 1225 854 1280 tributa
868 1240 898 1282 sa
910 1227 1015 1284 solvero
1027 1244 1080 1284 non
1092 1230 1155 1299 uni,
1207 1229 1241 1284 de.
1257 1231 1403 1285 ominentia
1428 1233 1552 1290 vilelicet
1574 1233 1774 1306 Scripturarum
1797 1241 1866 1308 apud
1884 1240 1990 1297 irritatus

357 1309 546 1387 *pluribus
557 1316 740 1377 demonstrat,
757 1315 820 1384 quia
834 1313 934 1372 ludaeis
949 1323 977 1371 et
989 1319 1114 1388 gentibus
1128 1329 1156 1376 et
1206 1320 1408 1387 collocatarum,
1424 1326 1470 1380 ubi
1484 1327 1579 1381 ambra
1592 1343 1735 1384 numerosa
1749 1330 1893 1401 figurarum
1905 1335 1988 1387 alirin-

367 1405 496 1462 Μαῖα
517 1404 617 1460 Christi
640 1403 753 1460 verbum
779 1404 840 1460 srdei
862 1406 1050 1474 predicando,
1065 1405 1155 1466 'bonis
1206 1410 1264 1475 dat,
1285 1411 1318 1465 ad
1343 1412 1506 1468 intellectum
1528 1416 1636 1483 perutilis
1661 1418 1771 1487 populi,
1795 1422 1841 1475 ubi
1868 1422 1987 1478 Ecclesia

366 1495 497 1565 exemplis
507 1494 544 1549 ita
557 1509 587 1550 se
598 1493 724 1550 omnibus
735 1495 852 1564 aptarit,
866 1497 938 1565 quod
952 1497 1078 1553 omnibus
1097 1498 1155 1569 pla·
1205 1497 1305 1554 Christi
1323 1501 1460 1569 landatur,
1480 1503 1559 1560 tidem
1575 1506 1679 1562 Domini
1702 1511 1857 1579 perducere.
1873 1513 1905 1567 lit
1920 1516 1989 1570 bene

366 1596 451 1654 caret,
468 1586 594 1642 omnibns
607 1585 760 1656 proliceret,
772 1601 805 1642 ac
822 1585 952 1657 cuiusque
972 1587 1080 1645 diaconi
1094 1604 1155 1661 per·
1205 1590 1335 1659 scriptam
1354 1599 1407 1657 est,
1427 1592 1511 1649 David
1530 1595 1640 1663 dixisse,
1654 1598 1725 1666 quod
1745 1615 1797 1654 non
1816 1603 1988 1671 requisierint

366 1693 447 1735 sams
469 1677 504 1734 ad
522 1677 705 1732 obedientiam
728 1675 780 1732 sibi
801 1677 926 1732 certadm
949 1679 1154 1749 impendendam
1205 1695 1265 1735 eant
1290 1682 1317 1735 in
1340 1682 1435 1738 diebus
1456 1683 1539 1750 Saul,
1561 1687 1624 1757 qaia
1648 1699 1823 1758 pennanente
1841 1688 1989 1763 synagogae

367 1768 533 1825 eoatilisret.
544 1766 620 1823 Unde
629 1766 766 1837 sequitur:
1204 1780 1276 1827 statu
1283 1775 1828 1851 temporibasVeterisTestamenti,qrrasi
1838 1797 1890 1837 non
1899 1784 1988 1853 respui-

399 1862 499 1917 llmses
512 1867 599 1915 sutem
611 1859 717 1930 reliqua
731 1857 813 1913 tribus
828 1858 938 1914 consilia
958 1875 1047 1915 earum
1064 1876 1154 1933 seque·
1204 1861 1308 1916 sierunt
1320 1878 1411 1917 arcam
1425 1863 1542 1933 Domini,
1553 1867 1617 1937 qula
1627 1868 1795 1938 spiritualem
1807 1885 1928 1938 sensiam,
1943 1877 1988 1943 arri

366 1948 668 2019 mauretaniarum
684 1958 727 2004 est
738 1956 768 2003 ut
781 1950 882 2004 sanetis
891 1948 1047 2006 doctoribus
1060 1950 1153 2008 lideles
1205 1951 1306 2007 latebat
1326 1953 1353 2008 ia
1370 1954 1470 2021 littera,
1484 1955 1528 2012 ills
1545 1957 1644 2028 popula
1656 1959 1689 2014 ad
1704 1969 1826 2029 apertum
1838 1964 1994 2031 proma-ce·

365 2042 466 2111 pulpae
478 2040 589 2096 obedire
604 2038 631 2093 ia
647 2037 792 2108 Evangelio
809 2036 908 2093 Christi
923 2054 977 2094 non
990 2038 1151 2095 detrectent.
1166 2029 1190 2090 B
1204 2044 1362 2112 nonpotnit‚
1376 2043 1445 2100 sicut
1456 2047 1507 2101 sub
1518 2048 1605 2118 gratia
1619 2046 1686 2103 Nori
1696 2049 1866 2107 Testamenti
1874 2053 1988 2110 manile*

366 2130 433 2186 ltine
451 2144 568 2199 monne,
583 2129 751 2184 enumeratis
762 2127 806 2184 bis
824 2128 870 2197 qui
889 2128 923 2183 de
943 2130 1055 2200 siugulis
1068 2130 1153 2206 tribu·
1202 2138 1303 2186 statium
1317 2141 1360 2187 est
1371 2134 1542 2192 credentibus
1555 2135 1582 2191 in
1597 2136 1743 2195 Christum.
1759 2139 1837 2198 Unde
1852 2144 1991 2214 apostolus

364 2219 414 2274 bas
425 2234 488 2289 arsa
498 2220 533 2273 sd
544 2219 628 2274 liauid
643 2225 784 2283 uenerunt,
798 2217 988 2290 suliungiturt
1201 2218 1304 2276 Paulas
1316 2222 1343 2276 in
1357 2221 1476 2292 Epistola
1496 2238 1544 2279 sus
1566 2224 1713 2296 gloriatur:
1727 2227 1876 2287 &cundum
1888 2234 1987 2288 resuta-

397 2309 497 2365 llusass
513 2311 559 2364 isti
577 2309 627 2363 oiri
646 2308 798 2373 bellatores,
813 2318 838 2363 et
851 2310 1012 2380 expeditiori
1032 2327 1151 2382 pupaan-
1202 2318 1298 2364 tranem
1309 2311 1360 2365 sibi
1371 2320 1459 2367 ratum
1472 2328 1532 2369 csse
1542 2327 1733 2371 sacramentum
1744 2318 1771 2372 ia
1784 2324 1905 2391 mpsterio
1916 2323 1990 2379 Ciriss

363 2406 435 2471 pm,
446 2404 526 2460 Μ,
535 2405 650 2475 msam
662 2415 784 2460 „emm
795 2406 824 2461 ιη
838 2405 955 2470 Retron,
970 2416 999 2462 m
1010 2410 1151 2464 pompm.
1201 2400 1248 2465 sti,
1256 2399 1331 2469 asad
1344 2399 1405 2455 aliis
1423 2404 1632 2472 perorationibus
1655 2422 1707 2460 aaa
1728 2418 1766 2463 est
1788 2413 1906 2480 apnitum
1925 2413 1988 2480 filiis

363 2503 418 2548 mr
430 2510 517 2564 ιαμ
531 2494 614 2549 oppid
628 2511 707 2565 uper
716 2497 863 2551 mmmm
879 2495 972 2553 turpet,
993 2498 1045 2554 sed
1056 2510 1081 2556 ει
1096 2518 1163 2566 οη..
1201 2492 1346 2557 bominum,
1359 2494 1427 2549 sicut
1441 2511 1510 2549 nune
1531 2498 1671 2551 revelatum
1684 2507 1721 2553 est
1737 2503 1835 2556 sanctis
1848 2504 1905 2573 ejus
1922 2521 1988 2575 apo-

363 2598 406 2637 ses
419 2582 515 2653 reliqui
536 2599 569 2638 eu
591 2582 675 2639 lsraei
690 2600 742 2640 utta
761 2585 839 2641 eorde
857 2597 949 2651 erant,
968 2597 996 2641 ut
1018 2605 1064 2643 rex
1077 2591 1151 2659 pieres
1200 2585 1275 2641 stolis
1285 2595 1309 2640 et
1329 2586 1459 2657 prophetis
1474 2588 1502 2641 irs
1513 2585 1626 2658 Spiritu,
1638 2606 1693 2644 esse
1703 2601 1790 2660 pentes
1802 2593 1949 2649 coheredes
1962 2606 1987 2651 ιι

362 2672 458 2727 braid.
473 2672 542 2740 Quia
554 2673 668 2746 apostoli
680 2682 708 2730 et
721 2676 861 2746 apostolici
880 2679 929 2733 riri
953 2678 986 2734 ad
1005 2679 1088 2735 David
1103 2700 1151 2739 aa.
1201 2674 1399 2746 concorporales
1428 2685 1453 2731 et
1474 2677 1613 2747 participes
1627 2681 1806 2748 promissionis
1828 2683 1856 2736 in
1882 2681 1987 2738 Christo

362 2775 449 2821 uram
458 2765 637 2834 conveniunt,
658 2767 819 2838 specialique
833 2767 959 2840 conjugio
973 2771 1011 2825 illi
1024 2774 1150 2842 copulan.
1199 2763 1266 2820 «lesu
1283 2782 1329 2836 per
1351 2764 1530 2837 Euanpeiium,
1548 2776 1576 2821 ut
1589 2767 1732 2823 innoteseat
1746 2770 1934 2843 principatibus
1961 2784 1985 2827 et

363 2866 426 2924 tar,
448 2872 545 2913 onmes
559 2857 666 2928 reliqui,
680 2868 735 2914 tum
750 2874 783 2915 er
798 2859 898 2915 ludaeis
921 2861 1042 2929 scilicet,
1067 2880 1150 2935 quam
1199 2856 1371 2926 potestatibus
1392 2857 1421 2911 is
1441 2855 1585 2911 celestibus
1597 2873 1646 2926 per
1660 2856 1805 2913 Ecclesiam
1818 2859 1986 2930 multipartitis

361 2952 443 3007 epm
466 2967 501 3008 ,ς
522 2951 615 3021 gemiti
635 2951 748 3021 populo,
768 2968 826 3007 uno
850 2953 932 3009 poppe
951 2956 1066 3026 parique
1086 2969 1150 3015 vop,
1199 2946 1330 3015 sapientia
1353 2945 1404 3001 Dei
1425 2946 1568 3001 meandum
1592 2948 1791 3018 propitationem
1817 2950 1985 3018 surculorum,

361 3050 465 3114 mm,
479 3058 513 3098 κ
524 3059 575 3113 p„
584 3044 687 3099 viribus
700 3052 815 3111 efflant,
832 3054 862 3101 ,η
878 3061 927 3102 m
939 3048 987 3102 pap
1007 3048 1106 3111 ΒΜ),
1120 3059 1151 3107 m
1198 3052 1277 3106 quam
1288 3034 1383 3116 secata
1392 3034 1570 3092 Cisristoiesu
1588 3038 1701 3093 Domina
1712 3050 1800 3094 nostra
1811 3041 1919 3113 (Epirus.
1930 3041 1984 3113 ιιι).

361 3135 411 3205 ipsi
426 3134 551 3191 videlieet
562 3148 672 3203 regnum
685 3135 786 3191 Christi
799 3135 876 3204 bant,
891 3137 990 3208 quibus
1001 3137 1059 3210 ipsa
1073 3138 1150 3197 lieri·
1236 3125 1295 3192 in
1306 3125 1423 3196 ilicem
1437 3128 1556 3182 mulin
1576 3130 1697 3196 ‘limitis
1719 3132 1880 3203 ⁶⁰tdf⁶d⁰i¹⁸i
1902 3132 1990 3188 ”itii

362 3234 402 3282 tas
412 3226 469 3281 ais:
485 3224 603 3296 masura
616 3225 665 3280 Dei
677 3225 748 3280 intra
760 3243 806 3281 ιιι
817 3236 854 3280 ιιι
868 3225 945 3299 (Luc.
960 3228 1039 3299 ιιιι).
1200 3230 1321 3272 cunctum
1332 3217 1420 3274 lsrael
1432 3237 1448 3274 a
1461 3219 1540 3275 Sibor
1551 3219 1672 3293 AEpppti,
1686 3237 1767 3292 usque
1779 3222 1842 3277 dum
1854 3224 1987 3293 inpredia·

394 3316 419 3371 F
420 3326 566 3387 uruntque
579 3316 615 3370 idi
628 3317 698 3387 apud
708 3316 793 3373 David
803 3316 887 3373 tribus
899 3318 1000 3384 diebus,
1016 3319 1149 3375 commea.
1201 3308 1238 3362 ris
1251 3308 1358 3375 Emotis,
1371 3319 1399 3365 ut
1414 3311 1554 3367 adureret
1572 3328 1661 3366 arcam
1676 3309 1725 3366 bet
1739 3313 1771 3367 de
1785 3311 1987 3369 Cariatiiarim.

360 3420 396 3465 tes
412 3418 439 3465 et
458 3408 570 3463 bibentes
590 3424 649 3479 pute
666 3419 879 3478 preparaberunt
893 3411 931 3464 eis
945 3410 1040 3479 fratres
1053 3412 1095 3466 aut
1114 3429 1148 3468 a
1200 3400 1281 3456 Silaos
1295 3400 1406 3473 AEpypti
1425 3402 1522 3458 ilarius
1546 3412 1586 3459 est
1607 3401 1648 3474 (ut
1670 3402 1770 3474 lerunt)
1791 3402 1937 3467 derivatur,
1952 3406 1986 3459 de

361 3498 485 3554 iuncta
502 3506 527 3550 et
547 3495 666 3552 Zabulon
686 3507 711 3552 et
728 3497 907 3569 Nepbtiatim,
919 3508 972 3555 etc.
987 3499 1055 3568 Quis
1073 3502 1146 3558 omni
1199 3508 1252 3563 qino
1264 3492 1291 3548 ia
1301 3492 1418 3549 Ieremia
1428 3494 1465 3549 ita
1476 3494 1672 3565 scriptumest:
1686 3492 1756 3561 Quid
1767 3494 1814 3548 tibi
1826 3504 1863 3548 ιιι
1873 3495 1987 3549 adriane

361 3598 480 3659 We
492 3596 592 3644 mem
604 3587 744 3645 Trinitatis
757 3588 837 3644 fidem
856 3597 980 3646 tenentes
996 3600 1106 3647 manent
1119 3591 1146 3648 in
1197 3584 1319 3656 AEpppti,
1331 3595 1359 3639 ut
1372 3585 1444 3640 bibas
1465 3583 1785 3658 catassamitum?
1803 3583 1856 3639 Pro
1875 3600 1929 3655 quo
1944 3584 1985 3638 in-

361 3680 503 3737 devotione
516 3678 621 3746 eadcm,
634 3688 666 3735 ut
675 3695 707 3736 ea
720 3695 781 3751 aaa
791 3682 872 3752 primi
884 3681 1020 3748 doctores,
1031 3683 1083 3740 boc
1093 3692 1145 3750 est,
1198 3685 1330 3748 terpretes
1347 3694 1443 3750 apuam
1464 3678 1596 3733 turbidam
1623 3678 1793 3749 interpretati
1813 3685 1877 3734 sunt
1891 3718 1898 3744 ,
1919 3678 1983 3749 qaia

360 3771 483 3843 apastoli,
498 3785 531 3824 ex
545 3769 645 3826 divinis
657 3770 827 3842 dogmatibus
843 3770 896 3827 illis
906 3772 1146 3843 praebueruutmli·

360 3871 448 3919 ments
458 3862 607 3934 gaudentes
613 3862 757 3933 accipiant,
762 3871 790 3919 et
799 3863 834 3919 de
842 3864 921 3921 bonis
927 3865 1061 3935 perceptis
1072 3865 1146 3921 lseta-

360 3954 1143 4029 taamamniamtargitoriperpetualitcrpasiasretecaas.

653 4066 767 4123 ctebr
785 4066 852 4122 Xlll.

359 4137 397 4192 be
418 4154 450 4193 eo
473 4136 543 4209 qaod
563 4135 646 4191 barii
672 4138 730 4191 iaiit
752 4138 889 4192 consilium
912 4154 972 4193 cum
996 4140 1106 4196 triburis
1118 4148 1143 4196 et

1198 3767 1291 3834 Silaos,
1307 3768 1515 3825 firmamentum
1528 3787 1622 3825 riorum
1633 3769 1675 3825 uel
1692 3769 1837 3836 turbidum,
1851 3771 1985 3841 interpre-

1197 3868 1271 3915 tatur
1283 3860 1384 3933 (Arnos.
1398 3859 1446 3930 rr).
1459 3861 1556 3916 Emutb
1569 3862 1667 3934 quippe
1680 3862 1776 3917 ciuitas
1788 3872 1830 3916 est
1848 3861 1983 3927 Danaasci,

1196 3967 1277 4022 quam
1288 3952 1451 4024 expugnarit
1465 3968 1512 4009 rex
1534 3952 1723 4024 Assyriorum
1743 3968 1804 4022 quae
1816 3962 1844 4008 ct
1856 3955 1882 4007 in
1900 3952 1983 4009 duros

1196 4046 1360 4102 Ematbraba
1381 4046 1518 4111 scribitur,
1532 4046 1604 4116 quod
1624 4046 1764 4101 nobiscum
1787 4054 1865 4101 sonat
1886 4045 1982 4099 Enratlt

1195 4135 1981 4207 mapaum.llmcctnnncEpipbanianuncupaturbeniqne

390 4207 587 4263 centurionibus
597 4214 621 4260 et
632 4205 758 4261 uniuersis
767 4207 937 4278 principibus,
949 4218 977 4262 ut
987 4219 1143 4279 conprepata

390 4276 557 4331 multitudine
583 4275 746 4329 sacerdotum
768 4284 791 4329 et
815 4274 979 4343 Leoitarum,
993 4279 1142 4333 reducerent

390 4361 481 4399 aream
494 4344 598 4399 Domini
610 4344 645 4398 ad
654 4361 681 4399 se
690 4344 723 4398 de
732 4344 809 4399 domo
819 4346 964 4400 Abiaadad.
974 4345 1013 4400 De
1026 4345 1081 4402 Osa
1094 4347 1143 4402 Le-

390 4414 1141 4485 eits‚psiariaabatpiaustrum,etteadeasmanumsuam,

390 4494 419 4537 ut
430 4493 588 4540 sustentaret
600 4501 700 4550 arcam,
715 4500 746 4538 ae
769 4485 835 4553 sorte
859 4494 953 4543 rueret.
968 4486 998 4539 ob
1010 4489 1142 4541 temerita-

390 4566 442 4609 tem
463 4563 548 4608 tactus
561 4570 697 4624 percussus
712 4563 749 4608 est
765 4552 916 4607 adamita.
929 4553 987 4609 lloc
1004 4555 1091 4610 Dauid
1104 4558 1142 4610 ui-

1194 4243 1242 4298 per
1249 4228 1307 4283 buc
1314 4229 1367 4283 duo
1374 4227 1513 4293 vocabula,
1523 4228 1575 4283 boc
1585 4237 1637 4292 est,
1651 4226 1733 4283 Siltor
1745 4228 1886 4292 etEmatb,
1895 4238 1983 4283 totam

1195 4330 1296 4375 terram
1311 4317 1527 4389 repromissionis
1538 4318 1750 4387 comprehendit,
1764 4332 1860 4387 exqrra
1875 4320 1981 4375 aniter-

1194 4429 1241 4470 sas
1254 4411 1335 4469 lsrael
1342 4418 1520 4482 congregatus
1529 4418 1572 4465 est
1582 4409 1616 4465 ad
1622 4408 1775 4465 baridl'er
1782 4409 1978 4480 Siborrpaippc,

1193 4506 1244 4561 boc
1254 4512 1296 4561 est
1309 4506 1397 4558 rivum
1409 4503 1466 4558 sire
1474 4508 1620 4556 torrentem
1627 4499 1906 4571 AEgypti‚.lustralem
1917 4516 1979 4570 par-

389 4626 454 4680 tiens
469 4623 608 4693 obstupuit,
626 4632 650 4677 et
669 4624 760 4678 auertit
773 4639 863 4676 aream
878 4623 907 4677 ia
923 4624 1028 4678 domum
1042 4625 1142 4681 Obede-
1194 4607 1247 4654 ‘⁶¹¹¹
1258 4605 1349 4662 ‘m’
1365 4603 1393 4697 ‘ff‘
1404 4610 1452 4665 ⁹⁰¹
1466 4595 1572 4696 ‘Emaffi’
1585 4591 1827 4693 semf'si‘iffllem
1843 4592 1975 4662 desim·

388 4697 451 4750 dom
462 4691 574 4758 Getiei,
588 4692 633 4746 ubi
640 4694 736 4749 mansit
750 4692 834 4747 tribus
847 4693 986 4748 mensibus.
1154 4708 1182 4767 D
1230 4688 1265 4743 Et
1277 4685 1391 4742 aseendit
1406 4684 1491 4739 Damd
1502 4693 1527 4739 et
1547 4698 1635 4738 oaraes
1659 4699 1707 4737 utrs
1724 4680 1810 4736 lsrael
1829 4682 1864 4735 ad
1886 4680 1979 4736 collem

389 4789 411 4858 (Ι
425 4789 493 4843 Pan.
508 4785 580 4858 ιιιι,)
592 4784 656 4840 lniit
669 4795 757 4840 autem
773 4784 911 4840 eonsilium
924 4784 1010 4840 Dauid
1021 4803 1079 4841 cum
1091 4788 1141 4841 ιη’.
1194 4776 1393 4840 Cariatisiarius,
1405 4790 1463 4846 que
1475 4784 1513 4828 est
1526 4774 1554 4827 ia
1565 4772 1650 4836 ludu,
1663 4781 1691 4826 ιιι
1700 4771 1806 4841 afferret
1818 4772 1878 4825 inde
1887 4787 1979 4826 arcam

358 4880 430 4934 isais
439 4888 468 4933 ιι
477 4875 671 4932 centurionibus
692 4884 716 4930 et
739 4873 865 4929 uniuersis
884 4874 1053 4944 principibus,
1066 4883 1090 4929 et
1103 4876 1143 4930 air
1193 4867 1300 4922 bantini
1316 4865 1364 4920 Dei
1382 4863 1494 4918 sedeatis
1515 4878 1593 4933 super
1613 4861 1755 4927 cherubim,
1770 4860 1813 4914 ubi
1830 4862 1977 4915 iaooaatum

357 4973 389 5028 sti
399 4987 504 5028 omrem
520 4980 613 5025 cutum
623 4967 728 5025 lsrael:
743 4967 774 5024 Si
784 4966 867 5038 placet
877 4965 946 5021 robis
961 4977 985 5021 ιι
999 4983 1017 5020 a
1027 4966 1140 5021 Dauniae
1191 4966 1229 5013 est
1243 4973 1336 5022 aomers
1350 4953 1663 5026 ejus.1mposueruntque
1677 4967 1767 5006 aream
1789 4951 1817 5005 in
1829 4951 1978 5021 plaustrum

357 5074 442 5120 nestra
456 5062 513 5117 lieo
534 5061 665 5133 epreditur
684 5075 779 5126 sermo,
794 5074 869 5130 quem
890 5058 992 5128 loquor,
1004 5058 1141 5113 mittamus
1192 5067 1284 5105 aarum
1295 5049 1327 5103 de
1340 5048 1420 5102 domo
1432 5045 1590 5101 eminadas.
1605 5043 1662 5099 Oua
1673 5053 1762 5098 autem
1775 5053 1799 5097 et
1812 5043 1908 5112 fratres
1918 5042 1976 5112 ejas

356 5155 387 5208 etl
397 5154 495 5224 fratres
505 5160 608 5206 nostras
617 5148 730 5220 reliquos
740 5146 767 5201 itt
777 5148 909 5201 uniuersas
919 5144 1136 5216 repioaeslsraei,
1191 5141 1326 5197 minabant
1339 5138 1495 5210 plaustrum.
1507 5135 1592 5190 Porro
1606 5134 1693 5189 Dauid
1703 5143 1730 5188 et
1742 5134 1877 5188 uniuersus
1889 5131 1976 5188 lsraei

355 5239 586 5297 asdmcerdotes
599 5247 623 5291 et
633 5236 746 5303 beritos,
760 5236 805 5306 qui
817 5234 934 5288 habitant
942 5233 970 5287 ia
981 5235 1138 5290 suburbanis
1188 5231 1311 5287 ludebant
1337 5245 1426 5284 caram
1451 5228 1574 5291 Domino,
1595 5228 1665 5281 amai
1688 5228 1793 5292 uirtute,
1815 5226 1843 5280 in
1864 5227 1973 5282 canticis

355 5336 467 5403 urbium,
480 5341 510 5386 ιιι
524 5338 711 5402 conprepeatur
728 5328 762 5381 ad
776 5344 833 5393 nos,
846 5336 870 5381 et
881 5326 1036 5381 reducamus
1047 5342 1138 5380 aream
1188 5333 1213 5378 et
1232 5321 1342 5377 sitlans
1363 5330 1388 5374 et
1409 5317 1540 5390 psalteriis
1560 5328 1584 5372 et
1608 5318 1737 5388 tympanis
1757 5327 1781 5372 et
1804 5318 1928 5387 cymbalis
1948 5328 1974 5374 et

357 5425 400 5481 bei
414 5424 500 5479 nostrl
513 5422 549 5477 ad
560 5438 623 5486 nos:
638 5436 690 5475 aaa
702 5420 772 5474 erim
782 5419 960 5491 requisivimus
972 5433 1030 5473 eam
1043 5418 1071 5472 ia
1082 5417 1137 5472 die-
1188 5414 1268 5468 tubis.
1283 5411 1421 5475 Ascendit,
1440 5410 1537 5478 inquit,
1555 5409 1639 5463 barid
1657 5416 1687 5464 et
1703 5424 1798 5464 omnes
1821 5410 1871 5463 viri
1890 5409 1977 5468 lsrael

354 5518 398 5573 bus
410 5514 491 5574 Saul.
501 5513 534 5568 Et
547 5513 675 5583 respoudit
687 5512 806 5565 uniuersa
817 5510 956 5564 asulntado
965 5517 994 5563 ut
1004 5509 1041 5563 ita
1051 5508 1134 5576 peret.
1188 5505 1222 5559 ad
1236 5503 1331 5559 cobesa
1344 5501 1545 5564 Cariatbiarim,
1560 5507 1675 5570 quaeest
1688 5500 1715 5554 ia
1728 5498 1807 5567 luda,
1822 5510 1852 5555 nt
1864 5502 1976 5559 afferret

357 5605 495 5663 Plausum
514 5605 583 5660 euim
597 5618 681 5658 sermo
702 5602 772 5655 omni
794 5597 979 5670 papula.0uid
996 5606 1049 5663 est,
1064 5596 1137 5666 quod
1187 5595 1250 5651 inde
1273 5609 1364 5649 arcam
1386 5592 1503 5648 bomini.
1523 5590 1602 5647 Viros
1620 5591 1703 5647 lsrael
1722 5592 1767 5648 bic
1791 5609 1846 5650 trun
1869 5595 1976 5650 estimo

355 5698 436 5754 bavid
452 5695 596 5752 eonsilium
611 5693 670 5747 iniit
684 5706 746 5746 cam
768 5688 883 5743 tribunis
895 5694 924 5742 et
936 5686 1137 5742 centurionibus
1188 5687 1353 5756 scriptorem
1368 5700 1464 5741 omnes
1475 5684 1618 5748 masculos,
1632 5685 1678 5753 qui
1693 5684 1727 5739 ad
1740 5685 1843 5739 uirilem
1863 5692 1972 5741 aetatem

355 5784 523 5844 etanircrsis
534 5783 699 5854 principibus
712 5778 804 5844 lsrael,
821 5784 860 5845 ut,
871 5785 1032 5849 congregata
1046 5776 1137 5832 multi·
1187 5785 1375 5848 pervenerant,
1389 5775 1436 5831 sed
1459 5772 1601 5830 electiores
1620 5788 1743 5844 quosque
1767 5789 1800 5829 ac
1825 5775 1979 5831 nobiliores.

354 5880 454 5946 tudina,
467 5891 559 5933 arcam
578 5875 627 5930 bei
647 5872 807 5929 transferret
820 5872 853 5926 de
867 5870 935 5926 colle
945 5868 1135 5925 Cariatbiarim
1186 5867 1298 5936 intelligi
1312 5865 1390 5921 relic.
1409 5863 1541 5918 Numerus
1555 5870 1645 5917 autern
1661 5864 1792 5927 uirorum,
1802 5862 1848 5931 aui
1868 5861 1906 5915 acl
1916 5862 1971 5916 ltoe

356 5976 388 6034 sd
398 5993 438 6044 se,
454 5974 508 6031 nisi
521 5973 591 6045 mtod
608 5972 770 6041 iledcmptor
788 5975 879 6023 noster
891 5980 952 6021 cum
970 5963 1096 6034 apostolis
1108 5970 1135 6017 ct
1186 5956 1339 6029 congregati
1352 5952 1539 6019 sunt,ridetur
1549 5951 1575 6006 in
1586 5952 1655 6009 libro
1671 5950 1774 6023 Regum
1795 5950 1967 6019 compraban-
