4709 6767
378 613 433 675 hii

699 601 732 667 B.
752 604 877 665 habam
899 606 1006 662 metult!
1026 602 1185 659 ithctttbt'.
1206 600 1360 658 thGUNT.
1381 601 1521 659 dt‘ttttbtt
1542 602 1631 659 tetus
1646 603 1667 657 l.

1953 602 2009 660 att

380 724 496 786 rumina,
510 721 699 789 lavacrumque
714 715 837 786 baptismi
853 713 977 768 salutaris
999 712 1164 782 ignorantes,
1178 715 1204 774 Α
1216 712 1368 775 summovit,
1389 712 1468 779 fidem
1482 714 1606 778 serravit,
1627 716 1786 785 accipiam
1811 716 1864 769 Dra
1880 730 2011 771 coronant

380 814 407 867 in
421 812 511 867 iudaea
526 810 618 865 doctos
631 821 750 878 quosque
764 805 959 876 magistrosque
976 801 1015 884 iq
1018 798 1165 855 certamine
1211 801 1324 872 justitia
1339 802 1381 875 (ll
1394 803 1451 857 lim
1475 805 1529 875 rv);
1548 806 1626 870 hanc,
1645 806 1766 875 inquam.
1781 806 1875 862 militis
1886 804 2014 863 caelestis

380 899 522 971 spirituali,
540 905 650 967 peceato
661 894 852 965 triumphante,
868 893 995 955 devictos,
1009 888 1057 945 scd
1072 888 1166 944 etvul-

379 1007 428 1063 gns
441 1006 493 1045 non
506 1003 620 1058 paucum
635 1001 727 1040 eorum
740 999 825 1053 pravo
842 982 934 1037 auditu
944 995 994 1051 per
1003 979 1164 1049 proximum,

379 1088 556 1152 persequente
578 1076 745 1139 adversario,
775 1088 789 1126 a
815 1072 904 1141 prisca
929 1086 984 1125 sua
1008 1068 1166 1124 constantiae

379 1173 442 1228 sede
456 1172 585 1242 htgatum,
607 1176 634 1221 et
648 1167 697 1236 ipsi
713 1164 855 1220 confestim
870 1161 1000 1230 maiorum
1022 1159 1098 1212 ruina
1110 1166 1166 1212 tur-

377 1264 443 1324 bati,
463 1276 543 1329 opera
567 1259 694 1311 virtutum
711 1255 812 1317 artenia,
837 1269 868 1308 ae
881 1250 1028 1306 munimina
1047 1248 1166 1303 scientie

378 1349 536 1422 spiritualis,
551 1362 610 1416 qum
625 1346 785 1408 habuerant,
798 1343 966 1404 amiserunt;
982 1345 1165 1406 veneruntque

377 1450 487 1513 peecata
498 1439 647 1510 gentilium,
662 1444 689 1490 et
699 1441 794 1488 cuncta
810 1427 1063 1486 incredulisludaeis
1078 1426 1165 1482 studia

377 1534 506 1588 virtutum
521 1543 647 1601 perversa
662 1524 855 1579 inhabitatione
868 1526 1055 1591 corruperunt.
1079 1517 1166 1573 Vene-

378 1634 492 1693 rnntqne
510 1614 639 1675 immundi
652 1618 775 1688 spiritns,
800 1624 828 1670 ct
846 1613 928 1669 corda
943 1628 1003 1683 qua
1026 1609 1087 1665 hdei
1101 1626 1165 1665 coa-

1216 899 1381 947 armaturam
1394 891 1493 948 ludaeis
1508 902 1646 965 ereptam,
1672 894 1747 966 impii
1761 896 1864 966 decepti
1880 905 1908 951 et
1934 893 2013 951 deei-

1214 982 1319 1051 pientes
1333 982 1427 1037 ialeris
1438 983 1566 1039 inducere
1579 983 1698 1050 laribus,
1714 986 1766 1040 hoe
1785 996 1829 1041 εει
1843 986 1949 1057 eloquia
1967 983 2014 1042 di·

1215 1073 1277 1126 rina
1295 1074 1487 1128 demoniorum
1512 1074 1642 1130 doctrinis
1670 1076 1838 1146 aequiparare
1859 1077 2009 1132 ceratende·

1215 1168 1287 1215 ruat.
1314 1160 1390 1228 Quod
1404 1162 1507 1216 nunbus
1522 1161 1609 1216 modis
1631 1178 1679 1216 cas
1700 1164 1788 1233 egisse
1802 1174 1829 1219 et
1848 1181 1928 1235 agere
1941 1181 2011 1221 con-

1215 1259 1279 1316 stat,
1306 1266 1367 1305 cum
1380 1250 1420 1305 vel
1437 1252 1508 1306 dicta
1533 1252 1683 1321 spiritualia
1704 1254 1850 1309 carnaliter
1872 1254 2010 1325 iuterpre-

1215 1340 1297 1396 tando
1319 1340 1439 1411 perversi
1461 1341 1628 1411 intelligunt,
1654 1343 1763 1398 easdem
1782 1327 1901 1411 litteras,
1927 1345 2009 1415 quasi

1215 1447 1381 1494 communes,
1407 1439 1436 1485 et
1455 1430 1528 1485 nulla
1550 1446 1667 1502 superna
1691 1434 1853 1489 auctoritate
1869 1433 2007 1502 suffultas,

1215 1530 1296 1594 prout
1315 1521 1417 1586 volunt,
1433 1522 1583 1589 ventilant,
1611 1532 1718 1594 gentem
1731 1538 1795 1578 vero
1809 1524 1895 1595 ipsam
1907 1522 2010 1581 ludere

1215 1616 1309 1687 regni,
1334 1629 1396 1670 arce
1417 1614 1561 1684 privatam,
1588 1614 1665 1685 quasi
1683 1615 1717 1670 ad
1731 1615 1806 1671 nihili
1822 1615 1960 1671 redactam
1980 1626 2010 1671 ει

377 1716 503 1771 stantiam
518 1713 654 1774 deserant,
679 1715 857 1778 occuparunt.
885 1705 932 1760 Vel
947 1712 1021 1759 certe
1035 1710 1166 1759 venerunt
1215 1707 1385 1782 inimicorum
1400 1707 1527 1775 potestati
1540 1720 1707 1771 concessam,
1721 1706 1748 1760 in
1765 1706 1883 1761 derisum
1896 1707 1947 1762 sibi
1961 1722 2010 1777 pa·

377 1815 480 1876 gerttes,
507 1810 535 1856 et
558 1801 658 1870 optima
683 1798 818 1868 qnondam
833 1795 985 1851 iudeorum
1001 1796 1089 1850 studia
1103 1809 1164 1850 cre·
1214 1795 1268 1849 darn
1283 1795 1439 1865 deceptores
1449 1794 1638 1864 publicumque
1650 1809 1813 1864 proposuere
1821 1796 2007 1865 proverbium.

376 1896 463 1951 deado
486 1911 534 1950 sua
556 1892 686 1948 lecerunt:
711 1892 776 1946 Nam
799 1900 826 1947 et
849 1892 911 1947 olim
935 1892 1024 1946 divina
1047 1892 1163 1961 eloquia,
1214 1885 1349 1952 Quodsi
1373 1885 1596 1957 figuratecorpus
1610 1883 1699 1940 Saulis
1715 1893 1869 1940 truncatum
1884 1885 1912 1940 in
1926 1901 2006 1941 muro

376 2002 435 2055 qma
451 1984 488 2039 illi
510 1997 563 2037 aon
588 1995 669 2053 parva
685 1997 718 2037 ev
742 1990 819 2052 parte
842 1980 898 2049 jam
919 1988 982 2034 tuae
1000 1980 1160 2050 relinquere,
1214 1976 1341 2040 Bethsan,
1359 1976 1386 2031 id
1401 1984 1452 2040 est,
1470 1976 1562 2030 domus
1574 1975 1685 2041 inimici,
1710 1976 1863 2032 habendum
1887 1978 2009 2033 ostentui

376 2076 433 2144 ipsa
447 2075 498 2129 sibi
524 2074 694 2143 ittteqtretari
710 2072 841 2137 lecerunt,
856 2080 883 2126 et
899 2079 961 2125 tunc
972 2072 1119 2142 projectam
1129 2072 1163 2125 ab
1177 2068 1201 2128 B
1215 2068 1339 2122 manibus
1366 2067 1537 2137 suspendisse
1563 2067 1696 2123 nefandis.
1732 2067 1785 2124 Sed
1809 2077 1836 2124 et
1862 2069 2006 2126 haereticas

376 2168 426 2233 eis,
456 2179 516 2221 eum
542 2165 607 2236 ipsis
635 2164 748 2233 eloquiis
773 2164 870 2220 divinae
897 2163 1059 2231 Scriptura,
1084 2162 1163 2216 halem

376 2255 474 2310 Christi
499 2262 692 2322 susceperunt,
720 2268 752 2307 ae
777 2253 850 2307 velut
875 2252 1051 2307 inhabitando
1076 2252 1163 2322 possi-

376 2347 438 2402 slent

411 2437 459 2489 bie
472 2437 551 2505 igitur
565 2435 646 2487 altera
668 2432 830 2487 detrahentes
845 2429 1004 2485 Pltilistlrr'iat
1018 2431 1100 2500 spella
1115 2448 1165 2484 cru-

299 2525 305 2532 “
375 2542 463 2579 sorum
480 2526 631 2577 ittceaerunt
650 2521 715 2577 Saul
727 2530 751 2575 et
762 2522 830 2590 filios
846 2522 903 2592 ejus
913 2521 1028 2590 jacentes
1041 2522 1069 2575 itt
1079 2529 1165 2575 monte

375 2612 478 2669 Galbae.
496 2611 610 2683 Crtnrque
628 2610 783 2681 spoliassent
798 2628 867 2676 eum,
891 2620 915 2665 et
929 2620 1107 2681 amputassent
1121 2629 1165 2666 ca·

374 2713 419 2772 put
437 2703 567 2772 aratrisque
585 2701 741 2763 rtrulassent,
768 2701 893 2755 miserunt
918 2702 946 2755 irt
971 2710 1068 2754 terrant
1089 2718 1164 2755 suam

375 2803 402 2847 ut
420 2791 631 2860 circutttlerretur
642 2802 664 2845 ct
679 2791 856 2845 retruderetur
875 2790 1006 2845 idolorum
1020 2792 1120 2862 templis
1134 2809 1164 2846 ac

374 2880 488 2952 populis.
522 2880 601 2933 Arma
627 2889 714 2931 autem
737 2879 794 2948 ejus
814 2890 1027 2934 consecraverunt
1053 2881 1080 2934 in
1103 2879 1164 2951 [aaa

374 2970 423 3024 bet·
440 2971 491 3034 sui,
516 2979 539 3023 et
562 2979 638 3038 eaput
657 2971 795 3039 affixerunt
817 2970 845 3023 in
868 2970 962 3041 templa
987 2972 1091 3043 Dagon.
1116 2971 1166 3028 Hie

375 3062 488 3131 quaestio
501 3069 585 3115 orttur
600 3075 607 3114 :
623 3061 685 3130 qnia
704 3060 845 3130 inllegttm
859 3062 1043 3132 scriptumest
1058 3063 1083 3135 (l
1097 3062 1162 3135 lieg.

376 3150 463 3221 xxxi),
477 3150 548 3218 qaod
558 3165 656 3219 corpus
668 3150 750 3220 ipsius
758 3149 822 3204 Saul
833 3155 1031 3221 suspenderunt
1045 3153 1072 3206 in
1085 3167 1164 3206 muro

375 3238 503 3305 bethsan,
531 3254 584 3293 nott
604 3248 685 3308 eaput
710 3237 853 3295 alliserunt
882 3243 908 3295 in
931 3241 1030 3310 templo
1053 3244 1164 3313 Dagon;

377 3345 439 3384 nam
454 3339 533 3401 eaput
545 3330 601 3399 jam
627 3330 797 3391 miserantia
822 3338 922 3386 terram
943 3330 1165 3387 Philisthinorum

1215 2167 1387 2227 peccatorum
1400 2159 1609 2229 precedentium
1628 2159 1733 2227 sagittis
1748 2167 1848 2215 stratos
1864 2175 1926 2216 cunt
1941 2177 2009 2232 pree

1216 2249 1284 2305 sidio
1298 2250 1449 2314 charitatis,
1465 2266 1524 2318 qua
1535 2265 1583 2304 arr
1597 2259 1639 2305 cst
1649 2251 1777 2304 virtutum
1790 2251 1920 2316 omnium,
1937 2250 2010 2308 lrau·

1217 2340 1292 2405 daut,
1304 2341 1382 2410 quasi
1405 2349 1485 2410 caput
1499 2340 1564 2395 Saul
1578 2341 1709 2396 immundi
1722 2342 1832 2411 spiritus
1845 2343 2007 2412 precidem,

1216 2446 1277 2485 cunt
1294 2447 1373 2485 suum
1383 2432 1468 2501 magis
1481 2448 1562 2502 quam
1579 2431 1724 2503 Scripturas
1736 2448 1844 2489 sensum
1857 2436 1932 2505 sequi
1946 2450 2010 2506 per-

1216 2520 1339 2576 suadent.
1361 2519 1451 2575 Armis
1470 2522 1631 2591 exspoliant,
1653 2538 1713 2577 curn
1731 2522 1821 2578 divina
1843 2524 1950 2595 eloquia
1973 2526 2009 2581 ad

1216 2625 1305 2674 suum,
1331 2611 1424 2675 idest,
1447 2612 1623 2666 daemonicum
1648 2627 1755 2667 sensum
1776 2622 1895 2668 vertunt.
1921 2614 2008 2670 Arma

1216 2698 1280 2754 Saul
1302 2699 1328 2753 in
1349 2700 1447 2771 templo
1467 2700 1594 2756 Astaroth
1619 2710 1742 2771 ponunt;
1765 2702 1891 2758 Astaroth
1909 2704 2009 2775 quippe

1215 2806 1269 2845 non
1284 2792 1370 2847 solnm
1383 2792 1482 2847 idolum
1494 2802 1544 2858 est,
1558 2793 1605 2848 sed
1616 2793 1709 2859 etiam,
1723 2795 1785 2864 quia
1799 2794 1902 2864 factura
1916 2795 2009 2866 exprio-

1216 2891 1333 2937 ratarum
1356 2882 1570 2953 interpretatur,
1593 2884 1746 2939 doctrinam
1771 2883 1903 2956 significat
1928 2885 2009 2957 spin'·

1216 2981 1292 3027 tuum
1311 2973 1501 3043 malignorum,
1517 2974 1562 3043 qui
1580 2973 1671 3028 etuias
1699 2973 1818 3029 bdelium
1839 2974 2009 3029 circumeun-

1216 3070 1267 3128 tes,
1281 3062 1410 3131 quotidie,
1434 3062 1522 3132 siquid
1541 3063 1604 3118 inde
1618 3063 1748 3118 devorare
1762 3073 1891 3134 possunt,
1915 3064 2010 3134 explo-

1215 3159 1286 3206 rant.
1314 3150 1381 3205 Cunt
1398 3166 1480 3221 opera
1499 3152 1577 3221 ipsa,
1602 3152 1699 3222 quibus
1713 3153 1769 3208 beo
1784 3154 1948 3220 servierant,
1974 3154 2010 3209 ad

1215 3254 1263 3295 sua
1277 3240 1452 3311 malignitatis
1466 3241 1595 3311 obsequia
1618 3242 1677 3296 dira
1691 3250 1865 3312 permutant,
1884 3244 2009 3299 membra

1215 3330 1343 3385 nimirum
1358 3330 1426 3387 lucis
1440 3339 1467 3386 ct
1481 3332 1684 3403 vitaeexpcrtia,
1710 3333 1737 3387 in
1752 3348 1830 3389 tauro
1845 3335 1942 3391 domus
1956 3334 2009 3390 ini-

375 3434 424 3491 per
441 3418 593 3484 circuitum,
616 3427 645 3472 ttt
659 3419 863 3474 annuntiaretur
878 3421 1016 3490 intemplo
1031 3422 1199 3504 idolornmc
1215 3418 1277 3474 mici
1291 3421 1466 3490 suspendunt.

375 3519 402 3566 et
415 3511 443 3564 in
454 3510 566 3580 populis.
591 3508 644 3563 Sed
662 3511 748 3580 potuit
762 3509 819 3564 heri
838 3512 909 3581 qnod
922 3511 1069 3568 Pltilisthai
1083 3518 1163 3583 caput

377 3602 441 3657 Saul
454 3602 571 3672 primurn
586 3601 721 3655 affixerint
735 3601 842 3672 Dagon,
860 3603 956 3657 deinde
976 3604 1039 3657 illud
1051 3603 1163 3659 allerea-

377 3702 417 3749 tes
432 3694 631 3747 transmiserint
648 3694 785 3748 serendum
811 3710 859 3764 per
878 3696 984 3750 diversa
1009 3696 1067 3753 loca
1084 3707 1163 3752 terrae

376 3798 443 3848 sure,
474 3798 554 3837 causa
587 3783 743 3838 ostettdcndi
774 3784 914 3854 triumphi.
945 3785 1030 3841 Aliter
1057 3802 1164 3857 qaoque

375 3875 493 3931 lictltsaa
508 3873 611 3928 Hebraei
624 3874 735 3928 traduat
750 3887 872 3929 vocatam
886 3891 945 3931 esse
958 3877 1041 3947 ipsam
1055 3878 1163 3932 domum

1250 3509 1308 3564 llos
1320 3527 1379 3563 cum
1391 3511 1525 3566 audissent
1546 3512 1596 3566 oiri
1607 3512 1687 3567 labes
1701 3511 1817 3579 Galatea,
1833 3529 1921 3568 emata
1934 3514 2008 3569 scili·

1213 3601 1272 3655 lieet
1294 3617 1352 3670 quac
1374 3598 1536 3656 Plrilistltiirtt
1557 3603 1674 3673 fecerunt
1696 3621 1773 3675 super
1794 3603 1869 3671 Saul,
1897 3622 2009 3660 eottettr·

1214 3701 1334 3744 rexerunt
1345 3690 1443 3762 singuli
1453 3693 1567 3745 uirorum
1578 3691 1697 3761 fortium,
1714 3702 1739 3747 et
1750 3693 1865 3747 tulerunt
1876 3695 2008 3749 cadauera

1214 3779 1280 3837 Saul
1298 3790 1322 3835 et
1338 3781 1455 3851 filiorum
1473 3782 1541 3851 ejus,
1564 3782 1758 3854 attuleruntque
1779 3799 1810 3837 ea
1826 3782 1853 3836 t'tt
1865 3781 1955 3849 labes,
1969 3800 2011 3838 se·

1214 3872 1392 3943 pelleratttque
1409 3890 1469 3927 ossa
1488 3889 1577 3926 eorum
1594 3873 1682 3928 salter
1698 3888 1831 3945 quereum,
1842 3883 1966 3943 quateret
1981 3874 2010 3927 itt

375 3966 477 4037 Dagon,
497 3965 763 4033 quaeinterprctatur
781 3965 874 4019 detaut
893 3967 1055 4031 dormientis,
1073 3967 1164 4037 ibique
1212 3961 1303 4017 dalet.
1329 3961 1421 4027 labes,
1453 3978 1512 4033 quae
1527 3963 1721 4031 interpretatur
1746 3964 1887 4027 exsiccata,
1916 3961 2009 4017 Eccle-

375 4064 456 4127 caput
466 4055 509 4111 vel
523 4071 621 4126 eorpus
631 4056 696 4111 Saul
708 4071 866 4127 suspensum
880 4072 948 4113 esse.
964 4058 1022 4113 Alia
1038 4068 1080 4115 est
1091 4061 1163 4114 enim

377 4145 493 4200 Bethsaa
513 4145 540 4199 in
554 4143 678 4200 iudicum
694 4154 721 4201 et
736 4147 762 4200 ia
774 4145 871 4213 lasne,
894 4164 954 4217 qme
973 4149 1165 4220 interpretatur

376 4237 468 4290 domus
481 4238 628 4290 securitatis
641 4236 710 4308 (las.
726 4253 780 4291 xvtr
794 4254 801 4301 ;
823 4237 889 4291 dud.
902 4240 931 4308 t).
950 4240 1024 4305 Quod
1037 4256 1101 4311 ergo
1116 4256 1163 4297 uc-

376 4324 426 4379 eisi
441 4323 506 4378 Saul
519 4332 599 4392 caput
612 4324 639 4378 in
663 4325 762 4394 templo
785 4326 874 4395 Dagon
889 4327 1049 4382 Philistbiim
1074 4330 1165 4385 atltae·

376 4422 449 4478 runt,
473 4415 536 4484 quid
553 4413 624 4469 alittd
646 4415 822 4483 spiritualiter
840 4416 983 4486 signiticat,
998 4434 1078 4487 qnam
1092 4420 1165 4487 quud

377 4503 486 4574 maligni
510 4504 619 4573 spiritus
632 4505 749 4557 animam
765 4521 825 4574 qua
840 4505 866 4559 in
886 4507 1039 4576 superbiam
1058 4509 1166 4563 decide-

377 4594 413 4648 rit
424 4603 453 4647 ct
467 4602 636 4662 peccatorum
649 4602 771 4658 mortem,
780 4610 826 4663 pro
842 4603 917 4647 reatu
930 4611 989 4660 suo,
1002 4595 1028 4649 iu
1038 4596 1165 4667 abyssum

376 4684 536 4755 demergunt
551 4683 664 4738 inlerttil
678 4683 768 4754 Dagon
789 4685 861 4739 enim
880 4686 1071 4755 interpretatur
1086 4689 1164 4758 piscis

1214 4054 1283 4108 siam
1301 4053 1446 4123 signifieat,
1460 4069 1542 4123 quam
1553 4052 1588 4107 ab
1601 4052 1674 4108 omni
1689 4052 1805 4108 carnalis
1819 4051 2012 4121 concupiscen-

1216 4143 1259 4198 tiae
1276 4142 1359 4208 lluau,
1373 4145 1407 4197 ab
1418 4144 1491 4198 omni
1514 4143 1718 4214 inquinamento
1732 4143 1823 4198 carnis
1840 4157 1871 4197 ac
1884 4142 2008 4211 spiritus,

1214 4231 1304 4287 servor
1314 4233 1426 4302 justitiae
1438 4232 1518 4299 Solis,
1533 4234 1585 4288 hoc
1599 4241 1652 4297 cst,
1668 4232 1796 4303 aspiratio
1808 4231 1891 4287 divini
1907 4240 2010 4300 tempe-

1215 4333 1258 4377 rat
1269 4324 1389 4378 amoris:
1405 4325 1476 4378 unde
1492 4335 1564 4377 recte
1590 4322 1651 4377 talis
1669 4324 1696 4376 in
1710 4334 1795 4376 monte
1807 4323 1857 4375 sita
1878 4321 2010 4377 describi·

1215 4414 1376 4485 turldlmtlt.
1389 4415 1427 4487 r),
1446 4417 1540 4483 etipse
1553 4415 1656 4470 Galaad
1674 4432 1780 4470 aceruus
1800 4416 1941 4468 testimonii
1963 4428 2009 4468 ve
2051 4447 2053 4454 =

1215 4515 1304 4571 catur,
1319 4515 1349 4560 nt
1362 4506 1496 4577 significet
1509 4506 1729 4561 sublimissimam
1744 4516 1897 4561 sanctorum
1914 4506 2008 4571 vitam,

1216 4607 1249 4647 ne
1260 4595 1292 4648 ad
1307 4610 1427 4649 errorem
1437 4594 1506 4649 llecti
1524 4596 1620 4664 possit,
1633 4596 1737 4650 idoneis
1751 4596 1950 4665 seripturarum
1968 4605 2009 4651 te-

1216 4685 1350 4740 stimoniis
1377 4701 1438 4741 esse
1463 4685 1608 4740 firmatam.
1636 4686 1696 4757 lpsa
1722 4696 1813 4743 autern
1832 4697 1874 4742 est
1900 4687 2008 4751 civitas,

377 4776 510 4839 tristitite;
536 4784 562 4828 et
578 4775 673 4829 merito
694 4776 775 4844 piscis
794 4776 910 4830 tristitiae
922 4785 1092 4846 nurteupatur
1106 4782 1163 4849 qui,
1178 4788 1203 4847 Ι)
1216 4792 1297 4847 quam
1310 4777 1336 4830 in
1350 4776 1478 4845 auspiciis
1492 4777 1534 4831 sui
1547 4777 1621 4848 regni
1636 4776 1711 4843 Saul,
1733 4792 1796 4832 curn
1811 4778 1900 4831 adhue
1912 4776 2008 4831 ltttntili

377 4869 404 4921 in
420 4867 546 4936 abyssum
561 4866 699 4920 demersus
721 4865 829 4930 inlerni,
846 4865 965 4922 dolorem
979 4871 1073 4924 setertti
1083 4873 1165 4926 sentit

377 4958 523 5013 cruciatus.
553 4956 643 5024 Usque
658 4956 725 5008 adeo
737 4964 909 5023 corruptores
923 4956 963 5011 vel
981 4959 1103 5014 homines
1123 4961 1164 5015 vel

379 5048 514 5102 daemones
535 5043 654 5099 Judaeum
678 5046 824 5113 impietatis
838 5047 921 5101 armis
935 5050 1069 5117 persecuti
1092 5060 1163 5118 sunt,

378 5138 464 5192 donee
476 5136 563 5206 ipsum
587 5135 645 5190 veri
662 5136 737 5204 regni
752 5136 898 5206 principale
921 5139 1048 5194 radicitus
1063 5141 1165 5196 adime·

379 5241 449 5296 rent,
472 5231 622 5284 munimina
636 5229 703 5299 legis
722 5245 823 5295 sacre,
852 5231 948 5300 quibus
970 5241 1064 5286 eontra
1076 5234 1166 5287 onmia

380 5323 491 5380 adversa
505 5322 695 5393 prevalebunt,
710 5323 854 5391 eriperent.
870 5322 951 5392 Cujus
965 5339 1027 5379 mox
1042 5323 1168 5393 dejectio·

379 5415 537 5485 aem,quasi
552 5414 652 5483 proprii
666 5414 771 5483 signnm
785 5414 923 5483 triumphi,
938 5415 1045 5483 proprie
1057 5430 1166 5470 causam

379 5506 477 5561 latitius
509 5506 565 5558 suis
586 5504 664 5572 longe
685 5503 791 5574 lateque
804 5506 997 5574 complicibus,
1023 5506 1093 5560 sama
1106 5507 1166 5561 vul·

379 5604 468 5667 game,
488 5609 615 5666 spargere
631 5594 807 5659 festinarunt,
835 5604 863 5650 et
875 5597 908 5651 ad
922 5607 1095 5667 angtnentunt
1110 5613 1168 5653 see-

379 5688 442 5742 leris
457 5696 621 5741 armaturam
636 5687 694 5752 Dei,
711 5703 792 5755 qoam
806 5689 901 5743 beatus
919 5688 1057 5757 apostolus
1068 5689 1167 5744 Paulus

379 5788 407 5833 et
423 5778 620 5835 troeadttersus
645 5777 794 5847 spiritualia
819 5780 940 5849 nequitia
969 5780 996 5831 t'a
1024 5779 1166 5833 celestibus

380 5868 486 5940 (llplter.
510 5870 558 5942 vt),
588 5870 749 5925 militaturus
767 5870 879 5924 induere
902 5870 1032 5941 praecipit,
1055 5880 1083 5923 et
1109 5871 1166 5939 ipse

379 5965 452 6030 prior
469 5962 576 6017 indutus
591 5960 685 6014 lartum
700 5969 828 6013 certamen
848 5960 962 6024 certauit,
976 5974 1080 6012 cursum
1100 5975 1164 6011 cott-

1215 4868 1433 4938 pietatellotnino
1446 4869 1569 4933 serviret,
1585 4868 1619 4921 ab
1632 4869 1748 4923 hostiurn
1764 4868 1903 4923 obsidione
1913 4867 2011 4922 libera·

1215 4958 1263 5012 vit.
1275 4956 1341 5012 uam
1353 4975 1413 5028 erpo
1427 4959 1561 5012 audissent
1571 4958 1728 5014 habitatores
1738 4958 1817 5014 labes
1825 4958 1928 5013 Gabari
1938 4975 2010 5030 qua·

1216 5065 1316 5120 cunque
1328 5048 1443 5119 fecerunt
1461 5047 1622 5104 Philistltiim
1636 5049 1711 5112 Saul,
1726 5058 1896 5104 surrexerunt
1918 5065 2008 5104 earnes

1216 5138 1265 5191 ot‘rt'
1278 5137 1424 5207 fortissimi,
1444 5147 1496 5193 etc.
1523 5140 1591 5194 Cum
1612 5141 1751 5195 audissent
1764 5140 1932 5195 habitatores
1943 5141 2010 5195 civi·

1219 5232 1282 5285 tatis
1295 5232 1396 5286 Christi
1410 5243 1619 5302 supermontem
1632 5236 1737 5304 positae,
1754 5233 1883 5301 ludaeam,
1906 5250 1940 5290 ex
1953 5251 2009 5306 qua

1218 5321 1269 5375 sibi
1285 5321 1310 5374 in
1320 5320 1483 5390 patriarchis
1496 5329 1524 5376 et
1538 5321 1665 5391 apostolis
1676 5338 1814 5393 praecones
1827 5333 1855 5377 ει
1867 5323 2009 5379 ministros

1218 5410 1313 5465 salutis
1338 5410 1478 5465 advenisse
1500 5411 1697 5477 metttinerunt,
1721 5413 1872 5483 agentibus
1886 5421 2009 5468 contem-

1217 5510 1303 5569 ptam,
1317 5500 1490 5571 habitamque
1502 5502 1613 5567 derisui,
1626 5513 1803 5559 surrexerunt
1814 5505 1841 5558 in
1854 5519 1921 5574 opus
1930 5506 2007 5561 verbi

1218 5605 1312 5648 onmes
1329 5592 1442 5646 viriliter
1465 5607 1544 5660 agere
1567 5593 1733 5663 gaudentes:
1759 5603 1786 5648 et
1813 5595 1883 5647 inter
1904 5594 2009 5648 medias

1219 5685 1366 5740 errantium
1385 5685 1510 5738 tenebras
1531 5684 1582 5752 ipsi
1606 5685 1734 5738 virtutum
1761 5688 1813 5738 itcr
1837 5683 2008 5739 ambulantes

1218 5775 1414 5846 prohibuerunt
1436 5778 1470 5829 de
1484 5774 1589 5828 illorum
1604 5790 1678 5837 casu,
1691 5789 1806 5844 qnomm
1817 5773 1915 5828 delicte
1933 5773 2008 5829 salus

1218 5867 1343 5939 gentibus
1354 5866 1414 5920 data
1426 5873 1482 5929 est,
1499 5865 1575 5934 quasi
1590 5865 1623 5918 ad
1637 5865 1734 5919 diaboli
1748 5864 1858 5920 douram
1872 5864 2008 5934 pertinen·

1219 5960 1296 6020 tium,
1311 5955 1414 6028 publica
1430 5955 1603 6009 insultatione
1614 5954 1707 6008 laetari.
1735 5955 1812 6021 Quod
1834 5956 1857 6009 si
1869 5954 2006 6021 delibatio,
