4709 6767
365 612 416 674 tib
685 607 716 663 ιι.
737 602 864 661 bibam
883 602 992 660 rtatim
1010 599 1169 660 tuemur.
1191 596 1345 656 hoedus.
1366 592 1616 653 obtinuit-rins
1634 591 1656 650 l.
1949 592 2002 654 Μ

366 725 394 782 in
406 722 542 785 doctrina,
552 718 597 775 bie
610 715 695 773 illium
708 723 736 771 et
748 722 854 785 patrem
868 713 959 770 habet.
971 714 1001 770 Si
1013 713 1074 784 quis
1086 713 1160 770 uertit
1173 719 1199 780 Α
1213 708 1320 766 mulieri
1336 716 1497 779 potestatem
1512 707 1539 766 iu
1553 707 1645 764 anima
1659 719 1709 764 sua
1721 718 1775 764 uus
1787 704 1901 775 amum
1915 715 1946 765 at
1957 708 2006 779 qui

365 813 400 869 ad
410 826 469 876 vos,
483 807 591 866 etimne
602 804 755 862 doctrinam
768 818 823 860 uon
837 802 927 870 aliert,
940 802 1025 860 nolite
1037 803 1158 874 recipere
1208 803 1329 874 requlm
1344 817 1417 858 rere
1433 801 1497 860 iidei
1507 815 1620 858 semro
1632 798 1932 865 muntiniacum·
1942 814 2006 872 prx-

364 919 427 960 curo
438 904 465 958 in
478 900 598 963 domum,
614 910 665 959 nec
676 910 726 954 are
744 896 771 953 ei
784 896 920 953 dixeritis
936 894 988 964 Qui
1003 895 1076 954 euim
1092 896 1158 952 dicit
1207 894 1285 950 nitati
1301 908 1354 949 uon
1369 891 1514 949 consentit.

364 996 402 1052 ilii
427 1008 487 1060 are,
510 990 696 1048 communicat
719 988 848 1061 operibus
873 988 946 1046 iilius
972 988 1098 1060 malignis
1112 985 1156 1059 (ιι
1245 986 1312 1043 tile
1336 985 1468 1059 respicias
1494 982 1637 1040 mulierem
1661 983 1851 1060 multivolam,
1874 999 1912 1042 ue
1935 983 2005 1044 tora

363 1088 445 1142 lona.
459 1085 490 1159 r).
509 1103 519 1137 ι
1210 1098 1220 1131 ι
1241 1079 1346 1135 incidas
1372 1078 1399 1132 in
1422 1076 1535 1147 laqueos
1550 1075 1633 1131 illius.
1653 1094 1663 1129 r
1682 1074 1821 1132 Hultiuola
1842 1075 1947 1133 mulier
1962 1088 2005 1135 eat

400 1166 1157 1234 rb'onomuihoroiriicortunmnraniiestesmeiortein-
1208 1169 1399 1227 hareticorum
1428 1181 1575 1239 synagoga,
1600 1166 1663 1237 quia
1683 1180 1738 1222 uon
1755 1166 1887 1224 animem
1909 1169 2005 1225 catho

365 1290 375 1323 ι
393 1268 465 1327 ierat
474 1268 523 1326 tibi
536 1267 651 1341 qratiam
659 1265 755 1322 falsam
769 1265 970 1321 eteouuicietur
977 1263 1036 1319 tibi.
1054 1281 1064 1316 r
1078 1261 1157 1330 Quod
1208 1262 1267 1318 lice
1281 1259 1353 1326 idei,
1370 1267 1398 1315 et
1409 1259 1552 1314 ueritatem
1569 1256 1733 1330 evangelion
1745 1257 1879 1315 doctrin
1894 1273 2006 1316 tamara

363 1361 490 1433 saperius
501 1358 776 1428 subobscureposuit,
785 1373 847 1414 cum
855 1366 1047 1414 extraneouon
1059 1356 1157 1412 ineun-
1208 1352 1321 1424 appetit,
1334 1352 1382 1407 sed
1398 1365 1448 1422 per
1462 1350 1540 1406 deria
1556 1349 1727 1406 diversorum
1740 1364 1869 1406 errorum
1889 1365 2005 1424 pergere

362 1452 427 1510 dum
441 1450 594 1517 aemilium,
619 1450 681 1519 quia
695 1449 815 1505 nescitur
832 1447 897 1518 quid
922 1447 1031 1517 perlat:
1056 1446 1108 1501 hoc
1128 1444 1157 1502 in
1207 1447 1305 1517 diliqit,
1321 1447 1367 1502 rbi
1384 1454 1414 1502 ct
1431 1446 1543 1517 laqueos
1554 1444 1630 1517 ponit
1642 1485 1649 1511 ,
1663 1446 1726 1513 qnia
1740 1452 1832 1501 metas
1842 1445 2006 1516 perenm

362 1543 415 1600 irae
433 1540 684 1612 senteutiaplanius
704 1540 829 1609 exponit,
844 1538 948 1595 scilicet
960 1546 989 1593 ut
1000 1535 1157 1610 hypocrisin
1208 1538 1242 1594 ad
1253 1538 1429 1609 decipiendas
1440 1537 1547 1593 animas
1570 1536 1695 1602 instruit3
1712 1536 1747 1592 ad
1767 1552 1852 1608 quam
1869 1537 2004 1609 respicere

362 1633 551 1692 simulatorum
563 1646 709 1688 careamus
724 1671 732 1697 ,
748 1645 783 1687 uc
797 1631 878 1697 iortc,
892 1630 916 1686 si
928 1630 1039 1685 incaute
1054 1628 1156 1700 aliquid
1207 1628 1394 1700 prohibemur,
1403 1627 1467 1698 qaia
1481 1640 1653 1698 nequicquam
1664 1625 1788 1684 sodetati
1801 1624 1877 1683 iliius
1889 1628 2004 1683 ωιιιιιι·

362 1739 457 1782 coram
480 1723 546 1795 ipsis
567 1723 768 1793 loquamuraut
788 1735 909 1792 agamus,
935 1735 1030 1777 eorum
1050 1718 1157 1776 insidiis
1208 1718 1276 1775 aceri
1291 1718 1485 1790 permittimur.

361 1814 510 1885 capiamur.
527 1811 604 1870 Unde
624 1824 651 1870 et
673 1812 701 1868 in
731 1811 912 1868 anterioribus
930 1810 1102 1881 premonuit,
1125 1818 1157 1866 ut
1246 1810 1335 1867 «Germ
1342 1810 1481 1867 saltatrice
1495 1825 1530 1867 ne
1544 1809 1672 1866 assiduus
1683 1810 1731 1873 sis,
1746 1822 1798 1865 nec
1809 1808 1909 1865 audias
1921 1808 2002 1875 illan,

361 1905 439 1961 multi
462 1904 568 1975 pacilici
588 1904 790 1969 matualis,
804 1910 834 1958 et
857 1901 1156 1959 consiiiariusuuusde
1210 1918 1274 1958 sne
1292 1901 1645 1973 lartepereaslnelilcacia
1659 1900 1740 1956 illins
1756 1920 1767 1953 ι
1782 1899 1874 1968 Quam
1887 1900 2000 1956 saltatri

362 1997 446 2053 mille.
462 1996 531 2053 ilinc
539 2003 567 2051 et
577 1995 604 2050 in
617 1994 773 2052 Proverbiis
784 1995 982 2065 scriptumesta
1000 2011 1010 2046 ι
1027 1989 1156 2048 iuimicus
1207 2010 1267 2055 cem
1281 1995 1380 2051 melius
1399 2009 1544 2065 possumus
1558 1993 1694 2064 accipere,
1708 2006 1792 2063 quam
1812 1992 2004 2048 hominen·

362 2104 424 2143 cum
443 2088 470 2142 in
492 2087 575 2143 eorde
591 2085 749 2142 tractaverit
764 2086 850 2152 dolos,
867 2085 975 2157 quaudo
996 2083 1155 2140 suboriserit
1170 2074 1194 2140 B
1208 2087 1326 2152 turbam,
1336 2100 1398 2156 quae
1410 2100 1461 2156 pro
1479 2084 1657 2140 instabilitate
1672 2082 1772 2138 mentis
1786 2096 1845 2138 auae
1855 2097 1931 2138 nuuc
1944 2082 2002 2146 lior,

360 2192 555 2243 recensuero,
574 2175 819 2242 aeerctiiderisei,
841 2176 971 2246 qnoniam
988 2182 1092 2245 septem
1107 2189 1153 2229 nc-
1207 2191 1281 2232 nmrc
1306 2175 1373 2231 illud
1395 2175 1480 2247 eligit,
1510 2188 1697 2244 necunquam
1720 2173 1762 2228 ιιι·
1776 2181 1852 2229 statu
1878 2172 2003 2230 veritatis

361 2268 568 2339 quitiacsuntin
581 2269 663 2324 corde
679 2267 751 2324 iliius
764 2266 856 2339 (Prot.
874 2265 987 2338 lxvii-r
1206 2270 1357 2326 consistere
1383 2269 1476 2325 norit?
1502 2268 1679 2324 volubilitate
1712 2268 1786 2324 enim
1820 2267 1924 2341 linqrrae
1952 2283 2004 2325 aar

395 2359 472 2432 (Cir.
488 2357 538 2430 m.)
555 2356 637 2413 «lion
664 2357 737 2413 zeles
762 2357 904 2414 mulierem
933 2356 1010 2412 sirius
1037 2355 1097 2420 tui,
1120 2368 1156 2411 ne
1207 2361 1285 2432 qnasi
1303 2368 1393 2417 rotatu
1407 2359 1530 2430 corporis
1543 2361 1666 2431 arando
1678 2360 1712 2415 ad
1727 2358 1780 2415 boe
1790 2357 1870 2425 ludit,
1882 2367 1915 2416 ut
1926 2373 2002 2432 quen

363 2472 373 2506 ι
391 2449 518 2506 ostendat
535 2464 617 2519 super
642 2456 668 2503 te
683 2448 815 2504 malitiam
840 2448 970 2504 domninae
994 2462 1121 2519 rrequom.
1143 2465 1153 2502 r
1206 2452 1657 2521 etoqreotiaesuaeamatoremesse
1670 2450 2002 2522 maspicttmnsssensu

361 2540 500 2598 liuliorem
523 2540 593 2596 sieut
620 2539 743 2604 inbono,
768 2539 806 2594 ita
820 2546 848 2595 et
860 2538 887 2593 in
911 2537 982 2593 ntaio
997 2537 1114 2609 positam
1127 2537 1155 2593 in
1206 2541 1350 2611 pravitatis
1360 2556 1416 2597 sum
1429 2542 1508 2611 quasi
1522 2540 1639 2597 inertem
1655 2538 1735 2596 citius
1757 2539 1914 2611 pertrabat.
1928 2539 2001 2609 Quoi

360 2611 509 2703 scripturis
527 2629 692 2686 invenimus.
705 2628 802 2685 bluiier
815 2629 843 2684 in
859 2629 940 2695 buno,
953 2636 982 2684 ut
999 2628 1027 2682 in
1040 2626 1155 2684 Prorut-
1206 2639 1234 2687 et
1247 2631 1374 2688 Salomon
1390 2633 1522 2697 ostendit,
1543 2631 1638 2688 dicens
1651 2648 1660 2686 t
1675 2651 1685 2683 r
1701 2630 1825 2687 irretivit
1836 2646 1902 2687 error
1916 2631 2001 2687 mrim

359 2724 412 2784 biis
426 2724 544 2796 ieqitur:
563 2743 572 2775 ι
592 2722 733 2780 lltrlierem
748 2721 848 2778 iortcm
866 2722 928 2792 qais
941 2721 1079 2777 inueniet?
1092 2736 1154 2792 pro·
1206 2723 1389 2788 sermonibus,
1412 2731 1440 2778 et
1452 2721 1597 2778 blanditiis
1614 2722 1748 2778 labiorum
1767 2723 1908 2794 protraxit
1922 2737 2000 2779 ma

359 2814 404 2872 cui
415 2815 487 2870 etde
500 2813 603 2870 ultimis
619 2814 719 2870 linibus
731 2814 849 2884 pretinm
859 2812 918 2884 ep'us
932 2812 1023 2886 (Pron.
1038 2812 1125 2886 xxm).
1141 2832 1152 2866 ι
1206 2813 1298 2868 statim
1312 2827 1373 2868 am
1391 2814 1523 2885 sequimr,
1536 2814 1613 2884 quasi
1624 2812 1675 2870 bos
1693 2814 1792 2871 ductus
1803 2816 1839 2871 ati
1853 2816 1999 2884 victimam,

358 2906 394 2968 Et
406 2908 434 2963 iu
457 2906 623 2979 Evangelio:
640 2926 648 2959 ι
665 2906 761 2962 liniier
780 2906 920 2964 abscondit
942 2905 1106 2964 termentum
1127 2906 1154 2962 ιιι
1205 2912 1234 2960 et
1246 2906 1325 2975 quasi
1349 2919 1436 2977 aquus
1449 2906 1595 2964 lasciviens
1613 2914 1641 2960 et
1653 2905 1782 2977 ignorans
1796 2906 1870 2977 quod
1891 2908 1927 2964 ad
1946 2908 2001 2966 ris

358 2995 454 3054 iariuae
468 2996 535 3053 satis
558 2997 658 3064 trihus,
682 2996 769 3054 detrec
789 2994 982 3054 fermentatum
1001 3004 1044 3052 est
1067 3003 1154 3052 totum
1205 2995 1265 3053 enia
1280 2995 1378 3052 stultns
1393 2996 1527 3064 trahatur,
1547 2998 1633 3053 donec
1652 2998 1794 3070 transligat
1816 2999 1918 3072 sagitta
1928 2999 2001 3070 iecur

359 3088 467 3159 (Metti.
480 3105 545 3156 ιιιι;
560 3088 626 3145 bue.
637 3088 709 3163 xrtt).
729 3109 738 3142 r
756 3088 810 3148 Ubi
828 3088 896 3145 tides
916 3099 944 3146 et
961 3087 1069 3144 devotio
1083 3102 1151 3159 prae·
1205 3088 1283 3159 ejus:
1304 3088 1378 3144 uelut
1401 3090 1424 3144 si
1449 3089 1507 3144 aris
1530 3089 1641 3146 festinet
1664 3089 1698 3145 ad
1711 3089 1852 3160 laqueum,
1864 3100 1893 3146 et
1919 3090 2000 3147 uesci

357 3180 464 3239 dicatur
475 3180 614 3238 Ecclesiae.
637 3181 780 3240 contrario
795 3196 861 3237 rero
877 3181 904 3235 in
918 3180 989 3236 oraio
1009 3179 1095 3250 posita
1111 3187 1154 3236 est
1204 3185 1268 3255 quia
1281 3183 1315 3239 de
1328 3184 1449 3254 periculo
1462 3184 1560 3239 animae
1573 3183 1645 3239 illins
1658 3183 1751 3256 agitur
1761 3180 1857 3256 (Pron.
1870 3184 1934 3257 ιιι).
1955 3203 1965 3237 ι

358 3271 455 3330 mulier
468 3272 495 3327 in
508 3271 743 3339 Proverbiis,uhi
759 3273 795 3327 ita
809 3271 929 3344 iegitur:
949 3270 1041 3326 «Ecce
1056 3270 1154 3326 mulier
1243 3274 1407 3348 «Virginem
1430 3276 1641 3345 neconspicias,
1654 3290 1691 3331 ne
1716 3276 1787 3330 iuria
1809 3274 1999 3331 scandabrerb

357 3364 479 3421 recurrit
497 3363 535 3420 ilii
549 3373 648 3421 ornatu
662 3363 817 3420 meretricio
832 3370 983 3434 praeparata
997 3362 1031 3417 ad
1043 3361 1153 3431 capien-
1208 3383 1218 3418 r
1233 3366 1260 3422 in
1286 3367 1383 3422 decore
1409 3366 1490 3421 illius.
1508 3384 1518 3419 ι
1532 3364 1586 3421 Per
1612 3364 1746 3420 incuriam
1759 3364 1864 3436 qnippe
1879 3373 1998 3436 aspectat

358 3457 407 3512 das
418 3457 534 3522 anirnas,
555 3455 663 3528 garrula
678 3464 706 3510 et
729 3471 809 3527 rago,
823 3455 921 3527 quictis
935 3456 1089 3527 impatiens,
1101 3459 1189 3522 neec
1205 3474 1277 3530 saepe
1291 3459 1417 3515 turbatur
1429 3459 1554 3515 internus
1568 3458 1650 3513 animi
1679 3467 1778 3514 motus.
1797 3456 1863 3515 ideo
1880 3457 1999 3531 probibet

356 3545 452 3603 salens
464 3546 492 3602 in
511 3547 591 3602 domo
604 3546 755 3602 masistcre
775 3546 891 3616 pedibus
904 3547 972 3611 suis,
987 3561 1060 3601 nune
1073 3544 1150 3612 ioris,
1203 3567 1254 3608 nos
1267 3552 1295 3607 ιιι
1317 3552 1629 3624 virginem-conspicere,
1643 3552 1706 3622 quit
1727 3563 1746 3605 a·
1756 3550 1873 3608 libidine
1886 3560 1997 3609 merten

358 3651 432 3692 ttuue
446 3635 473 3692 in
488 3636 597 3707 plateis,
614 3637 776 3708 nunejuxta
797 3638 925 3710 angulum
940 3637 1082 3704 insidians,
1100 3653 1143 3709 ap·
1202 3654 1324 3700 nostram
1339 3644 1450 3700 illaesam
1466 3644 1525 3699 ruit
1548 3658 1718 3715 permanere.
1734 3643 1805 3700 illue
1822 3652 1852 3701 ct
1875 3645 1942 3701 aiibi
1955 3643 1997 3703 Sa-

357 3729 580 3801 vrebtssssumtissfl
591 3728 909 3802 deusculiltlli'sslenem,
919 3738 944 3786 et
954 3730 1061 3801 procaci
1077 3729 1154 3786 vultu
1202 3735 1304 3805 pisam
1318 3736 1408 3801 docet,
1429 3735 1523 3791 dicens
1539 3750 1547 3790 a
1565 3753 1575 3787 ι
1594 3734 1753 3791 ilnliertiri
1766 3735 1922 3805 pretiosam
1946 3735 1999 3792 mi·

357 3819 506 3887 blanditur,
526 3820 641 3879 dicem:
663 3823 794 3882 victimas
806 3838 857 3894 pro
867 3823 956 3880 salute
978 3822 1058 3889 ueri,
1073 3822 1153 3880 bodie
1202 3839 1275 3880 mam
1287 3827 1369 3897 capit.
1385 3825 1444 3882 Non
1455 3825 1631 3895 concupiscat
1641 3825 1874 3897 pulchritudinem
1885 3826 1946 3899 eins
1957 3843 1998 3885 cur

358 3912 462 3968 reddidi
476 3921 537 3969 rota
546 3929 618 3981 mea,
633 3922 677 3972 etc
690 3913 780 3988 (Pron.
796 3914 857 3989 vti).
877 3916 932 3971 rin
948 3930 1002 3986 que
1025 3916 1152 3972 baeretica
1204 3923 1291 3981 trum,
1319 3929 1370 3971 nee
1398 3917 1514 3986 capiaris
1537 3916 1647 3972 nutibus
1672 3916 1754 3981 iliius,
1785 3919 1908 3988 pretium
1930 3920 1996 3977 enlm

358 4005 479 4075 prauitas
493 4006 648 4074 denotatur,
663 4022 724 4078 quae
737 4015 766 4064 et
781 4007 825 4064 bic
835 4007 886 4064 sub
905 4008 989 4063 uariis
1010 4008 1154 4078 speciebus
1203 4006 1286 4061 scorti
1308 4007 1352 4061 vir
1375 4015 1417 4062 est
1431 4007 1512 4062 anim
1532 4007 1611 4078 panis
1623 4006 1715 4078 (Pron.
1729 4006 1781 4081 ιι).
1798 4028 1809 4061 ι
1825 4009 1943 4081 llystioe
1955 4023 1993 4066 aa

358 4095 532 4152 describitur.
564 4095 704 4153 iiuiierem
727 4097 801 4153 enim
827 4097 904 4155 sinus
930 4097 1033 4163 nosui,
1069 4095 1152 4153 iabus
1203 4103 1257 4150 tem
1272 4112 1327 4151 non
1344 4098 1473 4156 debemus
1488 4100 1613 4154 decorem
1626 4099 1791 4169 eloquentiae
1812 4100 1996 4160 baeretm

357 4184 457 4241 iratres
474 4186 802 4259 possumusiutelliperc,
821 4188 1024 4259 quinobiseum
1038 4203 1151 4244 manen·
1202 4200 1306 4252 amare,
1327 4203 1418 4258 neque
1430 4189 1456 4244 in
1469 4188 1640 4258 splendorem
1654 4188 1845 4245 simulatarum
1871 4192 1995 4248 rirtm

254 4333 259 4346 ,
357 4287 414 4344 tes,
434 4278 502 4336 ioris
521 4296 616 4351 pacem
642 4280 781 4346 amulam,
806 4282 880 4338 intus
904 4279 981 4337 dolos
1001 4287 1109 4351 parant,
1124 4288 1154 4335 et
1202 4290 1296 4333 eorum
1309 4277 1507 4345 intendereoe
1520 4280 1737 4337 scandalizemur
1751 4280 1779 4336 lu
1800 4281 1996 4341 iimionlbmll·

358 4366 491 4424 malitiam
506 4368 638 4426 doctrinae
657 4385 774 4441 nequam
798 4372 927 4427 retinent.
943 4368 965 4424 b
979 4369 1079 4441 quibus
1092 4369 1152 4440 ipsa
1201 4364 1299 4425 lorum.
1314 4367 1393 4425 Unde
1405 4377 1434 4424 et
1445 4368 1593 4442 sulinmqit,
1609 4372 1702 4427 dicem
1723 4389 1730 4425 :

359 4456 466 4514 Veritas
485 4457 513 4513 in
532 4459 681 4531 iiranqelio
696 4460 788 4518 decuit
804 4461 952 4532 discipulos
965 4473 1151 4527 suescerere,
1240 4475 1251 4510 ι
1267 4457 1327 4514 lion
1352 4460 1400 4517 des
1413 4459 1569 4517 iomicariis
1592 4461 1710 4517 animam
1734 4473 1811 4519 tuam
1830 4465 1860 4521 in
1882 4465 1948 4533 allo,
1964 4475 1996 4520 rs

358 4548 472 4605 iliceos:
489 4569 499 4602 ι
518 4549 657 4607 Attendite
678 4559 770 4608 atatem
789 4552 868 4608 robis
881 4568 896 4606 a
910 4550 986 4607 ialsis
1000 4549 1149 4622 prophetis,
1205 4570 1215 4605 t
1232 4554 1330 4623 perdas
1343 4554 1603 4610 tecthrereditatem
1614 4563 1698 4609 tuam.
1714 4554 1803 4623 »Quia
1817 4557 1996 4614 namuco*

357 4641 404 4711 qui
421 4642 972 4710 uenitmtadrosiuuestimentisouium,
987 4642 1152 4700 intrinsecus
1202 4643 1357 4699 munionem
1383 4644 1513 4700 (ιοιιοιιιιιι
1535 4645 1635 4700 habere
1661 4659 1723 4700 cum
1748 4645 1995 4717 bmretieisatqm

358 4740 451 4789 autem
477 4742 540 4790 sunt
568 4734 627 4805 lupi
653 4750 765 4805 rapaces
790 4732 897 4804 (lintri.
913 4732 973 4804 vni.
993 4751 1002 4784 r
1023 4731 1099 4788 liudo
1123 4741 1152 4786 et
1202 4736 1394 4802 schismaticis,
1410 4751 1444 4791 ne
1467 4735 1536 4792 lorte
1561 4737 1764 4792 seductionibus
1781 4752 1891 4794 eorum·
1909 4741 1994 4810 depta-

357 4822 453 4879 doctor
473 4824 595 4894 gentium
620 4824 647 4879 in
669 4824 797 4895 Epistolis
826 4824 884 4880 suis
908 4809 1260 4893 pseudoapmmlostati
1273 4826 1419 4898 perdamus
1432 4828 1538 4883 animas
1562 4836 1686 4894 nostram
1703 4834 1730 4883 et
1751 4829 1787 4885 ad
1810 4829 1992 4886 haereditaten

356 4913 455 4985 sepius
468 4914 569 4987 arguit,
584 4923 614 4970 ct
632 4912 716 4972 falses
728 4915 828 4969 iratres
842 4930 873 4971 se
892 4915 992 4971 asserit
1009 4914 1149 4970 tolerasse.
1202 4936 1262 4991 qnae
1276 4921 1355 4978 uobis
1376 4922 1509 4991 promissa
1523 4931 1566 4977 est
1582 4921 1610 4976 in
1631 4921 1738 4977 coelesti
1755 4923 1847 4992 patria
1870 4938 1926 4980 nos
1938 4935 1993 4994 pat*

356 5000 461 5060 idcirco
470 5004 541 5060 bona
559 5013 601 5061 est
621 5003 725 5060 cautela
742 5004 768 5059 in
787 5003 976 5070 omnibusne
995 5003 1065 5059 torte
1077 5002 1151 5059 iictio
1202 5009 1353 5065 ueniamus.

357 5093 509 5165 mulplicem
527 5096 656 5168 decipiat,
673 5106 701 5153 et
718 5097 856 5153 incautum
881 5095 984 5153 malitia
999 5096 1148 5153 subvertat.
1240 5097 1326 5155 ‹iioli
1340 5100 1551 5172 circumspicere
1566 5101 1593 5157 in
1614 5100 1682 5157 vicis
1701 5101 1834 5169 civitatis,
1858 5102 1992 5160 occubu-

1205 5192 1334 5248 erareris
1356 5192 1383 5247 in
1397 5192 1495 5262 plateis
1516 5192 1598 5249 ihtes
1618 5192 1719 5249 »Nunc
1741 5194 1794 5249 sub
1817 5194 1874 5251 aiio
1892 5191 1991 5265 paratir

657 5251 772 5310 CAPUT
790 5253 848 5309 xv·
1201 5282 1426 5352 gmateeamdem
1437 5298 1495 5339 rem
1510 5283 1649 5355 exprimit,
1660 5297 1742 5354 quant
1756 5285 1887 5354 superins
1898 5285 1925 5340 iu
1936 5297 1989 5339 u·

358 5350 707 5484 immittitu
723 5372 843 5486 itit.
859 5361 1150 5501 distiterit
1200 5372 1391 5476 “mill
1404 5372 1465 5431 vro
1487 5375 1691 5478 ΜΝ
1709 5390 1764 5431 ''⁰''
1779 5376 1826 5431 ’Μ
1839 5385 1988 5480 ⁸¹¹.¹¹¹¹¹¹'²¹'

392 5509 465 5563 eum,
476 5509 524 5549 tter
535 5498 710 5568 cumjacente
724 5472 819 5555 hubeis
836 5502 1009 5556 consortium.
1200 5463 1609 5625 ἓξῃῖῑξέἒῐᾞῖᾞζιῖἑ
1621 5480 1735 5610 ‘mut
1746 5476 1890 5612 23:2²⁸
1896 5465 1987 5613 ffi

395 5646 406 5681 r
423 5626 483 5684 Non
502 5628 551 5687 des
573 5631 681 5688 mulieri
693 5642 855 5705 potestatem
870 5634 967 5691 animae
978 5644 1041 5700 ture,
1054 5650 1089 5692 ne
1106 5634 1147 5690 in·
1200 5661 1253 5716 qua
1268 5646 1398 5717 scriptum
1411 5595 1473 5702 est':
1489 5664 1498 5696 ι
1512 5644 1636 5703 Gloriosa
1650 5646 1722 5702 dicta
1741 5655 1807 5702 aunt
1819 5649 1855 5703 de
1869 5657 1906 5714 te,
1927 5596 1986 5702 ciri·

359 5736 370 5772 ι
387 5720 525 5792 grediatur
537 5721 565 5778 in
575 5723 702 5780 virtutem
716 5734 798 5789 tuam,
814 5733 843 5781 et
854 5724 1037 5781 confundaris.
1055 5744 1066 5779 r
1082 5724 1147 5782 llaec
1201 5743 1244 5790 tas
1267 5736 1315 5791 bei
1329 5733 1416 5807 (Psoi.
1435 5735 1557 5808 exuri),
1574 5750 1774 5805 »perseverare
1788 5736 1942 5793 roiuemnt.
1961 5731 1985 5787 h

355 5813 491 5868 senentis
515 5814 664 5871 secundam
686 5816 827 5873 historiam
843 5817 923 5875 docet
940 5816 1075 5873 castitatis
1097 5831 1148 5887 pu·
1201 5827 1259 5882 ιρι
1271 5842 1336 5899 ergo
1348 5827 1556 5897 circumspicere
1580 5842 1634 5883 riou
1646 5827 1787 5894 debemus,
1800 5829 1868 5899 qnia
1888 5835 1984 5885 aas·

353 5898 487 5969 dicitiam,
510 5913 538 5959 et
554 5906 703 5964 seeundum
722 5907 878 5980 allegoriam
903 5917 996 5965 contra
1021 5908 1146 5965 baeresim
1203 5916 1331 5974 Ecclesiae
1344 5918 1470 5974 recodere
1483 5932 1537 5973 non
1559 5917 1753 5988 permittimur,
1769 5933 1805 5975 ue
1820 5914 1984 5988 birteiuplt·

352 5993 563 6066 providentiam,
585 5999 647 6070 quia
666 6000 712 6072 qni
727 5999 846 6084 libidinis
870 6001 1046 6076 pullutiouetu
1066 6000 1144 6078 rugit,
1202 6006 1253 6065 teis
1275 6006 1347 6066 illim
1369 6008 1529 6066 omnemne
1549 6007 1636 6081 :qaia
1651 6025 1662 6062 ι
1677 6006 1734 6066 iata
1760 6018 1790 6068 et
1811 6010 1931 6081 ηιιιιιιι
1945 6004 1984 6061 ti!
