4709 6767
236 650 242 664 .
354 610 404 666 sn
673 603 705 658 n.
725 584 853 655 nubam
872 595 982 655 mont
1000 595 1159 654 unomen.
1180 590 1336 651 uoounr.
1355 589 1499 650 ouunuu
1517 590 1609 649 rans
1627 593 1649 648 ι’.
1938 589 1993 649 stt

354 725 427 784 ticon
450 724 510 795 ipss
530 719 640 776 dedus
662 724 796 780 testatur,
822 714 916 770 dicens
939 732 947 769 e
971 731 981 765 r
996 712 1036 768 lin
1057 712 1149 768 uerbis
1163 715 1186 774 Α
1200 709 1234 765 tit
1255 709 1383 779 nequitiae
1406 705 1614 769 baeretimrnm,
1628 711 1657 759 et
1670 701 1748 772 cuim
1767 717 1816 758 ror
1837 700 1993 773 &meotis

355 802 664 883 misiustidcabcris,et
679 821 713 862 ex
733 804 824 861 verbis
845 804 899 859 tuis
924 800 1149 858 condemnaberis
1200 816 1295 856 eonrrn
1318 802 1477 856 subvertere
1500 812 1553 852 non
1577 796 1693 866 poterit,
1714 794 1777 865 qnia
1796 794 1871 849 sieut
1890 794 1995 852 adm

355 901 568 978 (nimmia
1200 901 1243 947 est
1266 892 1300 948 ab
1324 906 1418 947 eornm
1447 889 1561 952 malitia,
1578 888 1615 941 ita
1645 901 1741 943 exsors
1757 886 1812 941 erit
1836 885 1864 939 in
1885 883 1998 940 ultiutris

663 984 778 1043 CAPUT
795 983 832 1039 lli
937 991 942 997 ·
1199 980 1462 1052 pernumerentur
1488 979 1619 1049 subjugo
1637 986 1664 1033 et
1680 975 1794 1032 uinculis
1815 973 1875 1044 cius
1890 988 1923 1031 se
1948 974 1999 1029 inr-

359 1082 397 1139 Dc
417 1080 488 1137 molo
500 1080 597 1151 linquo
615 1081 644 1137 in
667 1093 810 1134 rnanrrone
823 1086 847 1131 et
861 1075 976 1145 biiinqne
1001 1073 1149 1128 commisso.
1201 1072 1296 1142 plicari
1312 1071 1463 1136 consensit,
1481 1068 1609 1139 quoniam
1626 1068 1721 1139 jugum
1739 1066 1799 1139 ejus
1819 1065 1999 1120 durissimum

395 1192 405 1226 r
421 1172 539 1229 Susurro
563 1170 636 1225 enim
659 1178 687 1225 et
708 1168 835 1239 bilinguis
861 1165 1020 1222 maledictus
1032 1183 1039 1218 :
1053 1164 1152 1221 multos
1201 1174 1253 1229 est,
1268 1172 1296 1219 et
1308 1163 1485 1235 ligamentum
1498 1161 1572 1217 illins
1587 1160 1765 1216 diuturnum:
1781 1172 1843 1229 quae
1863 1157 1921 1213 sibi
1935 1171 2000 1213 oon·

361 1280 462 1321 renum
488 1263 608 1318 turbabit
633 1276 728 1331 paoem
751 1259 892 1315 babentes.
914 1276 923 1310 r
945 1257 1031 1324 θυεσι
1056 1255 1152 1312 melius
1202 1256 1365 1312 sentientem
1390 1256 1418 1311 in
1444 1263 1560 1311 mortem
1575 1253 1713 1309 deducunt
1736 1249 2000 1328 perpetuandum

359 1369 535 1413 susurronem
547 1362 576 1408 ot
593 1352 739 1422 nilingnem
756 1364 900 1421 possumus
921 1347 1057 1418 appellare
1070 1362 1151 1417 quam
1202 1348 1268 1403 dicit
1283 1348 1378 1402 utilem
1392 1348 1483 1417 potios
1498 1345 1633 1402 infernum
1648 1360 1806 1414 essequam
1831 1345 1925 1409 illam,
1937 1345 1998 1415 qnia

359 1444 514 1499 nentium
525 1482 532 1505 ,
545 1442 590 1512 qni
615 1440 722 1497 occulte
736 1438 908 1493 machinatur
921 1436 1008 1502 dolos,
1023 1443 1054 1489 nt
1077 1435 1152 1490 deei-
1203 1440 1301 1495 melius
1312 1446 1353 1494 est
1366 1438 1538 1509 corporalem
1564 1437 1750 1508 temporaliter
1773 1436 1894 1506 perdere
1905 1436 1998 1500 vitain,

358 1537 416 1605 piat
430 1532 603 1590 innocentes?
614 1530 663 1585 llic
676 1544 740 1601 ergo
750 1526 876 1597 bilinguis
885 1534 937 1591 eat,
950 1526 995 1595 qui
1009 1522 1153 1594 aliqnando
1203 1546 1285 1601 quam
1302 1544 1364 1586 eum
1379 1531 1424 1587 tur
1448 1530 1606 1586 merentem
1631 1529 1658 1584 in
1674 1531 1798 1601 gehenna
1810 1528 1916 1583 trabere
1939 1544 1999 1599 prr-

359 1641 386 1681 m
397 1624 522 1696 dngmate
545 1637 593 1678 suo
608 1619 712 1691 profert
732 1632 814 1683 nera,
828 1617 971 1686 aliquando
983 1631 1048 1671 nero
1060 1614 1152 1671 salsa:
1202 1629 1323 1691 petuam.
1348 1620 1421 1676 Sane
1443 1622 1572 1691 qnoniam
1595 1634 1648 1675 non
1672 1619 1799 1674 omnibns
1817 1633 1999 1688 noeerepraa

359 1724 387 1771 et
408 1715 449 1771 sic
461 1714 557 1769 miscet
578 1723 606 1767 et
623 1706 762 1767 cdnlnndit
775 1709 918 1773 omnia,ut
931 1706 1059 1762 onmibus
1073 1706 1153 1760 iidem
1203 1709 1322 1777 valebit,
1346 1710 1394 1766 sed
1418 1710 1483 1767 solis
1509 1710 1671 1782 perditionis
1691 1710 1754 1765 tiliis
1774 1727 1781 1763 a
1800 1718 2001 1779 consequenter

359 1819 454 1860 sanam
466 1810 493 1858 ct
508 1809 609 1857 rectam
623 1800 786 1855 habentibus
799 1799 853 1852 sint
871 1796 977 1852 inutilia
992 1812 1000 1852 a
1017 1796 1061 1851 bic
1081 1796 1153 1851 onim
1203 1803 1334 1858 ostendis,
1455 1781 1461 1798 “

363 1913 372 1945 r
392 1890 506 1947 turbabit
521 1891 621 1945 multos
634 1904 726 1958 pacem
739 1887 880 1952 lubentes,
899 1905 909 1938 r
929 1886 992 1954 quia
1007 1882 1111 1954 eosqui
1127 1884 1153 1937 in
1244 1908 1253 1943 r
1272 1892 1478 1949 perseveranda
1499 1892 1573 1948 jutus
1588 1907 1642 1947 120„
1665 1892 1850 1964 pemaneptq
1866 1890 1919 1948 ,ed
1932 1891 2000 1947 om.

359 1984 464 2040 trinitate
486 1984 548 2038 iudei
573 1992 600 2039 et
626 1979 832 2050 paeeEcelesiae
852 1978 1016 2042 cortoismunt,
1031 1991 1047 2030 a
1062 1975 1153 2047 regula
1208 1985 1317 2041 ,nepte
1344 1986 1403 2042 vias
1428 1986 1607 2058 inju210m1n3
1631 1990 1659 2038 er
1686 1985 1713 2038 jn
1739 1981 1850 2038 flamma
1877 1998 1931 2039 sm
1950 1997 2001 2037 mn

360 2077 483 2134 ueritatis
496 2076 651 2131 discordare
668 2072 783 2127 lueinnt.
1169 2068 1193 2127 B
1209 2093 1220 2128 r
1242 2075 1384 2134 comburet
1405 2076 1506 2145 iustos.
1529 2075 1580 2142 Qui
1594 2075 1787 2145 derelinquant
1801 2075 1953 2131 Dominum
1964 2076 2002 2129 in-

399 2186 408 2219 r
427 2167 529 2238 Lingua
541 2165 618 2220 tertia
631 2170 730 2218 multos
743 2160 899 2225 commorit,
914 2166 941 2213 et
954 2156 1081 2228 dispersit
1094 2155 1153 2211 illos
1207 2184 1217 2219 r
1239 2166 1330 2223 cidem
1344 2166 1371 2222 ὶῃ
1385 2166 1470 2232 illam,
1482 2174 1510 2223 er
1521 2167 1661 2223 exardebit
1676 2166 1703 2221 tq
1721 2166 1775 2222 tuis
1786 2176 1816 2222 qr
1830 2182 1888 2221 non
1901 2168 2003 2223 mun.

365 2278 374 2309 ι
392 2258 516 2327 degente
530 2257 686 2326 ingentem.
702 2251 832 2309 Civitates
846 2259 966 2305 muratas
977 2248 1090 2304 divitum
1105 2246 1153 2301 do·
1206 2275 1217 2309 .
1239 2266 1346 2328 guerus,
1360 2266 1389 2313 er
1406 2257 1569 2313 immittetur
1589 2256 1617 2312 in
1641 2256 1701 2313 illos
1722 2257 1800 2327 quasi
1814 2256 1869 2321 leo,
1881 2266 1912 2313 et
1926 2271 2003 2329 quast

365 2348 503 2411 retruxit,
523 2357 551 2401 et
576 2347 670 2401 norror
690 2352 881 2415 magnatorum
908 2339 1009 2395 erodit.
1035 2339 1154 2393 Virtutes
1207 2365 1217 2399 r
1238 2348 1339 2417 pardus
1352 2347 1511 2404 lnrtetdtos.
1530 2367 1540 2400 r
1558 2346 1718 2403 steterim
1734 2356 1841 2403 tenum
1853 2355 2003 2418 prosumo

365 2437 554 2510 tpoptliorultl
581 2436 713 2499 concidii,
734 2442 761 2489 ei
788 2442 882 2504 gentes
907 2430 992 2486 idries
1020 2428 1152 2485 dissolvii.
1204 2436 1351 2492 electorum
1373 2437 1467 2502 corda,
1486 2452 1540 2492 pon
1551 2436 1824 2508 poteriigubuertere
1839 2436 1903 2502 illa,
1917 2451 2002 2506 peqrqe

362 2528 493 2599 slrirrgun
516 2527 594 2582 tertia
620 2525 749 2580 mulieres
773 2523 857 2580 fortes
880 2520 971 2590 ejecit,
986 2529 1015 2577 ct
1028 2516 1155 2591 'priuauit
1205 2527 1232 2583 tn
1245 2527 1353 2583 unliuta
1366 2543 1423 2585 soae
1444 2529 1606 2584 comburere
1627 2526 1751 2593 nanum„
1765 2528 1814 2583 ned
1838 2528 2001 2597 injustorum

364 2638 376 2672 ι
392 2618 452 2674 illas
461 2614 600 2672 laboribus
610 2616 676 2671 stris·
699 2635 708 2667 r
725 2614 856 2686 Linguam
876 2612 985 2668 tertiam
1004 2611 1091 2681 ipsam
1107 2610 1154 2666 do·
1204 2620 1326 2674 actiones
1338 2619 1481 2684 obtinebit,
1492 2627 1520 2674 et
1530 2627 1636 2676 mentes
1648 2617 1868 2688 delinquentium
1880 2618 1909 2674 in
1921 2620 2002 2675 burm

361 2710 479 2765 utrinam
494 2707 611 2778 appellat
623 2706 825 2767 naereticorum,
840 2720 900 2775 quae
914 2719 964 2760 ree
984 2704 1074 2760 veteri
1099 2700 1153 2759 Te·
1205 2713 1362 2783 captivabit.
1381 2729 1391 2763 r
1409 2711 1556 2767 exardebit
1567 2720 1658 2767 autern
1673 2713 1699 2766 ir
1717 2712 1771 2767 iilis
1784 2722 1813 2766 et
1834 2728 1893 2767 non
1906 2713 2003 2768 ursun-

363 2809 497 2857 stamentn
509 2816 557 2855 nec
568 2799 641 2855 Nono
649 2802 803 2853 concordat.
813 2796 876 2852 llaec
886 2811 993 2867 semper
1001 2796 1155 2851 auditorum
1205 2810 1312 2872 guetur,
1336 2820 1346 2854 r
1367 2802 1494 2870 qnoniam
1508 2802 1554 2871 qni
1573 2801 1619 2857 bic
1640 2802 1737 2856 ardent
1746 2801 1775 2855 in
1793 2802 1904 2856 malitia
1918 2802 1946 2856 in
1963 2803 2001 2856 ln·

363 2903 475 2947 suorum
489 2890 570 2943 eorda
592 2889 784 2960 superstitione
796 2888 952 2952 conturbat,
967 2894 995 2940 ct
1016 2888 1050 2940 de
1076 2894 1157 2957 gente
1206 2889 1275 2944 terni
1296 2899 1426 2960 perpetua
1443 2890 1637 2945 curciabuntur
1649 2888 1768 2944 damma.
1789 2889 1842 2945 ilbi
1868 2890 1914 2947 leo
1933 2889 2002 2947 tem

364 2982 394 3041 in
418 2991 525 3055 gentem
556 2996 670 3052 pergens
692 2980 838 3036 seditiones
859 2978 971 3035 excitat.
997 2976 1156 3034 «Civitates
1206 2980 1472 3046 cissimus,lrocest,
1488 2980 1611 3036 diabolus
1633 2980 1691 3052 (qni
1713 2988 1741 3035 et
1766 2980 1873 3050 pardus
1897 2995 2004 3052 proper

364 3084 488 3134 muratas
508 3076 620 3131 divitum
646 3074 774 3140 destruit,
793 3082 822 3128 et
843 3073 937 3129 domos
967 3080 1155 3143 magnatorum
1207 3072 1313 3127 diversa
1327 3070 1441 3136 scelera,
1456 3080 1635 3141 etpoenarum
1648 3072 1722 3127 traria
1738 3079 1880 3127 tormenta
1894 3073 1947 3129 dici
1962 3086 2004 3142 po

362 3163 469 3232 adedit,
489 3181 574 3222 reum
597 3164 702 3234 eosqui
723 3162 814 3233 magni
841 3164 875 3219 ab
897 3161 957 3218 aliis
977 3162 1155 3231 aestimantur,
1208 3161 1271 3233 test)
1284 3161 1513 3233 sinelinepnniet
1528 3162 1599 3217 illos

365 3260 566 3331 nelsemagnos
581 3272 631 3328 per
644 3256 790 3312 elationem
815 3255 913 3310 mentis
933 3268 994 3310 csse
1007 3253 1156 3321 conlidunt,
1244 3252 1432 3324 «sepientes
1445 3261 1506 3308 tuas
1526 3253 1622 3322 spinis,
1638 3261 1666 3307 et
1689 3251 1743 3307 noli
1765 3253 1866 3309 audire
1887 3253 2002 3324 lingnam

364 3356 468 3405 astato
483 3348 651 3404 rectitudinis
665 3346 805 3416 dejiciunt,
818 3354 846 3401 et
858 3345 1040 3402 babitaculum
1058 3348 1157 3402 crude·
1210 3362 1367 3417 «nequam,
1386 3357 1413 3401 ει
1431 3346 1472 3401 ori
1491 3356 1538 3401 tuo
1552 3345 1634 3401 lacito
1646 3345 1715 3400 ostia
1735 3353 1764 3401 et
1786 3360 1877 3401 seras
1897 3366 1907 3399 r
1926 3346 2001 3402 noe·

365 3441 450 3496 litatis
464 3456 520 3496 sitae
536 3440 781 3496 machinationibus
793 3439 894 3495 dolosis
916 3436 1064 3504 effodiunt,
1076 3447 1158 3511 atquo
1170 3417 1194 3479 c
1208 3437 1334 3509 quamde
1347 3439 1419 3494 malo
1429 3438 1529 3508 lingna
1539 3439 1696 3496 susurronis
1707 3440 1852 3505 disseruit,
1865 3440 1901 3494 ad
1910 3439 2003 3494 dootri

365 3533 540 3597 subvertunt3
554 3531 637 3586 robur
650 3529 808 3601 populorum
819 3537 847 3584 ot
862 3527 981 3585 studmm
997 3528 1157 3585 discentium
1209 3543 1272 3584 nam
1296 3528 1385 3584 devoti
1400 3528 1532 3584 auditoris
1545 3543 1575 3583 se
1588 3529 1734 3594 convertit,
1751 3530 1907 3585 admonens
1920 3529 2001 3591 iliam,

366 3622 470 3681 malitia
480 3618 536 3678 'sua
550 3622 704 3689 concidunt,
717 3628 746 3676 et
756 3620 841 3677 lortos
854 3628 949 3693 gentes
960 3620 989 3675 in
1002 3621 1160 3691 operatione
1208 3629 1240 3676 ut
1265 3636 1347 3677 aures
1357 3636 1421 3677 suas
1434 3621 1520 3691 spinis
1532 3621 1629 3692 sepiat,
1640 3622 1692 3677 iroe
1703 3630 1756 3687 est,
1772 3621 1878 3677 aculeis
1902 3622 2002 3676 timoris

367 3710 427 3767 utili
449 3709 608 3777 dissolvunt,
623 3711 686 3781 qnia
703 3712 767 3767 dum
782 3723 878 3765 sanam
895 3706 976 3763 iidem
993 3722 1041 3764 eos
1059 3708 1160 3763 babere
1209 3710 1257 3767 liei
1268 3712 1388 3768 auditum
1401 3726 1479 3767 snum
1491 3720 1629 3777 coerceat,
1642 3726 1677 3767 ne
1697 3711 1806 3782 loquela
1819 3730 1837 3765 n
1850 3727 1929 3767 suam
1943 3725 2002 3782 pta·

367 3802 602 3875 nonpemrittnnt,
617 3808 701 3860 totum
726 3800 848 3857 laborem
871 3798 979 3855 illorum
991 3798 1159 3881 dispdgnnt.
1209 3817 1271 3857 rarn
1286 3811 1315 3858 ει
1325 3817 1482 3873 perversam
1495 3803 1617 3873 linguam
1628 3804 1729 3859 audiat.
1750 3802 1841 3860 Ponat
1853 3805 2001 3861 custodian

371 3911 381 3947 r
403 3891 468 3949 Sine
482 3891 534 3948 lide
547 3891 619 3947 enim
633 3889 800 3962 impossibile
811 3898 855 3946 est
873 3889 982 3961 placere
994 3890 1050 3944 beo
1064 3888 1158 3962 qllsbr.
1209 3891 1251 3948 ori
1264 3907 1324 3955 suo,
1344 3899 1373 3947 et
1385 3893 1485 3948 ostium
1500 3894 1702 3950 circunstantiae
1721 3894 1801 3950 labiis
1816 3897 1888 3962 suis,
1902 3903 1934 3950 nt
1953 3911 2002 3950 aon

369 3987 418 4054 ιι).
438 4001 448 4033 r
468 3981 523 4038 lloc
537 3981 619 4037 ctiam
634 3981 770 4053 signilloat
788 3980 854 4037 illud
865 3980 938 4052 quod
950 3980 1025 4044 dicit,
1040 3980 1159 4050 lingnam
1210 3984 1327 4039 declinet
1340 3998 1460 4039 ossuum
1475 3986 1502 4039 in
1523 3985 1622 4041 malum
1641 3986 1765 4051 uerbum,
1781 3988 1816 4042 ad
1837 3989 2003 4044 excusantia

369 4070 478 4128 tertiam
508 4071 634 4128 mulieres
648 4071 731 4152 lortes
755 4070 865 4142 ejicere,
879 4079 907 4126 et
921 4070 1029 4141 privare
1048 4069 1111 4125 illas
1126 4070 1161 4124 do
1210 4075 1399 4130 caenantiones
1413 4076 1440 4130 iu
1455 4078 1584 4146 peccatis.
1611 4075 1883 4151 Cobibcatlingnam
1902 4094 2002 4135 martra

368 4162 508 4220 laboribus
521 4164 589 4229 suis,
604 4164 667 4234 qnia
682 4164 787 4220 animas
812 4162 952 4219 bominum
965 4162 1018 4234 piis
1033 4162 1161 4233 operibus
1211 4165 1293 4229 nralo,
1305 4173 1335 4220 et
1357 4165 1427 4221 labia
1452 4166 1511 4238 ejus
1524 4183 1560 4224 ne
1573 4167 1719 4238 loquantur
1741 4169 1848 4225 dolum.
1870 4170 2003 4243 Scriptum

369 4258 525 4315 insistentes
537 4256 658 4312 consiliis
671 4256 794 4312 nefandis
812 4253 1030 4323 defraudant,et
1039 4254 1159 4311 laborem
1210 4265 1252 4310 εει
1273 4256 1370 4311 enirnt
1395 4276 1404 4308 r
1429 4256 1547 4313 Verbum
1569 4260 1684 4315 tnendax
1705 4258 1798 4329 iustus
1827 4263 2005 4320 rktoeulritar

369 4360 464 4403 eorum
481 4346 624 4417 dissipant.
1211 4345 1303 4418 (Pron.
1320 4348 1391 4420 xtra).
1416 4367 1425 4401 r
1444 4349 1496 4405 Ubi
1518 4363 1609 4406 autern
1623 4339 1739 4423 plurima
1760 4354 1844 4408 rerba
1871 4366 1950 4420 sunt,
1968 4356 2003 4410 ibi

408 4453 418 4489 r
436 4435 488 4505 Qui
499 4435 609 4508 respicit
620 4435 694 4490 illam
706 4449 759 4490 non
772 4433 854 4490 babet
864 4433 1004 4505 requiem,
1023 4450 1073 4491 nec
1085 4434 1161 4490 babi-
1211 4435 1367 4506 frequenter
1380 4446 1500 4508 egestam
1515 4449 1544 4494 et
1557 4440 1622 4510 quia
1636 4449 1782 4511 ntnnnque
1793 4458 1908 4500 necesse
1924 4454 1967 4502 est
1979 4453 2006 4501 at
2025 4492 2028 4495 ,

372 4524 475 4582 stabit·
489 4540 551 4581 cum
577 4524 680 4596 requie.
705 4523 818 4596 Flagelli
842 4524 922 4594 plaga
937 4525 1049 4581 livorem
1075 4523 1159 4592 lacit3
1211 4528 1496 4584 bomoentboliruset
1510 4545 1619 4585 sensum
1637 4546 1734 4601 purum
1748 4534 1851 4590 babeat
1867 4544 2004 4593 etreetnn

372 4634 382 4670 r
399 4614 476 4686 plaga
489 4622 579 4669 autem
591 4615 688 4685 linguae
698 4615 862 4669 comminuet
877 4630 950 4670 ossa.
966 4614 1041 4669 lluld
1057 4615 1161 4672 cecide·
1211 4620 1386 4687 locutionem,
1401 4622 1526 4691 protinus
1538 4623 1697 4696 subjungit:

372 4725 382 4759 r
400 4716 463 4761 runt
475 4707 503 4761 in
521 4720 569 4762 ore
593 4706 683 4777 gladii,
700 4705 748 4761 sed
773 4720 825 4760 non
845 4704 885 4759 sic
906 4706 984 4774 quusi
1006 4706 1161 4762 interierint
1250 4731 1259 4764 r
1278 4710 1381 4767 dorum
1397 4720 1473 4766 tuum
1493 4720 1521 4768 et
1533 4721 1675 4783 argentum
1693 4714 1790 4783 cordia,
1804 4718 1939 4775 etrerbis
1956 4721 2005 4774 tuis

373 4795 673 4867 ‹perlinguuursuam
691 4817 700 4849 r
717 4796 859 4867 Nunquam
870 4810 935 4868 ergo
947 4797 1030 4853 babet
1038 4798 1160 4867 requiem
1216 4802 1325 4858 ‹lacito
1346 4811 1489 4870 stateram,
1504 4810 1533 4859 et
1552 4803 1644 4860 irenoa
1665 4804 1707 4861 ori
1721 4814 1768 4862 tuo
1791 4820 1904 4875 rectos;
1920 4818 1948 4864 et
1966 4820 2004 4861 at-

370 4888 415 4957 qui
426 4889 541 4943 attendit
554 4888 587 4944 ad
601 4889 788 4945 baereticorum
798 4889 957 4956 vanitatem,
967 4890 1014 4946 sod
1026 4888 1161 4961 flagellum
1216 4914 1226 4947 r
1244 4896 1323 4951 tende
1338 4912 1374 4951 ne
1387 4896 1458 4951 lorte
1476 4894 1577 4952 labaris
1599 4896 1628 4953 in
1652 4896 1742 4969 lingna
1758 4908 1816 4963 tua,
1832 4911 1861 4954 nt
1886 4900 1969 4956 cadas
1981 4902 2005 4955 in

369 4978 467 5051 linguae
478 4994 572 5036 eornm
594 4979 679 5052 plagae
690 4978 749 5049 ejus
762 4979 859 5052 infligit
870 4981 999 5048 livorem,
1014 4992 1041 5038 et
1055 4985 1162 5041 roboris
1217 5005 1227 5039 r
1242 4994 1388 5057 correpeetn
1399 4988 1572 5044 inimicorum
1585 4996 1694 5044 tuorum
1707 4989 1897 5047 insidiantium
1909 4993 1967 5057 tibi,
1982 4999 2006 5046 ut

369 5071 536 5128 comminuet
549 5069 746 5128 lortitndinem.
759 5070 853 5129 Nullus
867 5072 939 5129 enim
952 5088 1032 5130 casus
1046 5082 1089 5131 eat
1100 5090 1163 5131 cru·
1217 5095 1227 5127 e
1245 5075 1281 5132 sit
1302 5092 1383 5132 casus
1396 5084 1461 5134 tuus
1482 5076 1642 5133 insanabilis
1668 5078 1697 5133 in
1720 5087 1850 5134 mortem.
1870 5096 1881 5132 r
1907 5078 2006 5134 bruun

370 5161 456 5218 delior
478 5164 564 5221 ruinae
576 5166 762 5237 eorum,quia
782 5179 838 5220 non
858 5180 958 5236 corpus
979 5167 1027 5222 sed
1044 5168 1162 5222 animam
1214 5183 1280 5240 ergo
1306 5184 1384 5224 suum
1412 5177 1493 5241 atque
1523 5177 1664 5241 argentum
1692 5168 1800 5234 condat,
1824 5171 1872 5242 qni
1903 5185 2006 5229 εειιειιιι

370 5264 623 5325 persequuntur3et
634 5273 809 5330 quoscunque
818 5258 949 5315 seducere
959 5271 1082 5327 inuuunt,
1094 5258 1165 5331 igni·
1215 5266 1415 5328 tractatumque
1438 5259 1530 5314 cordis
1556 5260 1597 5315 sui
1623 5271 1651 5315 et
1678 5259 1843 5317 locutionem
1869 5262 1930 5319 oria
1952 5263 2006 5335 igne

370 5341 424 5402 itus
434 5345 574 5414 perpetuis
585 5348 705 5402 tradunt.
1215 5347 1332 5418 Spiritus
1355 5349 1441 5403 sancti
1465 5350 1647 5406 examinando
1663 5356 1780 5424 purgat,
1796 5361 1829 5407 ut
1844 5353 1954 5408 veritati
1966 5367 2005 5407 er·

409 5451 420 5486 r
441 5432 540 5490 Beatus
552 5437 597 5506 qui
620 5445 708 5492 tectus
729 5445 797 5493 esta
811 5436 903 5509 lingua
917 5452 1045 5509 nequam,
1056 5440 1122 5510 quia
1134 5440 1162 5495 in
1214 5439 1321 5495 tbolicae
1335 5438 1414 5503 lidei,
1430 5448 1457 5494 et
1470 5439 1568 5511 regula
1585 5454 1725 5495 samaram
1743 5439 1951 5513 Scripturarunr
1963 5455 2006 5512 pe

374 5522 572 5580 «iracundiam
587 5525 723 5581 illiusnon
740 5527 876 5595 uansirit,
891 5536 920 5582 et
936 5528 1051 5598 quinon
1076 5537 1164 5585 attra·
1215 5530 1305 5585 omnia
1322 5544 1438 5585 oonoors
1460 5530 1522 5595 dut3
1545 5531 1591 5601 qui
1605 5540 1696 5586 antem
1714 5545 1874 5589 semrononn
1900 5548 2005 5589 morou

375 5636 384 5669 r
406 5617 445 5672 xit
462 5614 645 5690 jugumejus,
660 5616 729 5671 etin
744 5616 1012 5675 uinculisilliusnon
1032 5629 1075 5676 est
1096 5620 1163 5692 liga·
1215 5619 1347 5676 cautelam
1371 5621 1474 5675 babere
1494 5636 1548 5677 non
1569 5631 1662 5689 curat,
1678 5637 1852 5693 consequens
1865 5633 1910 5680 est
1930 5632 1961 5679 ut
1981 5623 2005 5676 in

376 5726 385 5758 r
407 5715 460 5764 tusa
471 5706 569 5781 lugunt
583 5706 656 5766 enim
667 5705 845 5778 illinsjugum
855 5707 973 5765 ferroum
985 5720 1038 5777 est,
1055 5722 1083 5768 et
1102 5714 1164 5769 rin·
1215 5720 1361 5779 conspeetu
1376 5709 1548 5765 inimicorum
1560 5726 1684 5777 suorum,
1696 5712 1749 5768 boc
1759 5724 1816 5777 est,
1831 5714 2004 5787 malignorum

377 5815 384 5847 r
405 5797 493 5851 culum
521 5797 605 5868 ipsius
632 5796 769 5851 vinculum
790 5812 890 5852 aereum
912 5805 963 5852 cst.
986 5796 1058 5855 ilors
1081 5799 1162 5867 illins,
1212 5801 1359 5872 spirituum
1372 5800 1424 5855 sibi
1437 5800 1623 5856 insidiantium
1636 5811 1748 5857 corruat
1761 5821 1768 5857 :
1782 5804 1866 5862 etiarn
1879 5806 1939 5877 ejus
1964 5816 2003 5857 ea·

374 5906 383 5937 r
406 5902 479 5943 rurore
488 5887 652 5958 nequissima
662 5894 717 5951 est,
727 5894 755 5940 et
766 5884 839 5942 utilis
849 5886 938 5957 potius
948 5885 1071 5944 infernus
1081 5904 1163 5959 quarn
1217 5910 1264 5953 sus
1279 5894 1307 5951 in
1318 5903 1407 5952 morte
1416 5904 1546 5966 perpetua
1557 5894 1716 5953 insanabilis
1729 5908 1772 5952 est

375 5994 384 6027 r
409 5976 462 6031 illa.
483 5994 494 6030 r
510 5977 708 6035 beatitudiuem
720 5975 759 6032 illi
773 5976 900 6046 ascribit,
915 5978 960 6048 qni
980 5993 1164 6055 non-consen·
