4709 6767
362 624 416 687 327

582 587 586 595 1
683 619 713 681 Β.
735 621 861 682 nauem
881 626 991 683 titoni
1010 623 1169 681 institnit.
1193 618 1348 681 MOGUNT.
1369 621 1513 678 onunuii
1533 619 1624 676 PARS
1642 620 1663 675 i.

1939 615 1995 676 Μ

360 746 429 813 ιιι),
456 747 485 797 et
509 740 622 797 reddere
647 742 791 811 unicuique
815 740 962 797 secundum
988 754 1069 809 opera
1096 752 1145 793 sua
1159 739 1185 799 Α
1197 750 1291 789 nonen
1302 734 1369 804 ejus.
1383 731 1417 786 lit
1430 732 1517 802 taetus
1531 743 1569 786 est
1583 732 1611 785 in
1628 746 1692 801 pase
1705 730 1778 784 locus
1790 728 1860 799 eius,
1876 737 1901 785 ct
1915 727 1995 785 ltali-

348 830 468 904 .(ldattir.
484 830 551 902 xvi).

395 920 464 973 Abiit
486 937 586 992 quoqne
604 920 690 975 Dauid
707 930 731 975 et
753 922 837 977 omnis
854 919 940 975 lsrael
955 922 983 975 in
999 919 1148 975 Jerusalem

361 1010 427 1084 (baa
441 1021 479 1066 est
492 1010 584 1078 labus,
597 1013 641 1066 abi
655 1021 729 1067 erant
744 1012 858 1068 lebnsat'
872 1012 1030 1067 habitatores
1048 1010 1147 1083 terra),

359 1105 581 1177 dixeruntqnequi
589 1105 740 1160 habitabam
749 1105 863 1161 iubebas
874 1106 908 1159 ati
919 1104 1003 1160 Dauid
1015 1118 1024 1156 .·
1039 1103 1101 1158 Nan
1111 1104 1149 1158 in·

359 1197 483 1269 predieris
496 1197 557 1250 buc.
569 1196 654 1252 Porro
669 1198 754 1251 Dauid
774 1199 841 1268 cepit
855 1214 942 1252 arcem
957 1197 1031 1263 Sion,
1043 1205 1149 1268 quaest

359 1288 449 1342 ciuitas
462 1288 556 1353 David,
571 1289 709 1360 dixitque:
730 1288 821 1344 Omnis
833 1289 879 1359 qui
892 1297 1047 1359 percusserat
1070 1287 1149 1342 lebu-

358 1394 439 1431 stcum
455 1378 483 1431 in
496 1378 597 1448 primis,
610 1377 666 1432 'erit
688 1379 807 1449 princeps
827 1388 850 1433 et
866 1379 929 1433 duc.
948 1379 1070 1433 Ascendit
1087 1395 1148 1449 erqo

358 1471 457 1539 primm
471 1470 550 1535 inno,
563 1471 635 1537 filius
652 1469 765 1536 Seruio,
777 1481 800 1525 et
810 1471 897 1541 sactus
908 1480 945 1525 est
959 1480 1087 1542 princeps,
1101 1472 1149 1525 lta·

358 1562 445 1616 bitarit
458 1572 544 1617 autent
557 1562 640 1617 Dauid
651 1564 678 1618 t'n
689 1581 759 1631 aree,
771 1574 794 1619 ct
808 1564 904 1619 idcirco
917 1564 1049 1636 appellata
1061 1576 1098 1621 est
1112 1566 1149 1620 cl-

358 1654 423 1707 uitas
440 1652 533 1716 onnia,
546 1663 573 1707 et
587 1653 698 1724 reliqua.
713 1654 780 1711 llinc
794 1654 938 1725 Iosephus,
955 1656 983 1710 iu
995 1655 1149 1726 Antiquita-

360 1750 414 1795 tum
444 1756 553 1795 suarum
576 1741 645 1797 libro
667 1744 801 1812 septimo,
829 1743 866 1798 ita
885 1743 994 1809 'relert,
1022 1745 1116 1799 dicens
1139 1763 1145 1800 :

361 1850 370 1879 ι
392 1830 544 1902 Easrngens
560 1831 644 1887 David
656 1848 718 1887 eum
730 1833 855 1888 omnibus
869 1835 980 1890 venitin
996 1834 1150 1906 Hierosoly-

358 1934 440 1983 mam,
456 1918 586 1975 tebnsnis
599 1916 784 1978 habitantibus
798 1924 947 1990 civitatem,
963 1924 1101 1995 quierant
1121 1926 1149 1981 in

357 2025 454 2079 genere
469 2011 698 2080 Clinnanaeorum,
712 2022 740 2070 et
759 2015 947 2072 claudentibus
961 2017 985 2071 ei
999 2025 1106 2089 portas,
1120 2026 1148 2072 et

1201 826 1266 879 tatio
1277 824 1334 895 ejus
1345 826 1373 879 in
1393 822 1474 889 Sion,
1490 822 1527 878 ibi
1541 821 1669 891 confrcqit
1681 835 1793 883 cornato,
1805 830 1920 887 smum,
1932 823 1997 891 qlo-

1199 918 1273 972 dium
1286 926 1309 970 ct
1326 916 1420 971 bellum
1438 915 1525 988 (Psoi.
1541 914 1633 986 uxxv).
1654 912 1731 980 Quod
1744 920 1835 967 autem
1851 912 1996 986 subjungi·

1199 1020 1254 1078 tur,
1277 1011 1340 1081 quia
1363 1011 1539 1067 aedificaverit
1560 1010 1655 1065 urbem
1679 1009 1764 1063 David
1787 1006 1956 1063 incircuitu
1979 1022 1997 1062 a

1200 1102 1279 1157 iieiio
1289 1117 1375 1172 usque
1390 1103 1424 1158 ad
1438 1117 1544 1174 gyrum,
1556 1099 1624 1157 loab
1635 1109 1727 1156 autem
1740 1099 1843 1170 reliqua
1857 1100 1934 1155 urbis
1946 1099 1998 1156 de·

1199 1194 1340 1261 struxerit,
1351 1195 1518 1250 demonstrat
1529 1193 1614 1248 David
1628 1193 1723 1248 urbem
1738 1190 1889 1247 Jerusalem
1903 1190 1997 1246 muni·

1199 1285 1271 1340 visse
1286 1285 1380 1350 muris,
1396 1294 1450 1339 tarn
1465 1300 1606 1354 persuum
1620 1284 1796 1347 industrium,
1811 1298 1894 1353 quam
1908 1281 1996 1338 enan

1200 1392 1249 1448 per
1261 1375 1351 1433 devoti
1369 1378 1462 1431 militis
1474 1375 1623 1432 solertiam.
1638 1375 1702 1447 legi
1716 1375 1743 1430 in
1757 1372 1898 1443 enjusdam
1912 1372 1995 1437 libro,

1200 1466 1270 1536 quod
1280 1464 1347 1521 Joab
1356 1466 1459 1538 reliqua
1471 1466 1545 1522 urbis
1556 1481 1608 1522 non
1621 1465 1797 1529 exstruxerit,
1809 1463 1856 1519 sed
1868 1471 1998 1518 extraxe-

1200 1558 1247 1620 rit,
1264 1557 1376 1629 intelligi
1389 1557 1482 1613 volens
1496 1557 1582 1627 quod,
1597 1556 1774 1627 pereuntlbus
1788 1552 1920 1610 lebusaeis
1934 1552 1997 1625 gla-

1200 1648 1255 1713 dio,
1271 1649 1293 1703 si
1307 1650 1352 1719 qui
1366 1649 1551 1705 israelitarum
1566 1649 1697 1704 intereos
1712 1647 1814 1702 inventi
1828 1646 1961 1711 luissent,
1980 1660 1998 1700 a

1200 1736 1268 1798 loab
1282 1742 1462 1797 salvarentur.
1478 1740 1611 1809 losephus
1628 1748 1718 1796 tamem
1734 1746 1827 1794 narrat
1850 1736 1936 1794 osvio
1950 1752 1998 1792 su·

1200 1832 1334 1901 perierem
1345 1833 1483 1887 civitatem
1492 1832 1639 1887 munivisse
1645 1832 1724 1900 eique
1731 1829 1880 1900 copulando
1891 1843 1997 1893 arcem,

1200 1938 1283 1976 unum
1297 1921 1417 1991 undique
1432 1936 1530 1991 corpus
1542 1920 1680 1986 effecisse,
1693 1929 1720 1975 et
1733 1928 1829 1975 cuncta
1849 1934 1927 1973 mure
1942 1918 1999 1972 eir·

1201 2010 1381 2076 cumdedisse,
1396 2026 1477 2080 super
1487 2026 1555 2079 opus
1568 2018 1658 2066 suum
1670 2024 1808 2064 mummm
1820 2008 1999 2065 constituisse

358 2115 443 2157 enom
457 2112 578 2173 aspectu,
594 2112 622 2160 et
634 2106 753 2173 claudos,
768 2123 915 2177 omnesque
926 2109 1047 2179 leprosos
1059 2110 1091 2165 ad
1102 2111 1148 2166 de·
1163 2089 1187 2148 B
1200 2100 1284 2168 ³⁰³1).
1301 2109 1329 2156 θῑ
1351 2103 1424 2172 (11¹0d
1443 2102 1528 2157 David
1547 2100 1685 2158 101)ssst
1700 2101 1850 2173 expulerit.
1872 2110 1900 2156 θῑ
1922 2103 1998 2159 hane

359 2193 487 2249 risionem
510 2195 580 2266 regis
596 2197 823 2254 constituentibus
836 2214 916 2268 super
929 2215 1052 2265 murum,
1069 2208 1096 2257 et
1109 2201 1149 2255 ii·
1201 2191 1414 2263 iiierossiymsm
1428 2193 1634 2262 nuncupaverit.
1650 2190 1718 2247 Nam
1734 2194 1784 2248 sub
1794 2192 1933 2249 numnam
1949 2208 1998 2264 pa·

358 2284 483 2340 centibus
498 2286 559 2355 quia
574 2286 749 2356 prohiberent
762 2304 823 2343 eum
840 2290 905 2344 caeci
926 2290 1028 2361 ingredi
1052 2292 1147 2347 civita·
1200 2283 1320 2340 lrlalsslffl
1343 2282 1452 2355 8ΟΙΥῙῺ3
1475 2284 1633 2341 weilhaim·
1658 2284 1772 2353 Quidam
1796 2300 1862 2342 ieri>
1887 2286 1995 2353 dicunt,

359 2381 422 2429 tem.
454 2376 518 2443 Qua
548 2385 638 2432 tannen
666 2379 783 2449 agebant
808 2380 989 2452 despicientes
1012 2399 1073 2437 eum
1100 2399 1149 2453 pro
1200 2374 1272 2445 quod
1285 2381 1313 2429 et
1326 2374 1460 2430 llomerus
1474 2384 1568 2447 postea
1579 2375 1791 2449 Hiemsolyntans
1802 2376 1995 2433 nominaverit.

357 2466 475 2519 unanima
495 2467 645 2523 munitione
667 2484 818 2524 murorum.
837 2470 977 2542 iratusque
991 2489 1036 2526 rex
1050 2472 1148 2529 llioro·
1201 2464 1299 2518 lllefflss
1320 2463 1391 2518 enim
1419 2463 1532 2520 Heblaet
1557 2465 1647 2537 lingua
1674 2465 1786 2519 ”titillo
1807 2473 1859 2520 0⁵¹·
1880 2464 1997 2537 Mittite

356 2554 488 2626 solymam
501 2556 626 2613 obsidere
647 2559 745 2629 coepit,
761 2567 788 2615 et
806 2560 891 2615 multo
908 2562 998 2617 studio
1014 2570 1042 2616 ct
1056 2562 1148 2617 labore
1200 2561 1290 2609 autem
1305 2554 1376 2624 quod
1394 2556 1479 2611 David
1495 2556 1589 2613 urbem
1609 2555 1754 2612 aedificavit
1770 2571 1819 2627 per
1835 2556 1995 2625 circuitum,

356 2647 450 2702 mirari
464 2655 494 2701 ut
508 2663 567 2703 eam
580 2659 689 2719 caperet
705 2669 711 2704 ε
730 2660 863 2721 quatenus
878 2653 904 2707 in
921 2654 980 2724 ipso
994 2654 1148 2725 principatu
1200 2645 1337 2718 signifieat
1359 2646 1497 2703 Christum
1521 2649 1548 2704 in
1573 2647 1664 2704 tndaes
1683 2647 1801 2719 primum
1816 2647 1996 2719 Evangelium

355 2736 433 2792 initio
462 2752 539 2792 suam
569 2737 756 2795 fortitudinem
783 2741 992 2797 demonstraret.
1022 2744 1146 2800 lutermi-
1198 2737 1373 2808 tiraedlssasses
1394 2749 1421 2794 θῑ
1442 2738 1681 2795 Ecclssslifflsuaffl
1697 2738 1759 2794 fidel
1774 2753 1830 2793 ⁸¹1ae
1843 2739 1997 2795 munlllllm

356 2834 435 2881 natus
449 2828 540 2897 itaquo
555 2836 582 2882 et
595 2827 645 2899 ipsi
659 2837 686 2882 et
699 2830 759 2884 aliis
770 2832 792 2885 si
806 2832 852 2900 qui
867 2831 936 2887 torte
951 2834 1085 2889 haberent
1100 2833 1148 2888 ad·
1198 2828 1318 2900 undique
1339 2831 1533 2886 circumdando
1556 2830 1687 2886 firmasse.
1709 2829 1786 2900 Quod
1808 2840 1899 2886 autem
1924 2829 1995 2888 Josb

355 2932 452 2972 versus
468 2931 529 2972 eum
545 2919 688 2974 resistendi
708 2935 857 2985 conamen,
878 2921 1032 2978 interiorem
1051 2924 1148 2980 civita-
1198 2920 1301 2991 reliqua
1316 2921 1392 2977 urbis
1404 2921 1553 2987 exstruxit,
1577 2920 1712 2993 signifieat
1726 2920 1863 2992 apostolos
1878 2928 1905 2976 et
1923 2935 1996 2991 prae-

357 3017 411 3064 tcrn
437 3024 534 3081 taragna
558 3010 658 3067 virtute
686 3014 766 3084 cepit.
794 3012 915 3084 Cumque
943 3016 1031 3072 adhuc
1057 3033 1147 3074 arcem
1198 3014 1333 3070 dicatores
1347 3013 1485 3085 Evangelii
1499 3020 1561 3084 post
1580 3014 1744 3083 passionem,
1757 3012 1996 3068 Resurrectionem

356 3098 479 3154 obtinere
495 3114 548 3155 non
559 3110 660 3171 posset,
676 3104 767 3174 caepit,
784 3105 901 3160 bonores
915 3114 941 3161 et
957 3122 1068 3162 munera
1085 3122 1149 3180 pro-
1198 3113 1226 3161 et
1240 3106 1434 3163 ascensionem
1447 3106 1554 3161 Domini
1568 3106 1602 3162 ad
1615 3107 1699 3162 etelos
1713 3107 1834 3162 doctrina
1846 3122 1895 3162 sua
1908 3106 1995 3177 pluri·

355 3188 502 3254 mittendo,
520 3205 567 3245 rex
578 3205 627 3262 per
639 3207 685 3248 eos
700 3193 733 3248 ad
748 3209 815 3265 opus
831 3195 957 3251 bellicum
972 3197 1072 3253 milites
1085 3214 1148 3269 pro·
1197 3215 1258 3255 mos
1280 3202 1313 3255 de
1337 3201 1461 3272 gentibus
1483 3201 1516 3256 ad
1533 3199 1613 3256 tidem
1635 3198 1737 3255 Christi
1757 3200 1945 3265 convertisse,
1964 3207 1996 3255 ut

355 3294 474 3346 vocare,
489 3290 519 3335 ut
539 3282 692 3355 quicunqne
706 3300 755 3355 per
768 3287 904 3358 subjectos
918 3287 1001 3344 eolles
1014 3290 1041 3343 in
1056 3305 1147 3346 arcem
1197 3301 1386 3363 cooperatores
1404 3301 1495 3348 essent
1509 3291 1594 3362 ipsius
1613 3291 1754 3359 veritatis,
1769 3300 1797 3347 et
1817 3306 1868 3361 pro
1884 3289 1996 3348 modulo

357 3374 571 3440 conscenderet,
588 3382 616 3429 et
628 3390 688 3431 earn
702 3385 826 3447 caperet,
842 3378 1022 3450 principatum
1043 3381 1146 3438 militie
1198 3398 1249 3438 sus
1260 3382 1399 3452 spirituale
1417 3381 1562 3438 aedificium
1583 3382 1632 3438 liei
1647 3383 1741 3439 devota
1756 3389 1847 3437 mente
1874 3397 1907 3438 ac
1923 3392 1997 3439 stre-

356 3460 438 3515 totius
449 3460 539 3530 populi
553 3462 714 3532 possideret.
733 3464 843 3522 Cunctis
858 3467 949 3538 itaque
960 3455 1144 3527 conscendere
1198 3488 1250 3529 nun
1264 3473 1414 3529 devotionis
1435 3473 1541 3528 actione
1558 3480 1759 3527 construerent.
1789 3471 1868 3528 Unde
1893 3470 1996 3529 Paulus

355 3543 560 3612 festinantibus,
575 3559 603 3623 et
615 3551 690 3605 nullo
705 3551 797 3609 labore
814 3569 864 3623 pro
886 3558 1006 3613 muneris
1020 3560 1147 3629 promissi
1196 3563 1232 3618 ad
1242 3564 1371 3634 quosdam
1382 3562 1474 3619 fideles
1488 3562 1612 3618 scribens
1621 3562 1660 3616 ait
1671 3580 1677 3616 :
1689 3561 1735 3615 liei
1744 3578 1834 3616 sumus
1845 3562 1994 3632 adimeret,

356 3635 531 3692 retributione
544 3640 724 3729 madentibus,
741 3640 1148 3717 sanieotiustoanpravenzt
1196 3654 1246 3709 liei
1274 3652 1440 3724 consultura
1466 3654 1551 3720 estis,
1577 3652 1628 3707 un
1663 3652 1804 3722 edificatio
1829 3654 1908 3721 estu,
1937 3662 1992 3710 ete.

355 3727 519 3795 universos,
535 3741 562 3786 ct
581 3738 728 3795 ascendens
752 3741 779 3796 in
804 3746 944 3802 cacumine
963 3748 1090 3802 clamavit
1112 3748 1146 3804 ad
1197 3748 1224 3819 (i
1238 3745 1300 3803 Cor.
1315 3748 1369 3820 nr.)

356 3831 458 3889 regom,
475 3821 586 3892 exigens
599 3827 701 3884 militiae
714 3833 904 3904 principatum.
919 3836 1045 3908 Expulsis
1056 3840 1146 3911 itaque
1233 3837 1270 3892 lli
1282 3841 1411 3910 principes
1429 3840 1548 3893 uirorum
1559 3837 1668 3907 [ortium
1677 3836 1764 3892 Dauid
1776 3837 1821 3908 qui
1835 3837 1995 3907 adjacerent

355 3924 402 3964 rex
418 3909 451 3965 de
463 3927 568 3969 summa
585 3932 647 3973 arec
660 3918 805 3991 teausais,
820 3933 848 3981 et
863 3927 1031 3984 reaedificans
1051 3931 1146 3985 eivita-
1196 3949 1265 3999 eum,
1283 3941 1312 3985 ut
1332 3949 1377 3987 res
1390 3933 1462 4002 peret
1477 3949 1555 4003 super
1566 3949 1669 3987 omnern
1683 3931 1781 3999 lsrael,
1789 3934 1869 4004 jecta
1885 3934 1990 3988 uerbum

356 4006 430 4067 tens,
446 4017 506 4057 eam
520 4004 733 4082 Hierosolymam
746 4017 927 4085 nuncupavit,
947 4026 976 4073 et
987 4019 1061 4074 omni
1079 4034 1147 4076 tem·
1195 4021 1304 4076 Domini
1316 4023 1386 4093 qnod
1401 4023 1503 4077 locutus
1525 4033 1562 4077 est
1580 4024 1615 4076 ad
1630 4021 1726 4077 lsrael.
1745 4022 1779 4077 lit
1796 4024 1845 4078 iste
1865 4040 1992 4080 nantem

354 4105 421 4160 pure
437 4092 465 4146 in
483 4110 515 4150 ea
540 4099 581 4153 sui
601 4100 733 4159 habitavit
753 4106 900 4175 imperii.»
923 4107 1035 4181 llystice
1053 4120 1145 4169 autem
1197 4112 1362 4166 robustarum
1381 4113 1488 4167 Dauid:
1506 4112 1630 4168 tesbaarn
1646 4113 1718 4181 filius
1739 4113 1895 4178 telamoni,
1916 4114 1992 4183 prin·

356 4181 441 4283 liavitl
462 4181 614 4244 lebusseum
636 4194 815 4252 habitatorem
840 4207 920 4255 terrae
945 4203 979 4257 de
997 4201 1146 4262 ierusalem
1196 4218 1255 4272 ceps
1278 4203 1347 4257 inter
1366 4204 1490 4274 triginta;
1505 4204 1552 4259 iste
1569 4204 1660 4258 leuauit
1685 4204 1789 4257 bastarn
1811 4220 1888 4257 suam
1913 4220 1994 4275 super

356 4274 475 4342 ariciens,
495 4278 630 4348 signifieat
642 4282 849 4356 Redemptoreut
862 4299 984 4347 nostrum
997 4297 1147 4351 contrarias
1197 4303 1323 4349 trecentas
1344 4295 1491 4350 uolneratos
1511 4312 1564 4349 una
1579 4297 1642 4350 uice.
1667 4294 1744 4351 llunc
1760 4293 1886 4349 lesbaant
1914 4291 1993 4350 lost·-

356 4375 504 4434 potestates
519 4371 553 4426 dc
567 4375 692 4430 cordibus
706 4378 823 4436 bdelium
835 4383 989 4453 expellere,
1004 4397 1032 4442 et
1045 4389 1086 4443 sic
1096 4389 1148 4443 ibi-
1197 4384 1267 4455 plius
1291 4385 1435 4441 Eusebium
1461 4386 1600 4451 nominat,
1624 4394 1653 4440 et
1672 4385 1756 4440 lilium
1771 4399 1832 4439 eum
1848 4400 1908 4440 esse
1924 4385 1993 4440 dicit

356 4457 416 4511 dem
432 4475 508 4514 suam
525 4464 691 4521 mansionem
713 4472 888 4528 constituere.
911 4474 1050 4534 iniussus
1073 4480 1147 4534 enim
1197 4473 1352 4540 Achimeae,
1375 4476 1420 4545 qui
1434 4476 1520 4530 aciem
1532 4475 1650 4531 hostium
1663 4474 1821 4545 frequenter
1834 4476 1993 4545 irrumpens

357 4546 549 4620 interpretatur
562 4554 677 4611 casatus
700 4573 709 4612 .·
732 4556 880 4618 Jerusalem
901 4566 965 4620 risio
988 4568 1070 4635 pacis.
1088 4567 1146 4624 Non
1197 4581 1368 4636 nequaquam
1385 4566 1528 4637 pugnando
1543 4566 1674 4631 cessarit,
1695 4566 1782 4621 donec
1803 4580 1837 4620 ex
1857 4566 1898 4620 eis
1922 4582 1993 4622 tamt·

356 4641 442 4699 solum
464 4645 536 4700 enim
557 4646 688 4706 Dominus
709 4662 802 4710 noster
820 4672 869 4726 per
883 4661 1040 4729 mysterium
1059 4663 1147 4719 crucis
1198 4666 1292 4729 gentos
1305 4658 1449 4713 occideret.
1475 4657 1529 4713 Sed
1541 4658 1671 4715 Hebraeus
1687 4659 1765 4729 cujus
1776 4658 1847 4713 dieta
1863 4659 1891 4713 in
1907 4673 1993 4729 expo-

356 4749 462 4791 omnem
478 4741 658 4812 principatum
670 4746 938 4807 diabolidestruendo
948 4752 999 4807 sibi
1015 4760 1145 4825 tropaeum
1199 4748 1297 4803 sitione
1310 4748 1413 4821 Regum
1436 4749 1526 4820 aliqua
1550 4751 1646 4821 posui,
1665 4760 1693 4805 et
1716 4750 1743 4806 in
1766 4751 1893 4822 praesenti
1907 4765 1993 4820 opere

356 4826 510 4895 acquisit-ir,
525 4830 580 4885 imo
593 4832 716 4890 noeiinns
730 4839 786 4893 suis
801 4854 882 4908 snper
895 4857 1003 4898 omnen
1018 4845 1146 4903 viratas
1200 4853 1254 4894 non
1267 4854 1353 4908 panes
1368 4840 1480 4906 inserui,
1500 4841 1581 4895 istum
1596 4839 1722 4896 iesussn
1740 4840 1929 4910 ipsnnusnic
1946 4842 1990 4896 in-

356 4914 475 4983 ejusdem
498 4918 601 4987 antiqui
625 4920 710 4976 hostis
731 4933 891 4992 potestatem
907 4929 1009 4984 tribuit.
1026 4931 1103 4987 Unde
1117 4934 1146 4988 in
1201 4930 1283 5002 telligi
1304 4929 1372 4996 ruit,
1397 4930 1579 5002 interpretans
1601 4944 1700 4984 nomen
1722 4930 1824 5000 ipsum,
1852 4930 1905 4985 boc
1936 4941 1990 4996 est,

357 5002 502 5076 Evangelio
527 5008 664 5079 discipulis
678 5012 733 5066 suis
746 5013 783 5067 ait
804 5033 811 5068 ι
830 5014 898 5071 Ecce
920 5018 980 5071 aeti
994 5021 1063 5074 uobis
1075 5032 1147 5091 pote·
1199 5021 1335 5088 lesbaatn,
1349 5021 1440 5076 sedens
1453 5021 1480 5075 in
1490 5020 1596 5092 populo,
1610 5020 1760 5077 Achamoni
1775 5035 1839 5076 vero
1849 5022 1991 5092 sapientis·

355 5102 448 5148 statem
462 5095 582 5152 calcandi
598 5117 676 5171 snper
689 5115 816 5173 serpentes
830 5116 853 5159 et
866 5124 944 5178 super
956 5111 1105 5180 scorpiones
1120 5121 1145 5168 et
1199 5118 1293 5171 simunt
1307 5132 1316 5170 :
1332 5115 1474 5186 firmatque
1487 5156 1495 5181 ,
1509 5115 1561 5171 boc
1576 5116 1604 5170 in
1625 5114 1693 5171 libro
1708 5115 1811 5185 Regum
1826 5115 1864 5169 ita
1875 5115 1992 5171 demon·

356 5196 435 5282 super
448 5203 548 5242 amntem
564 5191 682 5245 uirtutern
693 5193 792 5249 inimici
805 5195 880 5269 (luc.
898 5197 936 5272 x).
951 5199 1023 5258 Bene
1033 5217 1099 5274 ergo
1116 5204 1144 5258 in
1199 5214 1313 5261 stratum
1326 5221 1403 5270 esse,
1420 5208 1464 5261 ubi
1480 5206 1628 5262 scribitur:
1644 5205 1742 5261 sedem
1762 5206 1789 5258 a'rt
1805 5187 1932 5261 cautedra
1946 5224 1991 5261 sn·

357 5268 543 5377 liliiollegum
563 5280 692 5352 scriptum
708 5296 749 5340 est
767 5286 809 5359 (ll
825 5287 888 5359 tien.
905 5291 947 5361 v),
963 5295 1034 5362 quod
1048 5295 1144 5362 David,
1198 5297 1373 5365 pientissimus
1387 5296 1428 5367 (ll
1442 5296 1506 5367 lleq.
1520 5296 1608 5368 xxiii).
1625 5294 1679 5351 Sed
1689 5296 1750 5351 ideo
1761 5295 1910 5351 vermiculo
1924 5296 1991 5367 ligni

357 5372 451 5467 crectis
468 5368 548 5423 caecis
558 5379 586 5425 et
597 5372 714 5441 claudis,
728 5379 773 5448 qui
788 5380 903 5435 oderant
916 5384 1034 5440 animam
1048 5386 1143 5455 David,
1198 5403 1261 5443 eum
1275 5399 1460 5458 comparatum
1474 5404 1543 5454 esse,
1561 5390 1624 5459 qnia
1638 5389 1811 5446 minuebatur
1826 5386 1863 5440 illi
1879 5389 1989 5457 sapien·

358 5462 429 5523 cepit
441 5473 531 5512 arcem
544 5459 619 5529 Sion,
635 5480 763 5536 suamque
774 5470 909 5526 ciuitatem
923 5488 983 5529 cani
996 5479 1143 5545 vocaverit,
1198 5479 1235 5533 tia
1257 5488 1367 5550 propter
1389 5486 1529 5548 peccatum
1551 5479 1621 5549 quod
1646 5479 1781 5534 commisit
1804 5478 1833 5533 in
1852 5476 1919 5533 Uria
1945 5478 1989 5549 (ti

358 5548 420 5616 quia
446 5550 508 5603 dum
530 5550 653 5611 Salvator
677 5568 768 5613 noster
791 5562 924 5635 malignos
947 5566 1057 5636 spiritus
1082 5584 1143 5624 eum
1199 5568 1264 5639 lieq.
1289 5569 1338 5640 ιι).
1356 5569 1486 5623 Similiter
1503 5568 1587 5624 relert
1601 5568 1666 5624 illud
1680 5568 1855 5640 significare,
1870 5569 1944 5638 quod
1961 5569 1988 5623 in

358 5641 436 5694 turba
451 5640 578 5700 vitionnn
592 5646 624 5701 tle
637 5650 727 5705 anima
740 5652 859 5722 qualibet
873 5656 1025 5726 expulerit,
1040 5660 1145 5733 sibique
1197 5659 1332 5714 volumine
1346 5658 1448 5728 Regum
1461 5668 1589 5714 narratur
1603 5659 1645 5731 (ll
1662 5659 1727 5731 liep.
1742 5660 1832 5732 xstrr),
1845 5660 1990 5730 octingen-

256 5745 261 5758 ⁴
357 5746 418 5785 eam
431 5749 480 5803 per
493 5735 715 5796 illuminationem
735 5746 873 5815 sapientiae
887 5752 1073 5819 usurpaverit;
1090 5768 1147 5808 me·
1198 5748 1323 5804 tosillam
1334 5763 1387 5802 nno
1400 5748 1801 5817 impetituinterieeisse,etirie
1815 5748 1990 5819 inParalipo

359 5824 411 5878 rito
425 5841 472 5879 ara
489 5827 562 5893 Sion,
580 5829 606 5884 io
619 5839 671 5896 est,
685 5834 867 5902 speculationis
881 5847 908 5892 et
922 5840 985 5893 nisio
1000 5842 1082 5910 paris,
1097 5858 1144 5897 vo·
1196 5855 1293 5895 menon
1306 5839 1372 5895 dicit
1387 5848 1520 5895 trecentos
1531 5855 1593 5895 cum
1608 5839 1785 5906 interfecisse,
1805 5839 1989 5895 minoratione

358 5917 479 5984 entitur,
496 5929 576 5990 atque
590 5922 622 5977 de
642 5938 673 5977 ea
691 5933 754 5980 tune
771 5938 844 5984 recte
858 5946 906 6000 per
920 5931 1092 5989 Psalmistarn
1107 5935 1146 5989 di·
1197 5931 1301 5987 scilicet
1323 5931 1401 5986 lamas
1426 5932 1498 5987 illius
1524 5941 1634 6002 propter
1659 5940 1800 6001 ρειιιιιιιιιι
1827 5930 1988 6001 praedictum

356 6010 428 6067 citur
448 6032 454 6069 :
473 6015 559 6074 Notus
580 6020 607 6074 in
629 6021 724 6077 labra
749 6019 834 6086 Deras,
859 6021 885 6075 in
914 6022 998 6077 lsrael
1023 6041 1146 6097 rnoqnum
1196 6022 1322 6078 adulterii
1336 6031 1364 6078 et
1378 6023 1527 6081 homicidii.
