4709 6767
389 633 443 691 bld

716 632 747 687 ll.
768 628 895 685 erBth
915 628 1025 684 llhlllll
1042 627 1207 683 attettteu.
1229 626 1387 684 noceor.
1409 628 1553 685 oblinunt
1574 627 1665 684 raus
1683 628 1703 684 l.

1979 632 2029 691 ooo

388 747 527 807 civitatem
543 750 743 810 remanserunt,
762 742 934 815 Assyriorum
951 742 1094 797 abstulisse
1114 757 1182 811 prae·
1198 756 1221 804 ,ι
1236 739 1323 794 nrirras
1336 750 1363 794 et
1376 741 1580 811 persecutiones
1593 739 1728 804 hostium;
1745 739 1902 795 castitatem
1917 746 2028 809 amarit,

389 837 464 903 dam,
477 854 523 894 eos
535 851 601 891 sero
619 836 664 906 qui
677 836 795 891 victores
810 834 844 889 de
855 833 930 889 carde
946 834 1065 888 bestium
1081 832 1183 887 rerersi

389 938 462 994 sunt,
482 942 608 998 pecorum
628 935 655 981 ct
664 925 861 994 jumentorum,
878 934 906 978 et
921 925 1109 979 uniuersorum
1126 938 1184 977 uro·

390 1021 483 1077 bilium
513 1019 606 1073 tulisse
631 1018 840 1073 umltitudinem.
868 1016 1014 1083 Quialieet
1044 1014 1181 1085 multiplex

389 1108 466 1163 labor
476 1108 511 1162 sit
530 1108 646 1162 militum
663 1107 774 1173 Christi,
794 1124 848 1162 una
860 1117 948 1162 tamen
968 1107 1049 1161 dehet
1070 1121 1130 1160 esse
1143 1106 1183 1159 iu-

390 1201 476 1256 tentio
490 1208 517 1254 et
528 1199 622 1255 cadem
638 1201 755 1262 deuotio,
767 1209 797 1255 ut
812 1199 941 1270 quidquid
957 1198 991 1254 de
1004 1198 1121 1253 bostium
1138 1198 1186 1252 ini·

391 1307 444 1363 oua
457 1292 630 1360 possessione
644 1291 750 1360 cripere
772 1290 886 1361 possint,
901 1289 933 1343 ad
951 1297 1079 1342 ornatum
1096 1294 1124 1341 et
1141 1287 1184 1342 di-

392 1383 473 1436 ritias
491 1390 591 1437 sanctae
606 1381 737 1436 Ecclesiae
759 1388 930 1445 mussitant,
946 1381 1067 1443 horest,
1087 1394 1184 1433 aurum

389 1474 540 1545 sapientiae,
556 1481 698 1546 argentum
713 1474 884 1542 eloquentiae,
906 1487 1027 1542 gemmas
1047 1472 1185 1527 moralita-

389 1568 465 1623 tlsac
474 1553 614 1630 r‘irtrnum,
623 1579 733 1619 necnon
742 1572 770 1619 et
779 1565 902 1618 homiues
917 1562 1019 1617 carnali
1031 1563 1123 1617 sensui
1136 1561 1184 1617 de-

389 1660 473 1722 ditos,
490 1656 534 1726 qui
552 1656 679 1725 captivati
695 1665 772 1709 erant
785 1655 938 1710 idololatria
956 1664 981 1707 et
997 1654 1129 1708 servitute
1140 1653 1183 1706 ri-

389 1750 488 1804 tiorcm
501 1749 771 1817 obnoxii,·qnatenus
786 1749 842 1802 lucc
858 1748 960 1811 omnio,
978 1762 1039 1816 quac
1052 1746 1184 1816 superbus

387 1842 516 1911 Assyrius
535 1849 562 1894 et
577 1840 702 1910 prinecps
713 1839 804 1893 mundi
816 1839 896 1908 hujus
909 1838 1008 1907 injuste
1018 1838 1181 1907 possidebat,

388 1947 437 2005 per
453 1931 599 1987 bellatores
614 1930 715 1986 Christi
730 1928 884 1983 reserantur
902 1930 936 1983 ad
952 1929 1124 1983 honestatem
1143 1926 1184 1982 di-

387 2023 444 2079 vlnl
466 2022 564 2077 cultus.

1235 831 1297 900 quia
1318 831 1503 886 sinceritatem
1519 831 1580 886 iudei
1595 831 1723 896 servarit,
1744 845 1794 902 per
1812 846 1896 902 quam
1921 844 2029 891 omnem

1236 925 1436 979 multitudinem
1469 923 1587 978 fidelium
1617 924 1762 993 Apostolus
1788 939 1819 979 se
1839 926 1946 983 coelesti
1974 931 2029 1002 regi

1236 1017 1414 1086 desponsasse
1426 1016 1593 1087 gloriabatur
1606 1017 1700 1072 diceus
1716 1033 1722 1071 ι
1743 1035 1753 1068 r
1776 1017 1946 1089 Desponsavi
1957 1024 2030 1077 enim

1235 1124 1284 1163 ros
1309 1110 1353 1163 uni
1382 1110 1449 1172 viro,
1474 1109 1606 1181 virginem
1639 1117 1742 1165 castam
1767 1107 1899 1168 exhibere
1922 1112 2031 1170 Christo

1236 1199 1278 1272 (ll
1295 1198 1356 1254 Cor.
1373 1201 1424 1272 ιιι).
1451 1220 1460 1252 ι
1483 1202 1567 1271 Cujus
1591 1202 1671 1257 tboro
1687 1202 1890 1259 immaculatam
1917 1205 1977 1277 ipsa
2003 1222 2032 1263 se

1235 1292 1363 1356 custodit,
1378 1307 1429 1346 nec
1444 1291 1634 1347 hamaucorum
1655 1293 1743 1347 errori
1761 1294 1965 1351 communicare
1977 1297 2032 1353 ullo

1235 1383 1315 1436 uredo
1339 1382 1485 1437 consentit.
1518 1383 1559 1436 ad
1590 1383 1809 1439 benedictionem
1834 1386 1974 1457 pontificis
2004 1396 2031 1443 et

1234 1473 1455 1544 presbyterorum
1469 1474 1607 1543 respoudit
1621 1490 1627 1526 :
1641 1470 1665 1525 F
1666 1475 1715 1539 iot,
1725 1468 1844 1543 liut,boc
1855 1485 1898 1531 est
1913 1494 1920 1530 ι
1933 1476 2029 1544 Amen,

1235 1580 1313 1618 amen
1337 1582 1343 1617 :
1367 1566 1430 1634 quia
1455 1563 1634 1632 amajoribus
1645 1565 1702 1621 sire
1716 1566 1869 1623 minoribus
1885 1568 1949 1625 llliis
1971 1585 2029 1624 ma·

1236 1655 1286 1709 tris
1301 1654 1430 1710 Ecclesia
1443 1656 1501 1725 ipsa
1523 1655 1580 1711 sola
1599 1656 1627 1710 in
1640 1664 1698 1713 toto
1708 1658 1775 1713 orbe
1785 1660 1990 1728 predicabatur,
2004 1671 2030 1717 et

1235 1747 1368 1815 condigna
1394 1747 1497 1803 calesti
1525 1762 1625 1817 sponso
1647 1746 1746 1819 ubique
1759 1757 1787 1804 et
1805 1765 1916 1823 semper
1935 1751 2029 1809 lauda-

1234 1836 1317 1890 bitur.

1272 1945 1282 1976 ι
1300 1926 1351 1981 Per
1372 1927 1430 1982 dies
1444 1936 1533 1983 autern
1549 1928 1658 1999 triginta
1674 1929 1719 1985 rix
1733 1930 1846 1987 collecta
1863 1894 1929 1987 sunt
1946 1935 2030 2005 spolia

1238 2018 1438 2089 «Assyriorum
1461 2035 1476 2073 a
1503 2020 1601 2089 populo
1626 2021 1718 2077 lsrael.
1737 2042 1746 2075 r
1764 2024 1811 2078 lsti
1832 2022 1893 2080 dies
1921 2026 2030 2099 triginta

425 2130 435 2163 ι
453 2109 573 2166 Juacltim
598 2118 688 2164 auteur
704 2123 825 2165 summus
847 2109 967 2180 pontiler
985 2110 1018 2163 dc
1033 2106 1181 2164 Jerusalem
1200 2100 1391 2161 Bunirersuur
1418 2116 1524 2178 tempus
1543 2111 1685 2179 proesentis
1709 2113 1772 2168 rite
1787 2113 1953 2185 significant,
1969 2117 2029 2187 quia

1234 2200 1350 2271 pupulus
1372 2200 1420 2255 bei
1436 2216 1486 2270 per
1505 2203 1596 2268 tidem,
1615 2218 1691 2273 spem
1714 2215 1742 2260 et
1756 2205 1922 2262 charitatem
1942 2207 2030 2263 dirim

1235 2303 1368 2365 precepta
1381 2296 1515 2350 servando
1529 2295 1563 2351 de
1573 2296 1652 2351 hoste
1668 2298 1841 2369 triumphans
1853 2299 1958 2373 colligit
1970 2315 2030 2372 spo

391 2222 401 2257 r
420 2205 494 2259 renit
508 2205 533 2259 in
545 2203 697 2259 Betlmliam
707 2215 770 2259 curu
786 2203 921 2258 uuirersis
935 2202 1102 2273 presbyteris
1115 2202 1183 2266 suis,

391 2314 401 2348 ι
420 2304 450 2349 ut
465 2295 569 2350 rideret
580 2294 683 2350 Judith.
703 2294 768 2362 Quae
781 2310 842 2350 cum
859 2294 961 2350 exisset
982 2293 1015 2348 ad
1031 2292 1117 2357 illum,
1137 2295 1185 2347 he·

390 2404 400 2438 ι
418 2386 579 2441 nedirerrmt
600 2385 673 2440 illam
694 2400 788 2441 omnes
810 2400 863 2440 una
886 2399 953 2441 voce
979 2384 1101 2440 dieentes
1119 2401 1124 2437 :
1143 2383 1184 2438 Tu

390 2478 503 2552 «gloria
528 2477 690 2544 Jerusalem,
721 2488 749 2534 tu
776 2478 870 2533 lmtitia
895 2478 990 2542 lsrael,
1005 2486 1033 2533 tu
1057 2475 1185 2532 honorid-

388 2589 399 2623 ι
419 2573 507 2628 centia
518 2572 608 2643 populi
628 2572 724 2637 nostri,
741 2571 803 2641 quia
826 2571 913 2627 iecisti
933 2571 1057 2634 rlriliter,
1076 2577 1104 2625 ct
1116 2584 1184 2625 con·

389 2686 399 2720 r
418 2664 546 2721 iortutum
559 2674 601 2721 est
615 2681 663 2722 eor
677 2675 761 2729 tumn,
778 2667 894 2736 eoquod
909 2666 1064 2721 castitatem
1076 2679 1184 2719 amare-

389 2773 399 2807 ι
416 2754 465 2820 ιιε,
479 2764 506 2809 et
520 2764 581 2825 post
591 2756 679 2809 rirmu
696 2764 782 2818 tuum,
793 2755 909 2809 alterum
922 2755 1063 2810 nescieris.
1080 2754 1142 2809 ldoo
1157 2764 1184 2807 et

389 2865 399 2898 r
418 2861 514 2899 rrrauus
530 2846 635 2899 Domini
654 2845 818 2899 centonavit
836 2852 871 2908 te,
887 2853 913 2899 et
928 2845 987 2901 ideo
1001 2846 1056 2900 crls
1071 2846 1183 2900 benedi-

390 2953 400 2988 ι
423 2945 466 2992 eta
483 2936 509 2989 in
533 2944 675 2990 eteorum.
694 2935 727 2989 Et
745 2935 814 2990 dixit
832 2937 921 2990 omnis
944 2936 1058 3005 populus
1083 2955 1089 2989 :
1112 2936 1182 3001 utar,

390 3045 399 3077 ι
420 3026 475 3080 hat.
496 3024 587 3092 »Quid
605 3041 654 3094 per
676 3025 798 3081 Juaelrirn
820 3041 955 3079 summum
976 3026 1132 3095 pontificem
1150 3027 1183 3081 de

386 3116 537 3171 Jerusalem
561 3118 612 3170 nisi
640 3116 805 3185 Redemptor
829 3123 922 3170 noster
946 3116 1116 3187 intelligitur,
1137 3117 1183 3185 qni

380 3207 474 3263 ‘lactus
493 3215 562 3261 esta
581 3206 637 3261 beo
662 3207 740 3261 nobis
757 3206 880 3275 pontilcr
901 3207 928 3261 in
942 3215 1074 3263 aeternum
1086 3223 1184 3263 sccun-

1234 2383 1271 2441 lia
1291 2384 1367 2455 elus;
1381 2394 1409 2442 et
1433 2386 1601 2458 spiritualem
1629 2388 1772 2461 Assyrium
1796 2403 1845 2446 sua
1872 2390 2030 2462 supellectili

1234 2474 1366 2531 vastando
1376 2474 1522 2546 depraedat.
1546 2475 1581 2532 lit
1605 2478 1713 2545 merito,
1727 2479 1792 2551 qula
1810 2479 2030 2538 dduciahterrc·

1234 2578 1295 2635 gem
1316 2580 1395 2622 suom
1409 2567 1593 2637 obsequendo,
1620 2567 1707 2624 uictor
1725 2568 1826 2640 ubique
1840 2569 1921 2628 iortls
1942 2578 2031 2628 exstat

1235 2656 1263 2712 in
1282 2656 1386 2727 praetio,
1401 2657 1434 2713 de
1456 2672 1510 2725 quo
1525 2658 1655 2727 scriptum
1671 2667 1735 2714 est:
1751 2676 1762 2711 r
1788 2659 1919 2715 homious
1941 2658 2029 2727 fortis.

1235 2749 1365 2804 Dominus
1386 2758 1483 2820 potens
1507 2750 1534 2803 io
1565 2749 1658 2820 prelio
1686 2748 1773 2822 (Psoi.
1802 2752 1894 2823 xxm).
1920 2771 1930 2805 r
1953 2753 1987 2808 Et
2004 2754 2039 2809 lu

1235 2839 1396 2913 Et'angelica
1421 2840 1547 2911 parabola
1580 2841 1638 2912 ipsa
1662 2840 1771 2898 Veritas
1789 2852 1894 2899 narrat.
1918 2866 1927 2899 r
1955 2845 2038 2913 Quod.

1235 2929 1314 2987 sortis
1336 2948 1397 2986 curn
1415 2942 1537 2988 artuatus
1558 2934 1678 2989 custodit
1692 2935 1895 3002 atriurosuum,
1915 2938 1942 2993 in
1967 2954 2053 3010 pace

1235 3032 1297 3078 sunt
1309 3039 1341 3078 ca
1356 3041 1416 3094 qum
1431 3026 1566 3096 possidet;
1583 3027 1606 3081 si
1619 3034 1710 3081 autent
1726 3026 1824 3084 tortior
1838 3029 1885 3086 illo
1899 3045 2031 3101 superre-

1235 3114 1311 3169 niens
1336 3116 1432 3169 ricerit
1453 3132 1526 3180 eum,
1551 3118 1676 3172 universa
1691 3133 1767 3172 arma
1790 3117 1849 3186 ejus
1864 3115 1980 3185 auferet,
2004 3121 2042 3174 in

1235 3204 1500 3273 quibuscoulldchat,
1513 3218 1540 3260 et
1548 3207 1631 3277 spolia
1643 3208 1702 3277 ejus
1713 3208 1855 3264 distribuet
1866 3207 1944 3280 (buc.
1957 3209 2026 3283 xri.»

386 3299 450 3354 dum
466 3299 588 3354 ordinem
609 3298 817 3364 Melchisedech,
832 3307 880 3368 per
894 3298 1125 3369 quem'hahcmus
1138 3315 1183 3352 ac·
1236 3297 1304 3353 llinc
1317 3306 1345 3352 et
1364 3297 1391 3350 iu
1410 3295 1554 3353 Salomone
1575 3300 1607 3354 de
1623 3298 1693 3354 torte
1716 3300 1831 3356 muliere
1855 3302 2064 3371 praedicatur,

386 3404 492 3444 cessum
513 3388 548 3441 ad
574 3386 693 3451 Patrem,
719 3395 746 3443 et
767 3402 843 3457 spem
872 3389 934 3442 rita}
958 3395 1077 3443 aeternae.
1106 3388 1183 3455 Quod
1235 3386 1332 3455 quod«
1354 3385 1790 3456 conlldatirreacorririsui‚et
1808 3390 1905 3461 spoliis
1922 3392 2090 3447 nonin-

386 3481 467 3536 etiam
480 3480 596 3536 nominis
610 3478 668 3549 ejus
684 3481 872 3549 interpretatio
887 3480 1040 3550 exprimere
1054 3480 1159 3536 ridetur
1174 3500 1180 3534 :
1197 3486 1219 3546 c
1236 3477 1336 3549 (ligent,
1351 3479 1413 3547 quia
1429 3479 1547 3533 accinxit
1558 3479 1716 3535 tortitudine
1730 3481 1837 3537 lumbos
1854 3497 1931 3547 snos,
1945 3492 1973 3538 ct
1987 3499 2074 3539 ro·—

387 3574 581 3644 lnterpretatur
608 3574 680 3628 enim
712 3572 836 3629 luachim
874 3572 982 3628 Domini
1014 3574 1181 3629 resurreetio.
1235 3568 2082 3638 boraritbrachiumsuum,fortitudoetdeeorlndumeoae

387 3663 463 3721 Unde
475 3663 533 3734 ipsa
555 3662 663 3720 Veritas
677 3666 703 3718 in
718 3663 865 3735 llmngelio
880 3663 938 3719 ait:
960 3682 969 3714 ι
986 3661 1043 3736 Ego
1058 3677 1118 3718 sum
1140 3678 1184 3719 re-
1234 3668 1290 3715 turn
1302 3662 1371 3733 clus,
1385 3670 1413 3718 et
1427 3662 1526 3718 ridebit
1540 3664 1567 3718 in
1587 3664 1631 3719 die
1646 3665 1793 3721 norissima
1806 3663 2000 3741 (Pramum).
2018 3689 2061 3723 ι

386 3756 519 3812 surrectio
532 3765 560 3810 et
572 3756 644 3822 rita;
666 3756 712 3825 qui
728 3755 815 3810 eredit
829 3755 856 3808 in
869 3768 923 3820 me,
935 3768 989 3809 non
1008 3754 1141 3810 morietur
1154 3754 1183 3808 in
1272 3772 1282 3805 ι
1300 3754 1386 3811 Porro
1400 3765 1490 3810 autem
1512 3757 1649 3821 uniuersa,
1670 3773 1730 3828 quac
1744 3757 1899 3817 lloloiernis
1912 3761 2082 3833 pentae

384 3854 517 3903 aeternum
540 3847 631 3917 (Joun.
659 3845 709 3919 ur).
731 3866 740 3898 r
759 3844 808 3903 llic
830 3860 896 3918 erpo
921 3844 1045 3917 pontifex
1062 3846 1136 3902 reuit
1149 3846 1183 3902 de
1237 3845 1303 3901 «ria
1318 3846 1401 3902 luisse
1426 3847 1539 3919 probata
1558 3856 1630 3912 sunt,
1654 3849 1787 3907 dederant
1804 3848 1900 3909 Judith
1917 3853 1946 3910 in
1964 3868 2074 3911 aurs)

383 3935 534 3995 Jerusalem
555 3937 581 3994 iu
595 3937 759 4005 bethuliam,
782 3955 844 3995 curn
863 3940 896 3995 de
911 3938 988 3995 eoelis
999 3940 1139 3995 descendit
1153 3938 1181 3994 in
1237 3958 1246 3990 r
1267 3948 1292 3993 et
1310 3945 1433 4010 argento,
1450 3947 1477 3993 et
1490 3939 1611 3996 restibus
1625 3949 1653 3995 et
1666 3941 1791 4012 gemmis,
1808 3950 1836 3999 et
1850 3945 1926 4000 omui
1942 3945 2075 4016 supel‘

384 4039 491 4087 uterum
516 4030 640 4103 virginis,
664 4048 698 4087 cx
724 4048 778 4102 qua
799 4047 911 4087 carnem
936 4046 1077 4087 assumens
1101 4032 1182 4087 homo
1238 4048 1247 4081 r
1268 4026 1396 4093 lectili,et
1406 4028 1504 4083 tradita
1514 4038 1578 4084 suut
1590 4028 1629 4085 illi
1642 4031 1895 4103 omniaapopulo.r
1909 4032 1981 4101 Quia
1990 4041 2082 4090 ess

385 4122 592 4195 lactusestpro
613 4125 701 4180 nobis.
728 4124 805 4181 Unde
827 4123 1081 4196 elegitdiseipulos,
1113 4137 1182 4194 quos
1233 4121 1304 4191 qnod
1327 4120 1392 4176 dicit
1418 4121 1554 4183 universa,
1572 4136 1633 4192 que
1646 4121 1794 4192 peculiaria
1815 4119 1930 4180 luerunt
1949 4125 2075 4182 llulo‘

375 4203 442 4285 'ipse
454 4214 623 4271 tratressuos
638 4216 663 4270 in
680 4215 826 4287 Evangelio
839 4216 1005 4279 nominarit;
1022 4217 1067 4286 qui
1083 4216 1181 4273 merito
1233 4210 1329 4277 leruis,
1350 4212 1477 4283 populum
1503 4210 1611 4266 dedisse
1632 4210 1740 4278 Judith;
1767 4212 1819 4268 nisi
1842 4216 1916 4285 quod
1930 4216 2082 4287 quique>

381 4307 533 4377 presbyteri
549 4317 661 4377 propter
685 4307 796 4362 honoris
814 4307 973 4377 dignitatem
993 4318 1021 4361 et
1041 4306 1182 4377 sapientias
1233 4303 1365 4368 fidelium,
1382 4305 1428 4373 qui
1451 4301 1575 4356 militiam
1596 4302 1699 4357 Christi
1717 4312 1826 4375 gerunt,
1841 4303 1977 4379 quidquid
1997 4307 2082 4362 ab)

381 4393 574 4466 perlectionem
591 4397 776 4461 nominantur,
793 4405 823 4450 ut
839 4396 943 4451 rideret
955 4394 1060 4461 Juditlr‚
1078 4404 1107 4449 ut
1118 4412 1180 4465 pro·
1232 4396 1350 4449 hostium
1365 4393 1518 4464 principatu
1530 4392 1571 4448 rel
1582 4393 1748 4463 proprietate
1758 4394 1881 4464 capiunt,
1894 4405 1982 4453 totum
1996 4387 2081 4452 ars!

381 4487 459 4543 haret
469 4487 572 4542 seilicet
586 4487 714 4543 Ecclesiae
739 4504 794 4543 suce
820 4488 899 4542 lldem
920 4498 947 4544 et
968 4487 1177 4545 consessionem.
1232 4484 1336 4539 laudem
1349 4494 1376 4537 et
1390 4484 1508 4538 studium
1523 4492 1624 4539 sauctae
1640 4485 1735 4540 matris
1746 4488 1932 4543 communiter
1949 4490 2081 4562 depu‘

384 4596 394 4630 ι
412 4578 477 4648 Quae
493 4596 553 4635 cum
565 4581 665 4634 exisset
684 4579 717 4634 ad
731 4580 816 4647 illurn,
836 4600 845 4632 r
866 4581 917 4637 hoc
933 4590 985 4647 est,
1009 4582 1179 4638 devotionern
1232 4587 1290 4632 tant
1305 4576 1441 4641 Eccleslae,
1456 4585 1484 4631 et
1506 4577 1540 4631 ad
1555 4585 1679 4632 ornatum
1694 4576 1752 4646 ejus
1774 4579 1945 4648 spiritualem
1968 4597 2030 4637 com

382 4673 479 4728 mentis
492 4690 541 4729 sua
554 4675 623 4729 bona
640 4674 796 4743 operatione
817 4674 983 4742 ostenderet,
1002 4693 1012 4726 ι
1028 4675 1178 4731 benedixe-
1232 4668 1303 4726 lerrc
1321 4667 1462 4735 festinant,
1475 4678 1505 4724 ut
1519 4671 1576 4740 ipsa
1590 4670 1617 4725 in
1631 4686 1697 4727 auro
1711 4670 1850 4743 sapientire
1865 4669 1982 4746 iulgeat,
2002 4676 2078 4729 in

381 4762 529 4817 runtillam
547 4778 642 4817 omnes
656 4779 709 4817 una
736 4780 801 4819 uoce
818 4764 942 4819 dicentes
958 4782 965 4817 :
983 4764 1022 4818 Tu
1037 4764 1121 4836 gloria
1134 4763 1179 4818 Jc-
1231 4762 1318 4817 nitore
1334 4760 1494 4831 eloquentiae
1514 4759 1694 4832 resplendeat,
1714 4763 1742 4817 ιιι
1762 4763 1879 4834 gemmis
1900 4766 2013 4833 pretiosi
2027 4768 2078 4814 5

381 4849 508 4914 rusalem,
527 4858 554 4905 tu
575 4850 668 4906 latitia
694 4849 786 4914 lsrael,
805 4860 832 4903 tu
855 4850 1061 4905 honorificentia
1086 4852 1176 4922 populi
1193 4833 1361 4907 Drlrtutum
1381 4852 1480 4918 radiet,
1492 4859 1518 4907 et
1533 4853 1702 4908 ornamentis
1716 4854 1856 4908 rariacum
1871 4853 2078 4927 discipline*

380 4939 476 4995 nostri.
498 4935 668 4994 ›Benedirit
681 4954 745 5009 ergo
759 4938 908 4992 Ecclesiam
930 4953 1007 4993 suam
1034 4940 1173 5004 Dominus,
1231 4957 1291 4997 rum
1319 4943 1456 4996 induatur.
1483 4941 1581 4998 Tutum
1607 4943 1679 4996 enim
1708 4942 1779 5011 quod
1801 4942 1931 5001 debonis
1947 4947 2017 5001 rcbu
2035 4948 2077 4991 Ξ

381 5046 442 5087 curn
455 5031 672 5103 eamgratiarum
686 5044 798 5084 suarum
810 5029 1036 5099 ubertatercplct,
1049 5040 1077 5086 et
1088 5034 1176 5087 omni·
1229 5045 1370 5101 possessor
1395 5031 1505 5102 iniquus
1530 5031 1627 5102 injuste
1636 5032 1803 5102 possidebat,
1826 5034 1879 5089 hoc
1901 5035 1961 5105 ipsa
1978 5037 2078 5091 rit-e

380 5120 431 5176 bus
447 5121 609 5176 laudabilem
621 5134 681 5175 esse
701 5119 880 5187 demonstrat,
894 5135 944 5190 pro
958 5129 1053 5188 quaet
1072 5120 1106 5175 ad
1122 5120 1172 5175 Pa·
1230 5122 1263 5177 ad
1277 5136 1354 5178 suum
1371 5125 1484 5178 attrahit
1499 5124 1634 5178 decorem.
1651 5123 1728 5180 Unde
1751 5133 1779 5179 ct
1791 5123 1818 5178 in
1834 5124 1930 5182 Exodo
1943 5140 2079 5199 papir

382 5221 451 5268 trem
463 5213 566 5283 gratias
586 5227 669 5284 agens
684 5213 711 5266 ιιι
726 5211 872 5283 Evangelio
898 5213 935 5267 alt
956 5230 963 5264 ι
987 5232 996 5265 ι
1023 5212 1171 5279 Confiteor,
1229 5213 1331 5270 lus'bci
1345 5214 1379 5269 ab
1389 5213 1506 5285 AEgypto
1530 5212 1660 5270 recedens
1676 5214 1812 5270 thesauris
1833 5213 2079 5288 ιἰιῑςῃιιιιιιιιτ-1

382 5300 442 5367 tibi,
457 5302 549 5367 Pater,
564 5302 679 5357 Domine
696 5302 759 5357 coeli
783 5311 811 5356 et
827 5311 915 5370 terrae,
932 5304 995 5374 quia
1009 5305 1175 5362 abscondisti
1229 5315 1342 5360 onustus
1355 5303 1433 5359 ralde
1446 5305 1596 5369 incedebat,
1617 5314 1698 5374 atque
1711 5306 1744 5360 ad
1759 5304 1895 5360 culturam
1908 5304 1968 5371 Dei,
1983 5316 2047 5362 ιι
2065 5321 2080 5336 ·

381 5388 470 5446 hteca
493 5391 661 5459 sapientibus
686 5402 713 5447 et
740 5392 930 5464 prudentibus,
952 5402 979 5447 et
998 5395 1124 5450 revelasti
1143 5411 1175 5451 ea
1229 5397 1422 5466 lrernaculique
1445 5397 1504 5467 ejus
1531 5395 1760 5451 constructionem
1779 5394 1960 5453 indesertuna
1983 5402 2082 5453 se·

381 5480 671 5554 parvulislliattbmr).
686 5482 774 5539 rllinc
784 5492 811 5538 et
821 5498 870 5552 per
881 5484 1173 5543 Salornonemdicltur:
1228 5502 1290 5542 cum
1315 5489 1482 5557 asportabat.
1509 5485 1554 5541 Sic
1568 5494 1595 5541 et
1618 5485 1703 5540 Dauid
1721 5501 1781 5551 rex,
1794 5493 1823 5540 et
1837 5486 1930 5541 oewra'
1948 5486 2082 5556 reg&⁵

383 5593 393 5626 ι
411 5572 594 5629 surrexerunt
610 5574 657 5629 hlii
669 5576 737 5644 ejus,
764 5586 792 5632 et
810 5578 996 5633 beatissimam
1009 5580 1173 5650 praedicare·
1224 5577 1290 5647 justi
1306 5576 1332 5631 in
1344 5576 1441 5632 Vetere
1456 5577 1640 5640 Testamenta,
1652 5590 1712 5647 qnae
1725 5576 1760 5631 ab
1770 5575 1890 5631 hostium
1898 5572 2082 5634 montom

382 5676 460 5733 ruut;
472 5668 514 5722 rir
527 5668 595 5739 rjus,
609 5678 636 5723 ct
654 5669 775 5725 laudarit
787 5687 847 5726 earn
872 5670 962 5738 (Pron.
980 5674 1068 5743 uxr).
1086 5691 1095 5723 ι
1111 5671 1174 5728 Glo
1227 5671 1342 5727 «liversis
1355 5671 1456 5742 praeliis
1470 5671 1613 5736 eruebant,
1627 5670 1661 5726 ad
1676 5670 1857 5725 ministerium
1873 5671 1966 5744 templi
1975 5653 2081 5725 nai

381 5761 421 5816 ria
436 5776 501 5833 ergo
514 5759 664 5817 Jerusalem
685 5773 726 5818 est
742 5774 834 5818 sancta
852 5766 982 5830 Ecclesia,
1000 5767 1062 5835 quia
1078 5768 1111 5822 ad
1123 5782 1174 5823 ιω-
1227 5764 1340 5819 Domino
1364 5766 1570 5821 consecrabant.

381 5850 601 5923 lestempertiuet
613 5854 750 5909 ciuitatem
766 5853 825 5919 Dei,
839 5863 867 5909 et
878 5856 1036 5910 societatem
1049 5865 1075 5909 et
1086 5857 1170 5911 beati·
1266 5865 1327 5920 «Et
1353 5883 1447 5923 omnes
1469 5867 1559 5939 populi
1573 5868 1727 5939 gaudebant
1751 5887 1813 5927 curn
1827 5868 1986 5927 mulieribus
2015 5853 2084 5903 Αἵ

384 5943 503 5999 tudinem
529 5955 686 6002 sanctorum
708 5945 952 6017 angelorumque
971 5946 1174 6011 lecitviriliter,
1231 5974 1239 6007 ι
1258 5957 1407 6029 virginibus
1429 5969 1457 6013 et
1477 5960 1621 6030 jurcmhus
1643 5962 1670 6015 in
1685 5963 1796 6034 organis
1819 5972 1847 6019 et
1865 5962 1987 6017 citharis.
2066 5955 2080 5990 ³

381 6042 475 6089 contra
490 6039 582 6093 mundi
605 6036 752 6110 confligens
765 6037 957 6110 principatum,
977 6041 1175 6098 contemnendo
1227 6048 1321 6105 omnis
1332 6050 1501 6119 populusllci
1518 6052 1550 6107 de
1563 6062 1692 6124 percepta
1709 6054 1822 6113 uictoria
1834 6055 1944 6130 gaudet,
1959 6065 1996 6107 cu
2047 6043 2083 6088 Β
