4709 6767
361 562 428 617 itta
677 561 709 617 B.
730 558 858 616 hnbltlt
877 558 988 615 habnt
1006 557 1167 615 alternae.
1189 558 1344 617 MOGUNT.
1364 558 1508 617 OPERUH
1525 558 1618 617 PARS
1635 560 1655 616 l.
1698 622 1703 630 ,
1934 563 1999 620 idid

359 682 468 747 trpater,
483 672 578 743 Lysias
591 680 618 727 et
629 671 778 743 Philippus,
794 673 890 728 deinde
905 688 970 729 vero
986 673 1146 729 Archelaus.
1162 677 1185 737 Α
1200 674 1311 730 notitias
1337 673 1489 740 imbutae
1511 674 1639 731 maximis
1660 683 1750 732 numm
1776 675 1889 732 colebat
1907 677 2000 735 alletia

357 764 424 823 Post
435 763 594 820 Archelaum
608 778 673 818 rcro
686 762 805 820 llerodes
818 764 954 819 tetrarcha
974 763 1073 820 ludere
1088 780 1152 835 gen-
1203 766 1357 822 Germanici
1371 766 1456 822 illium
1468 765 1575 832 Gaium,
1589 782 1652 822 cnm
1680 767 1767 823 adbuc
1781 777 1855 823 esset
1868 769 1998 837 privatus

359 856 395 914 tis
408 855 493 910 tenuit
515 854 692 924 principatum
706 853 890 924 annisviginti
908 862 1034 924 quatuor,
1051 854 1093 909 cui
1107 854 1152 908 Ti·
1203 856 1322 923 Quodam
1338 864 1429 912 autem
1443 855 1488 911 dic
1512 855 1584 911 irater
1602 855 1741 925 copiosum
1759 855 1907 926 epularum
1923 870 2000 927 appa-

358 948 449 1002 herius
475 946 621 1015 imperatur
644 945 715 1001 hauc
739 946 850 1002 dederat
875 955 1047 1017 potestatem,
1076 947 1152 1017 cujus
1203 956 1302 1013 ratum,
1315 948 1413 1017 quibus
1434 946 1505 1017 apud
1522 946 1648 1002 eumdem
1662 946 1805 1009 edebatur,
1824 946 1859 1001 ad
1877 946 1999 1001 ultimum

357 1052 429 1091 aiano
442 1037 602 1091 duodecimo
614 1036 718 1091 Pilatus
738 1037 765 1090 in
785 1035 876 1091 iudaea
888 1046 1049 1108 procurator
1060 1040 1094 1093 ab
1107 1053 1152 1093 eo·
1202 1038 1319 1093 extentis
1329 1036 1454 1092 manibus
1463 1045 1557 1107 aperte
1570 1037 1655 1108 coepit
1673 1037 1821 1092 bominum
1841 1038 1953 1106 precari
1963 1046 1999 1103 ut,

357 1128 419 1181 dein
431 1128 565 1197 dirigitur,
580 1136 661 1196 atque
678 1128 714 1182 ibi
737 1129 891 1196 perdecem
906 1144 992 1183 auitos
1010 1130 1152 1184 continuos
1202 1126 1327 1181 celeriter
1341 1126 1468 1182 defuneto
1489 1126 1607 1191 Tiberio,
1622 1126 1690 1183 Gaio
1710 1128 1823 1182 daretur
1847 1128 1998 1197 imperium.

357 1219 489 1287 usquead
503 1219 588 1289 ipsum
602 1234 669 1289 poue
683 1219 763 1274 linctu
779 1219 879 1274 'liberii
893 1221 1059 1291 perduravit.
1074 1221 1152 1275 drino
1203 1214 1280 1282 Quod
1295 1231 1356 1270 eum
1368 1214 1478 1270 Tiberio
1489 1215 1642 1269 nuntiatum
1664 1223 1748 1279 esset,
1767 1215 1863 1269 statim
1880 1216 1999 1271 concludi

357 1309 566 1377 quintodecimo
580 1308 678 1363 rinei-tt
701 1309 817 1364 cusu-ts
831 1308 906 1380 (tac.
924 1310 965 1380 ιι),
987 1310 1153 1366 semitae-er
1199 1304 1280 1374 iussit
1294 1305 1451 1376 Agrippam,
1466 1305 1512 1373 qut
1534 1305 1584 1359 sun
1606 1304 1703 1375 granu
1716 1319 1843 1358 aenrmna
1866 1319 1954 1373 usque
1970 1307 2000 1359 al

358 1400 433 1469 regui
450 1398 563 1453 llerudis
588 1400 683 1469 quinto
707 1400 865 1463 deciment
885 1400 1004 1455 historiae
1024 1400 1150 1470 produnt,
1204 1404 1318 1451 mortem
1326 1396 1425 1451 Tiberii
1440 1396 1586 1451 incarcere
1597 1408 1765 1464 permenses
1776 1409 1827 1448 sca
1840 1396 1998 1448 tenebatur:

357 1487 475 1544 loannes
488 1490 559 1543 lilius
582 1489 731 1553 Zachariae,
751 1490 778 1544 iu
798 1490 905 1545 ubscrto
917 1491 994 1560 juxta
1006 1488 1152 1545 Jordanem
1203 1486 1251 1541 sed
1270 1485 1398 1541 defuncto
1416 1500 1450 1540 eo
1462 1493 1523 1555 post
1536 1500 1648 1555 regnum
1668 1499 1804 1538 annorum
1826 1485 1935 1550 docem,
1950 1486 1999 1539 die·

357 1581 467 1635 liurinm
484 1581 643 1651 praedicans,
660 1581 798 1636 Christum
823 1580 921 1636 Filiam
938 1583 984 1636 liei
1010 1583 1036 1636 in
1062 1582 1152 1636 medio
1203 1592 1263 1631 reru
1279 1577 1372 1639 trium,
1382 1576 1530 1631 succedens
1548 1577 1576 1629 in
1591 1575 1733 1644 imperium
1744 1572 1835 1629 Gaius
1850 1574 1944 1629 Cesar
1955 1577 1998 1629 ab·

358 1671 455 1725 horum
469 1685 528 1725 esse
544 1680 678 1726 testatur:
694 1687 775 1741 quern
797 1673 943 1740 praedictus
955 1672 1084 1737 llcrodes,
1100 1672 1154 1728 llo-
1204 1670 1284 1725 solvit
1305 1670 1451 1739 Agrippam
1469 1666 1611 1722 avinculis
1633 1674 1661 1721 et
1684 1666 1870 1721 tetrarchiam
1891 1665 1997 1735 Philippi

358 1760 468 1814 rodiade
482 1775 566 1813 uxore
578 1759 695 1829 Philippi
718 1761 811 1816 iratris
826 1761 867 1815 sui
889 1761 1069 1825 suadentem
1087 1776 1152 1816 cou-
1204 1759 1268 1830 (jam
1280 1758 1352 1813 enim
1368 1759 1418 1813 iste
1438 1756 1603 1829 decesserat)
1616 1756 1643 1811 ei
1663 1755 1777 1810 tradidit
1795 1770 1946 1824 regumque
1957 1772 1998 1825 ap

358 1852 429 1906 vivio
442 1852 475 1906 ob
490 1850 636 1906 saltatricis
657 1851 752 1920 puellae
768 1853 923 1922 petitionem
940 1851 1075 1906 decollare
1093 1851 1153 1920 jus·
1203 1852 1405 1923 pallanteum
1427 1861 1517 1907 autern
1532 1851 1651 1906 venisset
1672 1850 1700 1903 in
1721 1864 1853 1919 regnunt,
1875 1849 2000 1918 Agrippas

358 1940 403 2006 sit,
419 1941 488 1995 sicat
501 1955 607 1994 sacrum
625 1941 799 2011 Evangelium
819 1940 962 1995 nrarrileste
984 1941 1151 1996 dernenstrat
1205 1944 1319 2000 llerodis
1332 1946 1475 2000 tetrarchae
1497 1944 1660 2013 cupiditates
1672 1956 1721 2011 per
1734 1942 1872 1996 insidiam
1893 1942 2001 1996 suscita·

359 2032 467 2105 (Parth.
483 2034 551 2103 arv).
566 2033 625 2103 lpse
649 2048 756 2103 quoque
777 2033 906 2087 Dominus
927 2032 1005 2087 lesus
1028 2033 1152 2089 Christus
1167 2030 1190 2089 lt
1203 2037 1242 2091 vit
1256 2055 1262 2091 :
1276 2037 1402 2092 irritabat
1426 2046 1518 2091 autem
1541 2051 1603 2090 eum
1624 2034 1744 2088 maxime
1770 2034 1800 2087 in
1823 2034 1920 2104 specie
1933 2032 1999 2101 regui

359 2124 422 2180 hinc
441 2126 469 2178 in
483 2125 596 2194 populos
612 2123 757 2179 salutarem
774 2124 843 2177 viam
856 2124 1000 2191 annuntiat
1013 2125 1097 2194 siguis
1111 2134 1152 2179 at·
1203 2124 1317 2180 llerodis
1338 2140 1407 2180 uror
1428 2125 1596 2195 exprobrans
1609 2123 1635 2179 ci
1652 2122 1844 2187 concordiam,
1871 2131 1900 2176 et
1915 2123 2000 2175 dicens

358 2216 567 2284 quevirtutibus
590 2230 655 2269 vera
675 2215 853 2284 corrrprohaus
876 2229 935 2269 esse
959 2231 1019 2284 quae
1034 2215 1149 2271 diceltat.
1203 2214 1265 2283 qnia
1285 2214 1371 2283 perid
1382 2213 1455 2282 quod
1469 2212 1593 2267 noluerat
1606 2212 1640 2266 ad
1653 2210 1794 2267 Caesarem
1817 2212 1947 2283 navigare
1958 2227 1999 2266 ca·

360 2304 528 2360 Similitcret
542 2313 638 2361 octavu
656 2305 762 2360 decimo
777 2319 848 2357 anno
862 2306 1001 2374 utriusque
1016 2307 1152 2376 principa·
1204 2317 1277 2362 reret
1288 2315 1421 2376 potestate
1439 2304 1552 2375 majore.
1564 2305 1631 2359 Nam
1646 2320 1708 2360 cum
1730 2304 1890 2376 Agrippam
1904 2304 1998 2374 espri·

360 2402 404 2449 tus
422 2394 500 2449 Jesns
514 2394 646 2458 Christus,
669 2395 817 2449 seeundum
836 2396 980 2465 prophetas
992 2397 1037 2464 qui
1062 2395 1096 2452 de
1119 2413 1152 2454 eo
1202 2405 1266 2451 vato
1285 2411 1376 2466 regem
1395 2396 1511 2461 lecisset,
1524 2396 1659 2466 quomodo
1671 2396 1816 2450 dubitaret
1829 2395 1908 2449 illurn
1921 2409 1951 2449 er
1966 2407 1998 2449 te·

357 2485 467 2542 lucrant
479 2486 629 2557 praelocuti,
645 2486 678 2541 ad
695 2487 847 2557 passionem
859 2488 949 2542 venit:
965 2490 1010 2543 uhi
1025 2489 1086 2544 huic
1099 2489 1152 2545 lle·
1203 2490 1311 2545 trarcba
1321 2491 1416 2546 codem
1431 2490 1534 2545 honore
1545 2489 1655 2543 donare.
1669 2488 1717 2542 llis
1732 2487 1875 2543 adductus
1889 2486 1996 2541 llcrods

358 2574 415 2630 rodi
427 2590 475 2646 per
485 2574 563 2630 Pilati
575 2575 672 2631 missos
682 2583 870 2645 presentatus,
881 2592 934 2632 uon
950 2576 1002 2634 dle
1016 2589 1149 2649 receptus,
1203 2580 1276 2635 renit
1288 2580 1322 2634 ad
1332 2578 1440 2645 Gaium,
1452 2587 1535 2649 atque
1554 2579 1590 2633 ob
1605 2576 1751 2632 avaritiam
1771 2578 1951 2632 vehementer
1963 2577 1997 2629 in

358 2666 406 2722 scd
429 2681 478 2736 per
496 2665 594 2722 fastum
618 2667 785 2722 mundanum
800 2676 916 2737 spretus,
941 2670 1051 2727 indutus
1076 2682 1152 2729 reste
1203 2679 1329 2740 crepatns
1343 2671 1370 2725 iu
1383 2669 1541 2739 llispaniana
1565 2667 1653 2739 legit:
1671 2676 1787 2723 seentm
1801 2667 1905 2738 qnippe
1917 2665 1997 2720 luent

358 2756 430 2821 ²¹1⁵&
445 2756 543 2810 ilerum
556 2756 685 2812 leffllSSssS
699 2757 785 2813 eiiad
799 2757 925 2823 Pilatum.
944 2775 1023 2830 aquo
1038 2776 1087 2831 pcc
1100 2764 1152 2818 mi·
1168 2778 1171 2783 ⁴
1203 2770 1344 2817 accusator
1364 2760 1507 2831 Agrippas,
1524 2759 1568 2815 cni
1585 2768 1612 2814 et
1635 2758 1817 2813 tetrarchiam
1834 2757 1909 2812 illius
1922 2755 1996 2811 Gaias

357 2842 434 2900 litum
447 2845 564 2902 officium
575 2846 731 2912 cmcilrrus,
745 2849 823 2903 tertia
835 2850 877 2905 die
894 2852 1042 2907 resurrexit
1054 2868 1069 2908 a
1080 2868 1149 2908 mor·
1202 2854 1315 2925 adjecit3
1330 2861 1411 2923 atque
1431 2852 1469 2905 ita
1481 2850 1588 2907 llerode
1604 2850 1702 2919 quippe
1715 2849 1745 2902 in
1769 2846 1906 2919 llispania
1925 2863 1994 2918 perr-

359 2935 423 2991 tuis.
437 2934 529 2991 Refert
542 2945 632 2992 autern
645 2936 736 2991 divina
752 2937 891 3009 Scriptura
903 2941 1020 2997 ¹initium
1034 2957 1151 3016 evange·
1202 2944 1337 3015 grinante,
1353 2957 1446 2998 aecum
1466 2950 1494 2998 et
1515 2956 1584 2996 uror
1599 2939 1732 2995 llerodias
1748 2938 1882 2993 decessit.
1895 2936 1995 2990 Pontius

358 3024 417 3080 licre
429 3025 627 3097 predicationis
640 3043 711 3082 auno
722 3028 827 3084 decimo
840 3031 936 3100 quinto
951 3032 1051 3088 Tiberii
1063 3033 1152 3091 Caesa-
1203 3046 1293 3093 antem
1306 3035 1419 3101 Pilatus,
1434 3048 1533 3104 praeses
1544 3034 1639 3090 eudem
1651 3046 1725 3087 anno
1737 3046 1794 3100 quo
1805 3029 1933 3085 Salratar
1945 3044 1995 3100 pas

358 3116 398 3170 ris
423 3115 575 3183 inchoasse,
590 3126 617 3172 et
639 3118 727 3188 ipsum
739 3117 831 3174 lesum
853 3137 933 3176 ornue
953 3122 1082 3179 doctrinae
1095 3140 1151 3181 snae
1203 3142 1250 3183 sas
1270 3136 1321 3191 est,
1347 3135 1454 3183 secreto
1467 3125 1555 3181 vrocds
1572 3123 1703 3195 imagines
1720 3120 1845 3177 Caesaris
1860 3122 1889 3175 in
1908 3118 1994 3189 templa

359 3213 464 3276 ternpus
487 3207 610 3278 exegisse
631 3209 681 3263 sub
703 3208 875 3279 pontificibus
899 3212 977 3268 duna
990 3223 1018 3269 et
1036 3214 1150 3286 Caipha,
1203 3220 1309 3285 statuit,
1323 3228 1354 3274 ut
1366 3218 1501 3288 tosepnus
1522 3216 1613 3281 tradit,
1626 3222 1654 3270 et
1677 3214 1731 3268 hoc
1746 3212 1848 3283 prinrae
1868 3210 1994 3267 seditionis

358 3309 413 3364 quo
424 3295 527 3351 scilicet
540 3311 612 3351 aurio
626 3299 799 3367 pontificatus
812 3309 933 3373 tempore
951 3304 1094 3375 incipiente
1106 3308 1151 3363 do·
1202 3322 1230 3367 et
1244 3312 1384 3367 turbarum
1399 3311 1510 3365 errdeus
1533 3322 1615 3363 causa
1636 3307 1757 3360 exstitit.
1771 3304 1875 3361 Postea
1887 3319 1948 3359 vero
1960 3318 1994 3357 se

359 3398 422 3441 cere
440 3396 570 3457 coepcrat,
583 3397 610 3443 et
623 3404 707 3459 usque
720 3391 754 3448 ad
768 3392 873 3447 initium
887 3394 995 3465 Caiphae
1009 3382 1187 3467 pertende-C
1202 3416 1279 3458 erum
1292 3402 1459 3466 thesaurum,
1475 3414 1556 3469 quem
1571 3398 1708 3452 corbonan
1734 3394 1825 3451 ludaei
1847 3403 1952 3458 rocaut·
1970 3393 1992 3446 il

241 3545 246 3556 Ι
361 3483 413 3543 rat,
426 3477 453 3531 in
466 3478 565 3547 quitus
578 3482 673 3551 spatiis
691 3482 735 3536 vir
753 3484 801 3537 toti
817 3494 933 3554 quatuor
953 3488 1151 3547 concluduntur
1201 3492 1389 3563 aquaeductum
1413 3488 1642 3559 ierosolymorum
1666 3486 1859 3556 expendens,
1883 3484 1993 3540 secema

359 3568 433 3622 anui.
452 3567 597 3639 Legalibns
611 3587 692 3640 porro
712 3576 852 3644 praecptis
862 3576 917 3645 jorn
929 3593 977 3647 per
997 3580 1062 3636 illud
1085 3591 1151 3638 tem·
1201 3582 1342 3639 seditionis
1351 3580 1468 3651 praebuit
1478 3580 1592 3634 semina.
1605 3576 1732 3632 Sedcum
1742 3575 1992 3631 dechrtstrauorvu

360 3675 412 3731 pus
422 3668 450 3715 et
462 3661 609 3716 ambitione
623 3666 789 3721 cessantibus
802 3682 809 3720 ε
822 3667 886 3722 ualli
899 3670 1000 3741 qnippe
1011 3673 1151 3742 pontifica-
1200 3674 1326 3745 dogmate
1340 3673 1410 3726 idem
1430 3669 1534 3725 Pilatus
1548 3668 1582 3722 ad
1598 3667 1739 3721 Tiberium
1753 3664 1994 3733 relcrretetdeip

360 3762 404 3805 tus
416 3752 518 3807 horrore
530 3750 606 3808 ludar
621 3754 662 3810 rel
674 3757 779 3827 generis
791 3759 891 3814 merito
907 3762 1068 3818 reddebatur
1083 3783 1089 3818 :
1103 3768 1151 3833 sed
1201 3767 1258 3823 sius
1270 3764 1460 3836 liedeuaptoris
1479 3762 1574 3834 gestis,
1595 3759 1722 3831 passione
1747 3773 1781 3813 ac
1801 3756 1993 3813 resurrectione

359 3838 480 3895 huruaua
493 3849 627 3911 potestate
641 3845 702 3901 aliis
714 3863 796 3915 nunc,
809 3848 873 3904 item
888 3851 949 3906 aliis
960 3868 1095 3909 summum
1106 3871 1151 3911 sa-
1200 3859 1290 3927 aliqua
1314 3863 1488 3920 memoraret,
1504 3853 1629 3909 Tiberius
1654 3850 1750 3905 retulit
1774 3852 1810 3904 ad
1837 3859 1958 3905 senatun
1970 3855 1993 3901 rt

359 3930 509 3988 cerdotiurn
529 3939 719 4006 praestabatur,
735 3937 772 3992 ita
792 3942 932 3997 ntaunnis
953 3946 1151 4002 cessationibus
1201 3947 1272 4002 inter
1296 3960 1373 4001 sacra
1399 3952 1496 4000 oetera
1527 3943 1725 4012 reciperentur.
1751 3940 1860 3995 Verum
1884 3956 1942 3995 curu
1964 3952 1991 3990 ea

358 4029 538 4075 tentarentur.
554 4022 673 4094 lienique
686 4024 743 4094 jam
757 4025 827 4083 idem
845 4026 979 4099 losepbns
994 4032 1062 4104 (Lib.
1084 4051 1151 4090 arur
1201 4034 1325 4092 consulto
1339 4041 1447 4104 patrum
1461 4031 1629 4087 Christianos
1643 4028 1783 4083 eliminari
1800 4027 1879 4084 Urbe
1892 4026 1994 4100 placuis-

358 4111 460 4181 dntiq„
474 4127 532 4182 erp.
545 4112 573 4184 l)
590 4113 673 4169 relert
687 4124 803 4185 quatuor
817 4133 866 4189 per
883 4122 1005 4177 ordinem
1018 4126 1151 4194 usquead
1201 4136 1251 4192 set,
1264 4126 1389 4183 'l'rberins
1402 4141 1452 4197 per
1463 4124 1581 4179 edictum
1602 4120 1817 4177 accusatoribus
1832 4122 1994 4177 Christiano·

358 4197 488 4271 Caipham
499 4203 671 4272 pontificatus
687 4205 774 4264 allicio
784 4218 847 4279 post
856 4210 963 4267 Annam
973 4227 1032 4269 csse
1042 4215 1152 4285 periun-
1201 4234 1262 4273 rum
1274 4216 1454 4273 comminatus
1465 4222 1508 4269 est
1520 4222 1645 4278 mortem,
1657 4212 1729 4267 sicut
1743 4212 1846 4268 scribit
1862 4212 1993 4268 Tertullia-

359 4297 428 4357 ctos,
442 4291 484 4347 bis
499 4293 587 4350 verbis
601 4297 742 4354 scribens:
1201 4323 1254 4363 nus
1265 4308 1292 4361 iu
1304 4305 1487 4377 apologetico.
1501 4302 1576 4358 llulti
1590 4309 1751 4357 senatorum
1768 4312 1798 4358 et
1817 4304 1939 4373 equiturn
1949 4302 1994 4356 lio-

395 4380 1153 4466 ValeriusGratns,Arrnasacerdotioperturbato,lsmae-
1202 4415 1343 4455 manorum
1366 4396 1516 4453 abeodem
1538 4392 1683 4449 interlecti.
1711 4393 1800 4470 lgitur
1825 4392 1935 4451 tudens
1952 4405 1993 4463 pm

359 4473 412 4530 lem
425 4478 575 4550 designarit
587 4481 674 4537 illium
686 4482 780 4551 Bassi;
796 4486 845 4541 sed
857 4495 884 4542 et
907 4488 980 4543 bunc
996 4504 1049 4547 uon
1065 4491 1152 4548 multo
1201 4490 1347 4547 commisso
1370 4487 1473 4545 scelere
1494 4486 1561 4544 ultio
1585 4486 1676 4542 diviua
1701 4486 1883 4542 damnabat:
1907 4486 1992 4543 aelel

357 4573 419 4638 post
433 4565 573 4636 abjiciens,
596 4570 768 4639 Eleazarum,
790 4576 875 4631 Annae
896 4578 1032 4650 pontilicis
1052 4579 1151 4650 lilium,
1203 4582 1260 4652 ipse
1270 4580 1382 4647 Pilatus,
1398 4579 1443 4650 qni
1458 4578 1485 4634 in
1497 4577 1665 4633 Salvatorcm
1678 4576 1768 4648 iniqui
1776 4578 1884 4648 judicis
1897 4577 1992 4632 tauers

358 4660 527 4731 pontilicatni
546 4664 711 4735 subrogavit.
733 4666 825 4724 Primo
842 4684 943 4724 anuum
957 4686 1023 4727 vero
1037 4681 1065 4728 et
1078 4674 1150 4729 bunc
1201 4672 1354 4738 olbcioest,
1366 4671 1460 4726 iisdem
1482 4668 1648 4740 temporibus
1669 4666 1733 4723 Gaii
1750 4670 1838 4724 tantis
1853 4683 1886 4723 ac
1908 4668 1991 4726 athas

359 4760 435 4806 arcet
446 4750 543 4819 ollicio,
560 4762 588 4809 et
603 4753 706 4811 Simoni
725 4758 842 4824 cuidam,
854 4759 943 4814 Camsi
960 4760 1024 4827 lllio,
1043 4762 1150 4832 pontili-
1203 4763 1336 4819 malornm
1349 4761 1471 4818 cladibus
1484 4761 1622 4817 cruciatus
1636 4767 1688 4824 cst,
1702 4767 1735 4813 ut
1751 4760 1867 4830 propria
1880 4774 1910 4815 se
1922 4770 1990 4813 mana

358 4848 434 4895 catus
448 4841 558 4896 tradidit
569 4858 677 4911 munus,
690 4860 743 4914 quo
757 4861 812 4901 uon
823 4846 938 4917 amplius
947 4857 975 4904 et
994 4850 1051 4920 ipse
1070 4866 1150 4921 qnam
1203 4854 1438 4910 transverberasse
1451 4860 1478 4906 et
1492 4850 1626 4906 nelariam
1641 4850 1727 4903 vitam
1743 4850 1768 4903 vi
1783 4850 1920 4918 abjecisse
1931 4847 1988 4903 rele-

360 4931 439 4987 unius
457 4933 521 4988 anni
536 4934 623 5005 spatio
644 4935 814 5006 perfunctus,
829 4936 986 5008 losephnm,
1001 4941 1044 4995 cui
1054 4949 1082 4995 et
1093 4939 1152 4995 Cai-
1202 4952 1288 4998 ratur.
1301 4941 1356 4997 Nec
1378 4941 1450 4997 euim
1464 4948 1572 5013 poterat
1588 4938 1655 4994 tanti
1679 4938 1784 5008 piaculi
1809 4941 1935 4996 minister
1950 4939 1989 4992 irr-

358 5022 428 5093 phas
451 5039 549 5078 nomen
569 5024 630 5093 luit,
645 5027 744 5097 accipit
758 5043 952 5085 successorem.
967 5030 1013 5085 Sic
1031 5047 1080 5101 per
1098 5032 1151 5087 bec
1201 5036 1312 5107 punitus
1332 5023 1455 5097 ev'adere,
1476 5032 1547 5087 sicut
1569 5032 1595 5086 iu
1615 5030 1739 5086 historiis
1752 5028 1915 5087 (ir-ecorum
1928 5030 1988 5084 iore

359 5125 439 5168 onane
461 5122 567 5185 tempus
581 5116 653 5185 qnod
666 5115 796 5173 [lominus
815 5128 842 5173 et
867 5117 993 5175 Salvator
1006 5128 1099 5176 nester
1121 5121 1149 5176 in
1201 5128 1302 5193 nimus,
1316 5140 1410 5182 eorum
1428 5125 1561 5180 duntaxat
1572 5124 1619 5195 qni
1630 5122 1806 5194 olympiadas
1827 5124 1988 5188 scribuntet

360 5204 441 5258 terris
450 5203 573 5261 docuisse
583 5207 756 5275 describitur,
772 5209 845 5263 intra
864 5210 1069 5278 quadriennium
1082 5218 1147 5266 teru-
1202 5219 1333 5275 annuales
1349 5234 1439 5275 rerum
1453 5226 1591 5290 gestamm
1605 5217 1689 5273 libros
1710 5218 1745 5272 ad
1759 5219 1931 5289 posteritatis
1943 5229 1987 5270 ate·

359 5296 434 5362 poris
460 5296 557 5364 spatia,
575 5298 603 5352 in
628 5314 683 5369 quo
706 5309 824 5370 quatuor
846 5301 915 5367 istae,
937 5316 1004 5370 quas
1016 5301 1150 5373 losepbus
1202 5312 1315 5367 moriam
1329 5310 1457 5366 condunt.
1468 5309 1586 5380 Agrippa
1596 5317 1685 5363 autem
1700 5316 1729 5363 et
1739 5310 1789 5378 qui
1806 5309 1921 5365 Herodb
1929 5308 1985 5362 tuin

360 5395 503 5453 mertrorat,
517 5391 702 5447 successiones
715 5392 872 5463 pontilicum
893 5394 1092 5461 describuntur,
1104 5397 1149 5451 vix
1201 5400 1358 5469 Aristobuli,
1372 5409 1433 5472 post
1454 5400 1668 5457 interiectionem
1686 5398 1784 5456 lambi
1807 5400 1858 5457 lilii
1868 5398 1983 5459 zebedei.

359 5493 408 5550 per
421 5493 508 5534 annos
529 5480 649 5553 singulos
665 5485 779 5555 quilibet
801 5487 1008 5543 administrarit.
1029 5487 1150 5555 Qualiter
1201 5492 1311 5548 Petrum
1331 5492 1481 5563 apostolum
1501 5492 1577 5547 misit
1594 5492 1622 5547 iu
1641 5506 1784 5547 carcerem
1799 5492 1872 5565 (det.
1895 5492 1949 5564 ru),
1962 5495 1983 5543 tl

359 5582 450 5629 autern
463 5571 583 5630 llerodes
598 5576 732 5632 tetrarcha
752 5592 864 5646 reguum
880 5580 1001 5635 amiserit
1016 5578 1150 5651 losephus
1203 5585 1418 5658 persecutionem
1441 5584 1609 5640 credentium
1632 5583 1659 5637 iu
1684 5582 1831 5639 Christum
1850 5581 1981 5641 excitarit.

358 5669 458 5740 ptulit,
475 5669 586 5727 dicens:
600 5669 733 5726 decusato
744 5670 850 5727 llerode
867 5675 1018 5739 tetrarcha,
1030 5672 1149 5745 Agrippa
1202 5673 1250 5731 sed
1262 5690 1316 5730 non
1334 5673 1480 5745 impunitus
1491 5673 1588 5729 erasit.
1601 5672 1647 5729 Sic
1659 5671 1752 5730 Lucas
1764 5675 1796 5730 in
1809 5676 1920 5731 Actibus
1932 5686 1981 5742 apr

358 5759 429 5815 ilius
452 5758 608 5826 Aristobeli,
622 5774 703 5830 quem
715 5769 792 5831 pater
815 5759 933 5815 llerodes
953 5761 1100 5829 interiecit,
1114 5764 1149 5819 ad
1201 5763 1332 5821 stolorum
1344 5762 1509 5830 manifestat,
1521 5771 1549 5820 et
1561 5762 1696 5836 Iosephus
1708 5767 1737 5820 iu
1751 5782 1822 5822 rvur
1843 5767 1910 5822 libro
1917 5761 1979 5818 dati·

359 5851 496 5908 liberium
507 5852 601 5907 veuit:
618 5850 664 5907 illo
675 5859 766 5906 antem
787 5866 840 5907 non
858 5851 1021 5921 suscipiente
1035 5868 1147 5908 accusa-
1200 5856 1333 5927 quitatum
1349 5865 1553 5922 commemorat,
1565 5856 1612 5926 qui
1629 5856 1664 5911 de
1676 5857 1776 5913 eodem
1790 5859 1845 5915 boc
1865 5856 1979 5913 endor*

362 5940 470 6009 tionem,
484 5942 606 6001 residens
616 5940 709 6000 liomae
724 5941 874 6013 aliquorum
886 5941 994 6014 quidem
1007 5952 1145 6014 potentum
1200 5942 1254 6001 lert
1274 5942 1343 5999 lttt.
1358 5959 1403 6001 ars
1416 5947 1515 6017 Antip,
1532 5962 1589 6015 cop.
1610 5946 1639 6016 8)
1654 5961 1662 6000 a
1676 5946 1817 6017 Tertium,
1839 5950 1978 6021 inquiete
