4709 6767
369 546 424 636 ‘su

821 574 997 632 bottaeus.
1019 575 1052 629 tx
1072 572 1379 629 scelestissimis.
1402 606 1436 614 -
1455 575 1521 630 istit.
1542 577 1583 631 itt.

1967 585 2019 641 812

377 696 403 749 iu
423 695 519 749 itinere
539 692 774 762 oblivisciturquo
790 693 932 754 tendebat,
951 691 987 745 ita
1005 698 1035 745 ut
1052 706 1066 743 a
1081 689 1170 744 studio
1186 692 1208 749 Λ
1224 689 1305 742 rixrnt.
1332 689 1402 755 Quid
1427 691 1499 744 enim
1527 690 1650 753 habeant,
1677 691 1725 761 qui
1749 690 1832 747 Deum
1860 700 2019 766 requirnnt?

376 801 433 841 sace
449 786 633 855 inquisit-ionis
651 785 750 849 alicua,
774 800 806 838 ue
821 785 877 853 ipsa
892 784 1000 853 quidem
1020 799 1080 853 qum
1101 782 1170 850 pati-

376 888 423 933 tur
445 878 542 932 damna
567 876 721 931 consideret
767 882 795 927 ct
828 889 875 944 per
902 882 1003 943 quanta
1031 872 1171 941 delinquat

374 972 492 1044 ignoret.

413 1082 423 1115 r
448 1061 477 1117 Si
497 1064 568 1117 euim
589 1069 698 1114 secutus
721 1056 821 1119 leeris,
843 1074 896 1110 nou
917 1055 1122 1126 apprcireudes;
1142 1060 1169 1106 et

377 1173 389 1207 r
404 1169 460 1210 nou
470 1152 590 1224 eilugirs,
599 1151 620 1205 si
632 1151 817 1220 percurreris.
832 1168 841 1201 r
854 1147 921 1214 eria
932 1163 984 1201 nou
999 1154 1041 1199 cst
1056 1145 1167 1212 inpete

374 1252 445 1301 state
461 1240 618 1311 accipientis
633 1239 679 1293 sed
695 1237 795 1291 dantis.
810 1236 877 1289 Nam
891 1236 912 1289 si
927 1250 976 1305 per
988 1243 1084 1288 aestum
1102 1248 1168 1285 ara·

374 1334 446 1388 ritiar
462 1332 588 1386 incitatus
603 1325 756 1383 exardescit
773 1327 882 1379 divitias
899 1338 1063 1395 aggregare,
1090 1337 1168 1377 seras

373 1424 484 1478 dividas
497 1436 549 1475 non
565 1418 767 1490 apprehendet,
788 1418 849 1470 etsi
867 1416 927 1470 iidei
942 1415 1084 1469 devotione
1100 1429 1168 1483 prae-

373 1524 467 1568 currat
481 1513 611 1566 virtutum
632 1524 713 1579 opera
733 1522 877 1572 exercerc,
896 1515 1093 1576 prosequentur
1105 1520 1167 1559 cum

373 1607 401 1661 iu
415 1605 505 1660 fotura
519 1602 736 1659 remuneratione
749 1616 813 1671 opes
829 1615 961 1669 superum.
977 1599 1057 1653 Juxta
1069 1598 1167 1668 allego-

373 1699 442 1752 riam
457 1706 546 1751 aretem
558 1695 748 1749 baereticorum
763 1700 840 1747 aetus
853 1692 929 1746 multi
942 1699 1015 1756 sunt,
1029 1691 1092 1760 quia
1107 1691 1167 1744 uui·

372 1796 456 1843 tatem
484 1786 546 1841 iidei
572 1794 598 1840 ct
625 1785 748 1840 veritatis
771 1785 904 1838 tramitem
928 1798 1037 1838 serrare
1060 1781 1164 1836 nolunt.

1223 777 1424 849 Subsequitur:
1444 799 1452 830 r
1484 780 1654 849 inquirentes
1676 790 1766 835 alitem
1793 785 1936 841 [termnum
1961 806 2013 847 nou

1222 873 1348 927 deficient
1370 875 1444 927 omni
1470 876 1562 928 bono:
1584 895 1593 926 l
1613 876 1675 944 quia
1698 876 1771 930 nullo
1794 878 1865 931 bono
1886 880 2017 938 deliciunt

1221 953 1265 1034 qui
1279 967 1391 1035 spiritaii
1406 967 1595 1035 pter-barontum
1618 983 1679 1021 nam
1694 984 1756 1022 eum
1772 969 1908 1037 diligimus
1924 974 2019 1030 Domi.

1222 1072 1283 1109 num
1295 1096 1302 1120 ,
1316 1057 1342 1109 in
1357 1057 1415 1126 ipso
1431 1058 1521 1110 omnia
1538 1059 1698 1127 reperimus.
1716 1058 1790 1113 Unus
1805 1064 1904 1130 estqui
1918 1068 2018 1133 ‹pneri-

1221 1156 1274 1210 tur,
1295 1147 1341 1200 sed
1356 1148 1382 1200 iu
1397 1163 1451 1215 quo
1467 1149 1559 1202 omnia
1577 1150 1759 1203 continentur.
1779 1150 1920 1206 Oiuemm
1935 1156 2018 1209 ruira-

1220 1237 1287 1292 biie!
1311 1238 1534 1309 Ocompeudium
1551 1241 1704 1309 singulare!
1718 1243 1773 1297 Cur
1785 1260 1834 1298 nos
1849 1261 1898 1313 per
1908 1247 2015 1304 diversa

1220 1328 1383 1398 fatigemus?
1404 1331 1436 1382 ad
1460 1332 1546 1400 ipsum
1569 1347 1634 1401 ergo
1657 1334 1821 1388 unanimiter
1844 1336 2016 1403 festinemus,

1218 1428 1379 1488 postquem
1403 1431 1500 1475 errncta
1523 1423 1594 1476 boua
1616 1424 1686 1477 ultra
1711 1441 1762 1478 nou
1783 1429 1940 1495 querimus,
1967 1436 2015 1487 sel

1219 1518 1360 1575 terremus,
1382 1513 1453 1566 sicut
1467 1515 1613 1583 Apostolus
1633 1518 1698 1572 dicit
1717 1537 1723 1571 :
1742 1539 1750 1569 r
1767 1521 1873 1576 Sriums
1887 1527 2015 1593 qnoniam

1217 1599 1392 1669 diligentibus
1417 1604 1500 1658 licum
1528 1607 1618 1660 omnia
1649 1620 1830 1678 cooperantur
1861 1614 1888 1666 in
1916 1617 2016 1671 bonnm

1218 1690 1306 1761 (iloor.
1323 1694 1393 1763 xrrr).
1418 1715 1427 1748 r

1256 1801 1265 1832 r
1288 1782 1361 1837 llona
1377 1794 1403 1838 et
1424 1787 1494 1839 maia
1513 1788 1566 1841 rita
1579 1796 1606 1841 ct
1622 1805 1710 1853 mors,
1730 1804 1876 1862 paupertas
1889 1806 1916 1849 ct
1931 1798 2016 1852 bone·

371 1878 452 1934 Unde
466 1887 539 1932 totus
557 1876 633 1931 labor
653 1890 748 1930 eorum
773 1892 859 1932 vanus
882 1885 934 1939 est,
950 1890 1030 1945 quem
1046 1875 1074 1928 in
1088 1875 1165 1943 copia
1221 1890 1229 1921 r
1248 1876 1466 1930 stasalleosunt.
1484 1878 1649 1950 »Legiturin
1660 1881 1728 1936 isaia
1741 1884 1883 1939 bominum
1897 1889 2014 1945 dixisse:

370 1969 515 2023 rhetoricae
528 1975 555 2023 et
572 1967 719 2022 dialectice
739 1967 807 2021 artis
821 1967 961 2022 condendo
978 1966 1069 2035 piures
1083 1966 1165 2020 libros
1220 1981 1229 2012 r
1248 1963 1304 2031 ligo
1325 1965 1470 2032 Dominus,
1486 1977 1513 2022 et
1528 1984 1580 2024 uon
1600 1981 1641 2025 est
1657 1951 1729 2026 alter
1743 1974 1862 2031 inrorans
1878 1979 1964 2034 iucem
1986 1991 2015 2037 rt

369 2060 542 2131 expcnduut;
558 2074 607 2114 nee
627 2060 761 2114 immunes
776 2067 838 2113 sunt
856 2074 871 2112 a
894 2058 1003 2122 delicto,
1025 2058 1087 2126 quia
1108 2066 1164 2111 tota
1180 2041 1202 2099 Β
1216 2069 1313 2110 creans
1337 2059 1473 2123 tenebras,
1499 2060 1601 2116 triciens
1623 2077 1718 2132 pacem
1739 2076 1766 2120 et
1788 2082 1884 2124 creans
1901 2072 2013 2127 malam.

369 2150 512 2206 meditatio
523 2165 616 2205 corum
627 2158 669 2204 est
683 2149 709 2204 in
721 2149 791 2203 dolo.
806 2148 874 2202 ilinc
885 2157 912 2202 et
927 2148 1106 2203 Ecclesiastes
1116 2162 1165 2202 nos

370 2245 517 2308 admonet,
535 2242 628 2297 diceus
650 2257 657 2296 :
679 2260 688 2293 r
706 2242 755 2296 Fili
771 2241 825 2306 mi,
845 2256 910 2295 care
923 2257 956 2295 ne
970 2240 1055 2296 iacias
1067 2241 1165 2295 multos

369 2334 696 2407 iibroS,quibusuo:1est
717 2337 799 2397 linis,
817 2355 826 2385 i
842 2344 868 2390 et
888 2325 991 2404 reliqua
1005 2335 1170 2411 (Ecclesia).

369 2428 455 2484 iioris
469 2437 511 2483 est
531 2427 751 2497 scripturarum,
768 2428 891 2495 quamvis
909 2427 1000 2496 piures
1020 2425 1118 2491 libros,
1141 2426 1163 2481 si

368 2522 441 2576 inter
454 2534 484 2575 se
503 2534 556 2574 non
577 2518 753 2586 discrepent,
774 2527 801 2572 et
815 2518 848 2571 de
862 2518 958 2572 eadem
980 2532 1009 2572 re
1031 2518 1162 2582 scribant,

367 2628 452 2666 unum
465 2610 591 2666 volumen
603 2609 705 2664 dicere.
720 2607 787 2662 Nam
801 2618 828 2662 et
840 2609 965 2663 columen
979 2608 1006 2662 in
1017 2608 1094 2663 isaiae
1106 2624 1164 2663 scr-

365 2718 449 2757 mone
462 2702 597 2773 sigrxatum
617 2709 658 2755 cst
673 2700 761 2754 ourrris
774 2698 916 2769 Scriptura
931 2699 994 2764 Dci;
1008 2707 1036 2753 et
1048 2715 1102 2754 uno
1116 2715 1162 2752 ca-

364 2789 454 2860 pitulo
468 2790 528 2845 iibri
542 2790 667 2846 Ezechiel
679 2788 845 2860 loannisquc
857 2797 1013 2844 nectuntur.
1038 2789 1164 2845 Salvator·

364 2898 476 2952 quoque
488 2882 608 2938 orciniam
624 2890 698 2937 retro
710 2891 866 2936 sanctorum
888 2880 1001 2936 vocibus
1016 2884 1163 2951 propbeta·

366 2972 493 3027 tusait:
519 2991 528 3023 r
551 2974 579 3027 ln
603 2973 692 3044 capite
714 2972 775 3027 libri
802 2972 931 3042 scriptum
953 2982 994 3028 est
1013 2974 1047 3028 de
1070 2989 1123 3028 me.
1150 2994 1159 3025 r

363 3062 447 3118 iuxta
461 3063 533 3118 bunc
548 3064 630 3134 igitur
648 3077 756 3119 sensum
777 3064 894 3118 arbitror
909 3080 980 3118 nune
997 3074 1162 3134 praeceptum

365 3176 401 3215 oe
418 3160 508 3230 piures
522 3160 583 3216 libri
605 3160 680 3215 liant.
695 3159 830 3230 Quidquid
857 3160 928 3215 enim
951 3161 1062 3227 dixeris,
1086 3161 1107 3216 si
1127 3160 1160 3215 ad

364 3268 430 3307 cunr
450 3251 595 3318 reseratur,
610 3252 656 3322 qui
679 3252 706 3307 in
738 3252 872 3321 principio
897 3262 955 3306 erat
980 3252 1049 3320 apud
1076 3252 1159 3306 Deum

364 3343 439 3398 Deus
457 3339 586 3407 Verbum,
598 3358 682 3397 unum
694 3342 818 3396 roiumeu
834 3351 885 3407 est,
906 3353 934 3397 et
948 3342 1159 3397 innumerabiles

1217 2144 1273 2212 ligo
1289 2145 1421 2203 iionrinus
1437 2149 1540 2206 iaciens
1555 2154 1646 2207 omnia
1664 2156 1722 2210 baec
1736 2155 1804 2227 (lm.
1819 2158 1892 2226 xcxi.
1912 2181 1921 2212 r
1939 2162 2015 2217 Unde

1216 2235 1348 2301 quaeritur
1363 2239 1498 2306 quomodo
1516 2241 1586 2294 bona
1601 2254 1628 2297 et
1641 2245 1711 2298 mala
1728 2261 1742 2298 a
1760 2249 1815 2302 ileo
1829 2250 1904 2315 sint,
1920 2260 1947 2305 et
1959 2253 2014 2306 rita

1215 2333 1242 2376 ct
1259 2326 1349 2379 niens?
1363 2341 1424 2381 cum
1443 2327 1584 2398 Scriptura
1601 2333 1695 2387 dicat:
1715 2354 1724 2386 r
1745 2337 1816 2391 Vidit
1831 2340 1900 2393 ileos
1917 2351 2014 2397 cuncta

1215 2429 1275 2483 quit
1287 2414 1365 2480 iecit,
1382 2426 1409 2471 et
1421 2428 1500 2473 crant
1514 2420 1591 2475 valde
1608 2421 1679 2475 berra
1694 2423 1769 2493 (Gen.
1792 2425 1822 2497 ι).
1841 2447 1850 2478 r
1875 2429 1909 2482 Et
1924 2431 1986 2484 alet
2004 2449 2011 2484 :

1219 2525 1228 2558 r
1249 2507 1320 2562 Deus
1336 2518 1454 2564 mortem
1470 2528 1524 2566 uon
1539 2512 1613 2579 feeit,
1631 2530 1682 2570 nec
1696 2516 1803 2571 laetatur
1818 2520 1844 2574 in
1861 2522 2012 2589 perditione

1215 2601 1387 2656 morientium
1403 2602 1478 2673 (Sap.
1496 2605 1527 2675 r).
1546 2604 1599 2661 Sed
1611 2609 1689 2677 juxta
1705 2613 1927 2680 consequentiam
1940 2616 2014 2684 prio·

1216 2707 1276 2747 rum
1291 2693 1334 2747 bie
1346 2693 1520 2765 intelligimus
1533 2698 1604 2750 bona
1617 2713 1666 2767 pro
1678 2703 1825 2768 prosperis,
1841 2712 1868 2756 et
1881 2705 1950 2757 nraia
1962 2722 2012 2774 pro

1215 2786 1338 2840 adrensis
1358 2789 1464 2856 posita;
1482 2789 1608 2844 similiter
1622 2792 1704 2844 xitarn
1720 2793 1833 2847 salutem
1852 2806 1879 2849 et
1896 2807 2011 2851 mortem

1214 2878 1354 2931 interitum
1376 2879 1466 2934 caruis
1490 2881 1670 2951 significasse.
1694 2884 1752 2938 b'on
1770 2887 1843 2939 euim
1866 2888 1936 2942 Deus
1961 2890 2013 2944 alia

1214 2966 1281 3022 iecit
1291 2969 1343 3023 nisi
1361 2970 1430 3024 bona
1442 2988 1449 3035 ;
1470 2973 1517 3025 scd
1538 2980 1626 3027 tanren
1639 2973 1711 3042 justo
1722 2976 1825 3044 judicio
1839 2994 1887 3031 sun
1899 2996 2012 3049 peccau-

1216 3062 1288 3116 tibus
1310 3062 1454 3130 proxeuire
1477 3066 1611 3133 permittit
1633 3068 1758 3122 adversa.
1777 3069 1854 3124 facit
1872 3087 1938 3142 ergo
1957 3076 2013 3142 ipse

1215 3153 1286 3209 licus
1301 3172 1344 3210 res
1362 3158 1433 3211 intra
1452 3173 1481 3210 se
1497 3161 1658 3223 contrarias,
1674 3161 1763 3216 iucem
1776 3173 1803 3216 et
1819 3166 1965 3230 tenebras,
1983 3168 2010 3220 id

1214 3256 1264 3311 cst,
1292 3248 1362 3303 diem
1390 3257 1418 3301 et
1440 3257 1557 3313 noctem,
1583 3266 1677 3319 pacem
1697 3261 1725 3306 et
1748 3253 1859 3317 malum,
1884 3256 1934 3309 boc
1957 3265 2008 3322 cst,

1214 3339 1297 3393 otium
1312 3346 1340 3393 et
1353 3337 1463 3392 bellum.
1483 3338 1535 3392 Per
1549 3355 1608 3408 qum
1622 3342 1757 3410 signiiirat
1772 3343 1868 3396 iratum
1885 3361 1913 3399 sc
1929 3346 2011 3400 inisse

364 3433 445 3500 iibri,
460 3449 512 3488 una
527 3434 590 3498 lex,
607 3450 689 3488 mmm
708 3434 894 3506 Euangelium.
911 3435 988 3501 Quod
1009 3437 1031 3491 si
1053 3437 1159 3491 diversa
1174 3401 1197 3463 C
1215 3429 1312 3499 populo
1335 3444 1393 3492 suo,
1415 3430 1524 3498 quaudo
1547 3432 1672 3485 tenebras
1691 3434 1865 3501 captivitatis,
1886 3435 2010 3505 rrmlaque

363 3524 551 3595 discrepantia
574 3523 765 3594 disputaveris,
787 3533 815 3580 et
836 3526 995 3581 curiositate
1010 3526 1093 3580 nimia
1107 3528 1160 3582 ime

363 3623 449 3683 atque
469 3613 533 3667 iiiuc
555 3613 673 3668 animum
694 3614 854 3680 adduxeris,
879 3616 960 3668 etiam
978 3616 1004 3670 in
1020 3632 1072 3671 uno
1091 3616 1160 3671 libro

363 3701 442 3758 multi
459 3703 520 3757 libri
547 3714 620 3758 sunt.
647 3703 723 3759 liude
744 3705 901 3761 dictumest
922 3724 928 3758 :
948 3723 957 3757 r
975 3705 1014 3760 Ex
1039 3706 1160 3761 multilo-

362 3794 430 3866 quio
444 3809 498 3849 non
513 3792 624 3868 edrrgies
641 3803 780 3866 peccatum
794 3795 884 3868 (l’rou.
903 3794 941 3867 x).
961 3816 970 3848 x
991 3795 1160 3869 Talibusigi-

363 3894 410 3939 tur
425 3883 504 3940 libris
516 3900 569 3941 non
581 3894 623 3940 est
637 3886 708 3940 bnis.
725 3886 827 3941 Borrum
842 3888 915 3941 enim
936 3902 1016 3943 omne
1031 3896 1059 3943 et
1072 3887 1160 3943 omnis

362 3976 468 4031 veritas
481 3987 557 4031 certo
576 3976 629 4030 line
647 3976 818 4031 concluditur
834 3994 840 4030 :
857 3977 960 4032 malitia
980 3986 1062 4048 atque
1081 3994 1159 4034 ruen-

360 4069 473 4123 dacium
492 4069 551 4123 sine
568 4068 620 4124 bne
635 4077 708 4133 sunt,
728 4076 756 4123 et
776 4069 953 4138 quantoplus
972 4070 1159 4139 requiruntur,

360 4167 442 4215 tanto
455 4159 542 4231 major
555 4175 648 4215 corum
664 4160 748 4214 series
762 4159 894 4215 nascitur.

401 4268 412 4299 ι
433 4249 481 4303 Est
491 4249 572 4303 bomo
587 4249 714 4303 laborans
722 4258 749 4303 et
762 4247 894 4303 testinans
906 4256 934 4302 et
946 4249 1038 4304 dolens
1051 4249 1159 4319 impios,

363 4361 374 4392 r
393 4350 423 4395 et
439 4349 516 4394 tauto
536 4340 620 4409 magis
632 4356 684 4394 unu
700 4340 837 4406 abundat;
859 4352 900 4396 est
915 4341 997 4396 borno
1010 4342 1158 4406 marcidus,

1212 3520 1339 3574 sustinuit
1350 3520 1498 3584 servitutis,
1514 3529 1541 3573 ct
1556 3536 1662 3575 rursum
1680 3522 1831 3586 misertum,
1844 3525 1953 3591 qnamio
1968 3541 2009 3580 xe·

1212 3610 1286 3664 missi
1299 3611 1325 3664 iu
1337 3610 1454 3679 patriam
1465 3626 1559 3680 pacem
1575 3620 1602 3666 et
1615 3611 1741 3681 prndium
1753 3624 1922 3683 receperunt.
1936 3615 2009 3680 Quo-

1211 3702 1291 3756 modo
1304 3700 1356 3755 iuei
1375 3703 1519 3756 contrariae
1536 3704 1742 3767 tenebraesunt,
1767 3705 1803 3758 ita
1823 3706 1881 3775 paci
1897 3714 2009 3760 coutra-

1211 3793 1282 3848 rium
1297 3800 1339 3847 est
1350 3792 1462 3847 bellum.
1478 3793 1555 3849 Unde
1572 3801 1598 3847 et
1611 3795 1786 3849 contunditur
1806 3795 1928 3858 basresis,
1948 3812 2008 3864 qum

1210 3886 1344 3941 maiorum
1370 3886 1520 3941 arbitratur
1546 3886 1714 3940 conditorem
1737 3886 1821 3939 licum
1847 3904 1853 3939 :
1883 3902 1944 3942 curn
1966 3888 2010 3941 bic

1212 3978 1312 4034 maium
1328 3994 1381 4034 uon
1397 3978 1565 4034 eontrarium
1580 3978 1661 4040 bono,
1674 3977 1720 4031 scd
1735 3993 1784 4047 pro
1796 3977 1941 4032 alilictione
1955 3993 2004 4047 po·

1212 4079 1293 4126 natur
1312 4080 1339 4125 et
1361 4071 1442 4135 bello,
1468 4071 1616 4126 secundum
1641 4069 1707 4124 iliud
1721 4070 1793 4139 quod
1814 4070 1840 4123 iu
1862 4070 2008 4140 Evangelio

1211 4162 1411 4231 scriptumest:
1425 4179 1434 4211 r
1450 4159 1555 4215 Subicit
1567 4161 1620 4215 dici
1631 4159 1734 4214 malitia
1748 4176 1796 4215 sua
1806 4161 1914 4230 (lietttr.
1930 4162 1977 4231 rr),
1996 4181 2005 4214 r

1212 4252 1259 4309 sed
1283 4267 1345 4308 eum
1370 4251 1428 4306 bec
1453 4250 1490 4306 ita
1517 4266 1546 4306 se
1563 4252 1696 4316 babeant,
1718 4251 1858 4306 rideamus
1880 4252 1945 4321 quid
1968 4270 2010 4308 se-

1212 4341 1313 4411 quitur.

363 4452 373 4484 a
393 4447 479 4504 egeus
502 4434 721 4503 recuperatione,
747 4433 807 4503 plus
831 4433 960 4489 deficiens
987 4435 1105 4499 rix-tute,
1133 4443 1162 4490 et
1250 4451 1259 4484 r
1278 4432 1370 4498 ilatio,
1384 4432 1483 4504 rnquit,
1500 4432 1547 4486 liei
1561 4439 1702 4502 permanet
1716 4431 1813 4499 justis,
1827 4443 1853 4487 et
1869 4433 2007 4502 proiectus

363 4546 372 4575 ι
393 4523 537 4578 abundans
557 4532 714 4594 paupertate
730 4541 736 4577 :
752 4531 780 4578 et
799 4524 893 4579 oculus
913 4525 1018 4579 bonrini
1040 4525 1161 4595 respexit
1215 4524 1315 4579 «iliius
1330 4539 1472 4579 successus
1492 4524 1605 4578 babebit
1620 4524 1646 4578 in
1662 4531 1804 4578 aeternum.
1827 4523 1925 4578 »Solis
1941 4539 2006 4593 crgo

362 4635 373 4666 ι
394 4614 471 4669 iilum
486 4615 613 4681 inbono,
629 4625 656 4670 et
667 4615 755 4670 erexit
766 4614 840 4670 iilum
852 4616 886 4670 ab
899 4615 1053 4671 bumilitate
1063 4616 1160 4687 ipsius,
1209 4614 1300 4685 justis,
1317 4615 1369 4670 boc
1381 4624 1433 4679 est,
1452 4614 1577 4670 tidelibus
1593 4624 1620 4669 ct
1636 4614 1721 4669 mum
1736 4613 1894 4669 timentibus
1907 4614 2007 4668 donum

362 4725 373 4757 r
393 4713 423 4760 et
434 4704 564 4759 exaltarit
576 4714 657 4775 caput
669 4705 738 4776 ejus,
750 4713 778 4761 et
791 4705 882 4760 mirati
894 4716 958 4761 suut
969 4707 996 4760 in
1013 4706 1057 4763 iilo
1070 4707 1159 4774 inuiti,
1213 4714 1349 4776 perpetuae
1374 4705 1442 4760 iucis
1464 4714 1604 4771 serrator,
1630 4711 1658 4760 et
1682 4705 1710 4758 iu
1733 4702 1856 4775 proiectu
1877 4704 2007 4759 virtutum

363 4818 373 4851 a
394 4806 422 4853 et
438 4798 640 4854 honoraverunt
653 4799 806 4853 bominum.
824 4818 833 4850 r
850 4797 903 4852 iste
917 4797 992 4854 locus
1006 4798 1159 4855 Cirristiaua
1214 4798 1384 4854 arrrbulantes
1405 4797 1547 4866 multipiici
1569 4797 1695 4852 mercede
1713 4796 1740 4851 iu
1763 4805 1896 4851 aeternum
1917 4811 2008 4850 rcum-

359 4891 452 4964 magis
470 4891 598 4960 exprimit
614 4900 751 4961 tempora,
768 4891 794 4945 in
814 4890 912 4961 quibus
930 4890 968 4944 ilii
986 4892 1031 4960 qui
1048 4907 1161 4961 pauper·
1214 4900 1356 4945 occantur.

359 4991 448 5037 tatem
463 4980 642 5036 voluntariam
655 4990 804 5047 scetantur,
818 4982 905 5052 magis
917 4982 1055 5037 abundant
1070 4982 1158 5036 omni·
1252 5001 1261 5032 r
1280 4981 1326 5036 Est
1344 4981 1389 5050 qui
1403 4979 1583 5049 locupletatur
1596 4994 1678 5050 parce
1693 4978 1812 5049 agendo,
1828 4988 1855 5031 et
1872 4978 1930 5031 baee
1943 4993 2006 5046 pars

358 5074 413 5127 bus
427 5071 517 5134 bonis,
531 5086 611 5142 quam
629 5072 665 5126 iiii
682 5074 727 5141 qui
742 5082 849 5127 certant
864 5072 890 5126 iu
906 5072 1078 5142 acquirendis
1092 5088 1158 5143 quo·
1216 5095 1225 5125 r
1244 5074 1377 5128 mercedis
1398 5072 1470 5126 iliius
1491 5072 1517 5125 in
1541 5086 1574 5126 eo
1589 5070 1661 5141 quod
1675 5071 1758 5134 dicit,
1778 5070 1869 5124 lmeni
1884 5068 2005 5137 requiem

359 5164 428 5219 tidie
445 5164 561 5219 terrenis
573 5164 684 5219 divitiis.
700 5165 776 5231 Quod
789 5174 816 5219 et
829 5162 973 5220 Psalmista
990 5166 1016 5219 in
1029 5182 1082 5221 uno
1096 5182 1158 5220 rer·
1216 5184 1225 5214 r
1244 5164 1329 5227 mibi;
1346 5173 1373 5216 et
1388 5178 1459 5216 ouue
1474 5160 1643 5216 manducabo
1657 5162 1689 5216 de
1703 5159 1780 5214 bonis
1792 5161 1859 5214 meis
1870 5159 1953 5213 solus.
1972 5160 2005 5212 lit

358 5255 449 5312 siculo
461 5255 583 5311 breviter
594 5257 738 5327 expressit,
757 5258 868 5313 dicens:
888 5278 897 5309 ι
914 5257 1016 5314 Dixites
1028 5270 1161 5329 egrrerunt
1215 5272 1224 5302 ι
1243 5253 1330 5307 nescit
1346 5253 1417 5321 quod
1429 5262 1534 5320 tempus
1551 5261 1704 5321 qiraetcreat,
1725 5260 1751 5305 ct
1768 5266 1841 5304 mors
1858 5253 2005 5321 appropin-

357 5347 564 5410 etesurieront,
580 5348 747 5418 inquirentes
761 5358 850 5404 autem
862 5349 1006 5403 Dominum
1024 5365 1077 5403 nou
1094 5349 1159 5404 deii·
1215 5364 1223 5394 r
1241 5353 1315 5412 quet,
1331 5352 1358 5396 et
1374 5343 1608 5412 relinquatomuia
1622 5343 1691 5397 aliis.
1712 5362 1721 5395 x
1740 5343 1788 5397 liis
1800 5342 1899 5396 similia
1911 5342 2005 5396 Saba·

358 5438 435 5491 cient
457 5437 530 5491 omni
547 5436 617 5493 bouo
639 5438 726 5510 (Psoi.
749 5438 857 5510 xxxur).
885 5459 894 5491 x
913 5440 1056 5493 Terrarum
1072 5416 1196 5508 sirpo-⁹⁶
1213 5445 1254 5489 tor
1270 5436 1295 5488 iu
1313 5435 1472 5506 Exurgeliea
1489 5436 1618 5505 parabola
1631 5434 1664 5490 de
1678 5435 1761 5489 diritc
1774 5437 1910 5500 narrarit,
1929 5436 2005 5502 ceps

358 5529 422 5584 dem
444 5527 554 5593 divites,
572 5536 599 5583 et
613 5544 745 5599 pauperes
761 5529 874 5596 Cirristi,
897 5530 1039 5600 rrraguidra
1054 5541 1159 5586 contra·
1212 5542 1277 5598 ager
1290 5529 1387 5584 uberes
1399 5528 1502 5584 tructus
1524 5528 1647 5598 protulit,
1669 5537 1696 5582 rt
1710 5528 1778 5583 dixit
1792 5538 1920 5598 reputans
1933 5529 2004 5595 apat

357 5622 460 5676 rietate
484 5620 618 5675 distinxit.
639 5622 681 5675 dit
705 5624 777 5677 euim
795 5641 828 5676 :r
857 5622 959 5677 liixitcs
979 5634 1110 5694 egererent
1131 5633 1155 5679 et

356 5713 527 5768 esurierunt.
556 5713 696 5780 »Quando
721 5723 801 5786 egent
822 5713 939 5770 divites?
957 5716 1065 5784 quaudo
1077 5715 1156 5769 bdcm

356 5820 413 5859 raon
433 5804 535 5860 babent
548 5815 661 5859 rectam.
679 5806 793 5872 Quando
806 5806 946 5861 esuriunt?
959 5807 1067 5875 quando
1079 5816 1158 5876 pastu

354 5893 484 5965 corporis
499 5892 631 5948 Dominici
647 5895 757 5950 minime
777 5896 922 5950 satiantur.
942 5896 1021 5951 Tales
1034 5911 1097 5967 ergo
1114 5897 1156 5950 di-

354 5986 428 6042 aites
444 5991 536 6057 egerit,
556 5993 583 6039 ct
601 5986 716 6041 saturati
730 5994 840 6053 ventre,
856 5988 952 6058 spiritu
968 6002 1075 6059 semper
1092 6002 1155 6043 esu·
1181 6054 1184 6058 ¹

484 6076 622 6138 Parrus.
645 6076 730 6138 clx.

1210 5637 1258 5675 sc:
1276 5639 1284 5670 r
1308 5621 1450 5675 Destruam
1468 5620 1565 5675 borrca
1581 5635 1664 5684 inea,
1683 5631 1710 5674 et
1730 5619 1828 5673 loriam
1844 5636 1874 5673 ea
1892 5616 2001 5683 riudam,

1210 5720 1237 5765 ct
1251 5711 1339 5765 dicam
1358 5711 1455 5765 aninrac
1471 5726 1537 5765 meae
1554 5732 1559 5762 ;
1575 5709 1690 5774 mxima,
1716 5711 1827 5764 courede
1849 5718 1875 5762 ct
1899 5708 1960 5760 bile
1976 5718 2003 5759 rt

1210 5803 1311 5868 laetare,
1328 5803 1412 5857 babes
1429 5802 1511 5856 multa
1527 5803 1597 5857 bona
1619 5803 1705 5872 posita
1725 5803 1751 5855 iu
1765 5815 1851 5853 annos
1871 5799 2001 5867 plurimas

1210 5897 1284 5967 (Luc.
1303 5897 1363 5966 rur).
1384 5896 1456 5950 »Cui
1472 5895 1535 5949 talia
1552 5894 1681 5965 cogitanti
1696 5892 1835 5962 respondit
1846 5891 1996 5946 Dominus:

1212 6007 1220 6038 r
1239 5986 1336 6052 Stulte,
1353 5968 1496 6041 bacuoetc
1509 5985 1626 6039 animam
1644 5991 1716 6037 tuam
1730 5989 2009 6051 r=epeterxtaru,erquae

1747 6075 1792 6132 <tx
