<?xml version="1.0" encoding="UTF-8"?>
<!DOCTYPE html PUBLIC "-//W3C//DTD XHTML 1.0 Transitional//EN"
    "http://www.w3.org/TR/xhtml1/DTD/xhtml1-transitional.dtd">
<html xmlns="http://www.w3.org/1999/xhtml" xml:lang="en" lang="en">
 <head>
  <title>
</title>
<meta http-equiv="Content-Type" content="text/html;charset=utf-8" />
  <meta name='ocr-system' content='tesseract 3.04.00' />
  <meta name='ocr-capabilities' content='ocr_page ocr_carea ocr_par ocr_line ocrx_word'/>
</head>
<body>
  <div class='ocr_page' id='page_1' title='image "./patrologiaecurs90unkngoog_0108.png"; bbox 0 0 4709 6767; ppageno 0'>
   <div class='ocr_carea' id='block_1_1' title="bbox 342 611 395 671">
    <p class='ocr_par' dir='ltr' id='par_1_1' title="bbox 342 611 395 671">
     <span class='ocr_line' id='line_1_1' title="bbox 342 611 395 671; baseline -0.075 1"><span class='ocrx_word' id='word_1_1' title='bbox 342 611 395 671; x_wconf 74' lang='lat' dir='ltr'>Dii</span> 
     </span>
    </p>
   </div>
   <div class='ocr_carea' id='block_1_2' title="bbox 678 601 1648 662">
    <p class='ocr_par' dir='ltr' id='par_1_2' title="bbox 678 601 1648 662">
     <span class='ocr_line' id='line_1_2' title="bbox 678 601 1648 662; baseline 0 -1"><span class='ocrx_word' id='word_1_2' title='bbox 678 607 709 662; x_wconf 91' lang='lat' dir='ltr'>D.</span> <span class='ocrx_word' id='word_1_3' title='bbox 730 606 854 661; x_wconf 57' lang='lat' dir='ltr'>nathale</span> <span class='ocrx_word' id='word_1_4' title='bbox 875 602 984 661; x_wconf 75' lang='lat' dir='ltr'>‚ttnt&#39;ttt</span> <span class='ocrx_word' id='word_1_5' title='bbox 1005 601 1164 658; x_wconf 71' lang='lat' dir='ltr'>lllllllllll‘.</span> <span class='ocrx_word' id='word_1_6' title='bbox 1186 603 1339 660; x_wconf 68' lang='lat' dir='ltr'>stodeat.</span> <span class='ocrx_word' id='word_1_7' title='bbox 1357 603 1498 661; x_wconf 80' lang='lat' dir='ltr'>OPElthl</span> <span class='ocrx_word' id='word_1_8' title='bbox 1518 604 1608 661; x_wconf 73' lang='lat' dir='ltr'>Plus</span> <span class='ocrx_word' id='word_1_9' title='bbox 1627 605 1648 661; x_wconf 86' lang='lat' dir='ltr'>l.</span> 
     </span>
    </p>
   </div>
   <div class='ocr_carea' id='block_1_3' title="bbox 1916 603 1971 661">
    <p class='ocr_par' dir='ltr' id='par_1_3' title="bbox 1916 603 1971 661">
     <span class='ocr_line' id='line_1_3' title="bbox 1916 603 1971 661; baseline 0.018 -1"><span class='ocrx_word' id='word_1_10' title='bbox 1916 603 1971 661; x_wconf 78' lang='grc'>208</span> 
     </span>
    </p>
   </div>
   <div class='ocr_carea' id='block_1_4' title="bbox 338 717 1976 795">
    <p class='ocr_par' dir='ltr' id='par_1_4' title="bbox 338 717 1976 795">
     <span class='ocr_line' id='line_1_4' title="bbox 338 717 1976 795; baseline -0.007 -8"><span class='ocrx_word' id='word_1_11' title='bbox 338 731 430 786; x_wconf 87' lang='lat' dir='ltr'>lruetu</span> <span class='ocrx_word' id='word_1_12' title='bbox 454 730 592 795; x_wconf 83' lang='lat' dir='ltr'>expertem</span> <span class='ocrx_word' id='word_1_13' title='bbox 619 722 742 786; x_wconf 86' lang='lat' dir='ltr'>docebat,</span> <span class='ocrx_word' id='word_1_14' title='bbox 769 721 855 774; x_wconf 76' lang='lat' dir='ltr'>detrec</span> <span class='ocrx_word' id='word_1_15' title='bbox 879 718 1025 772; x_wconf 78' lang='lat' dir='ltr'>adueniens</span> <span class='ocrx_word' id='word_1_16' title='bbox 1039 732 1130 772; x_wconf 84' lang='lat' dir='ltr'>sermo</span> <span class='ocrx_word' id='word_1_17' title='bbox 1144 722 1171 779; x_wconf 81' lang='grc' dir='ltr'><strong>Α</strong></span> <span class='ocrx_word' id='word_1_18' title='bbox 1184 726 1239 783; x_wconf 91' lang='lat' dir='ltr'>tur,</span> <span class='ocrx_word' id='word_1_19' title='bbox 1255 717 1331 787; x_wconf 85' lang='lat' dir='ltr'>quasi</span> <span class='ocrx_word' id='word_1_20' title='bbox 1345 718 1401 787; x_wconf 89' lang='lat' dir='ltr'>ipse</span> <span class='ocrx_word' id='word_1_21' title='bbox 1415 728 1487 773; x_wconf 81' lang='lat' dir='ltr'>esset</span> <span class='ocrx_word' id='word_1_22' title='bbox 1505 735 1586 774; x_wconf 88' lang='lat' dir='ltr'>eausa</span> <span class='ocrx_word' id='word_1_23' title='bbox 1609 718 1807 774; x_wconf 75' lang='lat' dir='ltr'>intersectionis</span> <span class='ocrx_word' id='word_1_24' title='bbox 1822 721 1913 790; x_wconf 89' lang='lat' dir='ltr'>populi</span> <span class='ocrx_word' id='word_1_25' title='bbox 1928 719 1976 776; x_wconf 85' lang='lat' dir='ltr'>Ju-</span> 
     </span>
    </p>
   </div>
   <div class='ocr_carea' id='block_1_5' title="bbox 338 807 1135 1702">
    <p class='ocr_par' dir='ltr' id='par_1_5' title="bbox 338 807 1135 1702">
     <span class='ocr_line' id='line_1_5' title="bbox 344 807 1133 893; baseline -0.022 -15"><span class='ocrx_word' id='word_1_26' title='bbox 344 818 532 893; x_wconf 87' lang='lat' dir='ltr'>prophcticus,</span> <span class='ocrx_word' id='word_1_27' title='bbox 557 815 602 885; x_wconf 86' lang='lat' dir='ltr'>qtri</span> <span class='ocrx_word' id='word_1_28' title='bbox 620 812 758 867; x_wconf 83' lang='lat' dir='ltr'>exsiccato</span> <span class='ocrx_word' id='word_1_29' title='bbox 779 810 877 863; x_wconf 86' lang='lat' dir='ltr'>rellcre</span> <span class='ocrx_word' id='word_1_30' title='bbox 890 807 1008 872; x_wconf 72' lang='lat' dir='ltr'>Israelis,</span> <span class='ocrx_word' id='word_1_31' title='bbox 1027 816 1057 861; x_wconf 91' lang='lat' dir='ltr'>ut</span> <span class='ocrx_word' id='word_1_32' title='bbox 1071 815 1133 876; x_wconf 92' lang='lat' dir='ltr'>pote</span> 
     </span>
     <span class='ocr_line' id='line_1_6' title="bbox 339 895 1134 978; baseline -0.025 -9"><span class='ocrx_word' id='word_1_33' title='bbox 339 915 432 969; x_wconf 85' lang='lat' dir='ltr'>clausa</span> <span class='ocrx_word' id='word_1_34' title='bbox 442 908 502 965; x_wconf 83' lang='lat' dir='ltr'>coeli</span> <span class='ocrx_word' id='word_1_35' title='bbox 515 908 598 978; x_wconf 84' lang='lat' dir='ltr'>janua</span> <span class='ocrx_word' id='word_1_36' title='bbox 612 903 686 976; x_wconf 76' lang='lat' dir='ltr'>(dard.</span> <span class='ocrx_word' id='word_1_37' title='bbox 698 902 746 975; x_wconf 77' lang='lat' dir='ltr'>tu),</span> <span class='ocrx_word' id='word_1_38' title='bbox 761 900 832 954; x_wconf 75' lang='lat' dir='ltr'>farne</span> <span class='ocrx_word' id='word_1_39' title='bbox 843 898 1079 971; x_wconf 77' lang='lat' dir='ltr'>periclitabaturiu</span> <span class='ocrx_word' id='word_1_40' title='bbox 1088 895 1134 950; x_wconf 86' lang='lat' dir='ltr'>Ju-</span> 
     </span>
     <span class='ocr_line' id='line_1_7' title="bbox 338 990 1135 1070; baseline -0.023 -13"><span class='ocrx_word' id='word_1_41' title='bbox 338 1003 408 1067; x_wconf 80' lang='lat' dir='ltr'>daea,</span> <span class='ocrx_word' id='word_1_42' title='bbox 433 1004 594 1070; x_wconf 87' lang='lat' dir='ltr'>pasceretur</span> <span class='ocrx_word' id='word_1_43' title='bbox 607 994 643 1048; x_wconf 92' lang='lat' dir='ltr'>ihi</span> <span class='ocrx_word' id='word_1_44' title='bbox 672 990 751 1046; x_wconf 82' lang='grc' dir='ltr'><strong>εἰιιιιιι</strong></span> <span class='ocrx_word' id='word_1_45' title='bbox 772 998 799 1044; x_wconf 82' lang='grc' dir='ltr'>ει</span> <span class='ocrx_word' id='word_1_46' title='bbox 818 997 956 1060; x_wconf 88' lang='lat' dir='ltr'>pasceret,</span> <span class='ocrx_word' id='word_1_47' title='bbox 970 998 998 1042; x_wconf 92' lang='lat' dir='ltr'>et</span> <span class='ocrx_word' id='word_1_48' title='bbox 1011 997 1135 1058; x_wconf 85' lang='lat' dir='ltr'>receptus</span> 
     </span>
     <span class='ocr_line' id='line_1_8' title="bbox 340 1079 1131 1149; baseline -0.016 -5"><span class='ocrx_word' id='word_1_49' title='bbox 340 1090 465 1147; x_wconf 76' lang='lat' dir='ltr'>uidelicet</span> <span class='ocrx_word' id='word_1_50' title='bbox 478 1105 492 1141; x_wconf 90' lang='lat' dir='ltr'>a</span> <span class='ocrx_word' id='word_1_51' title='bbox 507 1084 689 1144; x_wconf 77' lang='lat' dir='ltr'>credentibus,</span> <span class='ocrx_word' id='word_1_52' title='bbox 709 1089 737 1136; x_wconf 89' lang='lat' dir='ltr'>et</span> <span class='ocrx_word' id='word_1_53' title='bbox 752 1081 878 1135; x_wconf 80' lang='lat' dir='ltr'>reficiens</span> <span class='ocrx_word' id='word_1_54' title='bbox 899 1080 956 1149; x_wconf 89' lang='lat' dir='ltr'>ipso</span> <span class='ocrx_word' id='word_1_55' title='bbox 979 1079 1131 1134; x_wconf 88' lang='lat' dir='ltr'>credentes.</span> 
     </span>
     <span class='ocr_line' id='line_1_9' title="bbox 343 1168 1132 1240; baseline -0.018 -3"><span class='ocrx_word' id='word_1_56' title='bbox 343 1179 419 1237; x_wconf 81' lang='lat' dir='ltr'>l&#39;ude</span> <span class='ocrx_word' id='word_1_57' title='bbox 434 1179 503 1233; x_wconf 89' lang='lat' dir='ltr'>bene</span> <span class='ocrx_word' id='word_1_58' title='bbox 528 1178 586 1231; x_wconf 83' lang='lat' dir='ltr'>lunc</span> <span class='ocrx_word' id='word_1_59' title='bbox 603 1173 697 1228; x_wconf 88' lang='lat' dir='ltr'>eadem</span> <span class='ocrx_word' id='word_1_60' title='bbox 712 1171 792 1225; x_wconf 81' lang='lat' dir='ltr'>sidua</span> <span class='ocrx_word' id='word_1_61' title='bbox 814 1171 841 1224; x_wconf 94' lang='lat' dir='ltr'>in</span> <span class='ocrx_word' id='word_1_62' title='bbox 856 1169 989 1240; x_wconf 87' lang='lat' dir='ltr'>Sareplua</span> <span class='ocrx_word' id='word_1_63' title='bbox 1015 1168 1132 1223; x_wconf 75' lang='lat' dir='ltr'>Sidoniae</span> 
     </span>
     <span class='ocr_line' id='line_1_10' title="bbox 343 1260 1130 1332; baseline -0.019 -6"><span class='ocrx_word' id='word_1_64' title='bbox 343 1270 443 1326; x_wconf 86' lang='lat' dir='ltr'>dicitur</span> <span class='ocrx_word' id='word_1_65' title='bbox 455 1283 515 1323; x_wconf 88' lang='lat' dir='ltr'>csse</span> <span class='ocrx_word' id='word_1_66' title='bbox 533 1273 648 1320; x_wconf 89' lang='lat' dir='ltr'>morata.</span> <span class='ocrx_word' id='word_1_67' title='bbox 665 1263 777 1318; x_wconf 90' lang='lat' dir='ltr'>Sidonia</span> <span class='ocrx_word' id='word_1_68' title='bbox 790 1264 888 1332; x_wconf 79' lang='lat' dir='ltr'><strong>quippe</strong></span> <span class='ocrx_word' id='word_1_69' title='bbox 902 1260 1004 1315; x_wconf 73' lang='lat' dir='ltr'>incudis</span> <span class='ocrx_word' id='word_1_70' title='bbox 1018 1260 1130 1325; x_wconf 73' lang='lat' dir='ltr'>lenutio,</span> 
     </span>
     <span class='ocr_line' id='line_1_11' title="bbox 341 1352 1119 1429; baseline -0.014 -13"><span class='ocrx_word' id='word_1_71' title='bbox 341 1357 473 1429; x_wconf 84' lang='lat' dir='ltr'>Sarcphta</span> <span class='ocrx_word' id='word_1_72' title='bbox 486 1374 551 1411; x_wconf 82' lang='lat' dir='ltr'>reru</span> <span class='ocrx_word' id='word_1_73' title='bbox 564 1356 727 1421; x_wconf 75' lang='lat' dir='ltr'><strong><em>incendium,</em></strong></span> <span class='ocrx_word' id='word_1_74' title='bbox 742 1354 783 1409; x_wconf 86' lang='lat' dir='ltr'>rel</span> <span class='ocrx_word' id='word_1_75' title='bbox 801 1354 922 1424; x_wconf 74' lang='lat' dir='ltr'>annuatia</span> <span class='ocrx_word' id='word_1_76' title='bbox 939 1352 1025 1422; x_wconf 82' lang='lat' dir='ltr'>punis,</span> <span class='ocrx_word' id='word_1_77' title='bbox 1050 1352 1119 1406; x_wconf 89' lang='lat' dir='ltr'>inter</span> 
     </span>
     <span class='ocr_line' id='line_1_12' title="bbox 340 1446 1132 1524; baseline -0.014 -17"><span class='ocrx_word' id='word_1_78' title='bbox 340 1460 470 1524; x_wconf 90' lang='lat' dir='ltr'>pretatur.</span> <span class='ocrx_word' id='word_1_79' title='bbox 498 1450 567 1517; x_wconf 80' lang='lat' dir='ltr'>Quia</span> <span class='ocrx_word' id='word_1_80' title='bbox 585 1468 594 1498; x_wconf 77' lang='grc' dir='ltr'><strong>ι</strong></span> <span class='ocrx_word' id='word_1_81' title='bbox 613 1449 658 1502; x_wconf 93' lang='lat' dir='ltr'>ubi</span> <span class='ocrx_word' id='word_1_82' title='bbox 685 1446 833 1501; x_wconf 84' lang='lat' dir='ltr'>abundarit</span> <span class='ocrx_word' id='word_1_83' title='bbox 858 1451 1011 1515; x_wconf 90' lang='lat' dir='ltr'>peecatum,</span> <span class='ocrx_word' id='word_1_84' title='bbox 1037 1458 1132 1512; x_wconf 89' lang='lat' dir='ltr'>super-</span> 
     </span>
     <span class='ocr_line' id='line_1_13' title="bbox 339 1535 1133 1611; baseline -0.015 -12"><span class='ocrx_word' id='word_1_85' title='bbox 339 1542 488 1599; x_wconf 83' lang='lat' dir='ltr'>abundant</span> <span class='ocrx_word' id='word_1_86' title='bbox 505 1540 592 1611; x_wconf 77' lang='lat' dir='ltr'>gratia</span> <span class='ocrx_word' id='word_1_87' title='bbox 619 1538 709 1611; x_wconf 83' lang='lat' dir='ltr'>(Rern.</span> <span class='ocrx_word' id='word_1_88' title='bbox 728 1536 768 1608; x_wconf 79' lang='lat' dir='ltr'>r).</span> <span class='ocrx_word' id='word_1_89' title='bbox 801 1557 810 1588; x_wconf 80' lang='grc' dir='ltr'><strong>ι</strong></span> <span class='ocrx_word' id='word_1_90' title='bbox 831 1536 883 1593; x_wconf 85' lang='lat' dir='ltr'>Ubi</span> <span class='ocrx_word' id='word_1_91' title='bbox 911 1535 991 1591; x_wconf 87' lang='lat' dir='ltr'>rebus</span> <span class='ocrx_word' id='word_1_92' title='bbox 1004 1549 1133 1604; x_wconf 80' lang='lat' dir='ltr'>superra-</span> 
     </span>
     <span class='ocr_line' id='line_1_14' title="bbox 339 1627 1132 1702; baseline -0.01 -13"><span class='ocrx_word' id='word_1_93' title='bbox 339 1635 399 1689; x_wconf 91' lang='lat' dir='ltr'>cuis</span> <span class='ocrx_word' id='word_1_94' title='bbox 422 1632 596 1702; x_wconf 72' lang='lat' dir='ltr'>acquirendis</span> <span class='ocrx_word' id='word_1_95' title='bbox 610 1630 687 1700; x_wconf 77' lang='lat' dir='ltr'>urrasi</span> <span class='ocrx_word' id='word_1_96' title='bbox 708 1628 861 1699; x_wconf 86' lang='lat' dir='ltr'>aucupandi</span> <span class='ocrx_word' id='word_1_97' title='bbox 875 1643 942 1683; x_wconf 89' lang='lat' dir='ltr'>cura</span> <span class='ocrx_word' id='word_1_98' title='bbox 957 1627 1132 1697; x_wconf 89' lang='lat' dir='ltr'>impendeba-</span> 
     </span>
    </p>
   </div>
   <div class='ocr_carea' id='block_1_6' title="bbox 1183 807 1977 1604">
    <p class='ocr_par' dir='ltr' id='par_1_6' title="bbox 1183 807 1977 1604">
     <span class='ocr_line' id='line_1_15' title="bbox 1185 807 1977 882; baseline 0.011 -21"><span class='ocrx_word' id='word_1_99' title='bbox 1185 809 1264 862; x_wconf 88' lang='lat' dir='ltr'>daici.</span> <span class='ocrx_word' id='word_1_100' title='bbox 1292 807 1360 863; x_wconf 88' lang='lat' dir='ltr'>llinc</span> <span class='ocrx_word' id='word_1_101' title='bbox 1385 818 1426 862; x_wconf 90' lang='lat' dir='ltr'>cst</span> <span class='ocrx_word' id='word_1_102' title='bbox 1449 812 1519 879; x_wconf 78' lang='lat' dir='ltr'>qarod</span> <span class='ocrx_word' id='word_1_103' title='bbox 1546 811 1672 882; x_wconf 68' lang='lat' dir='ltr'>(caiphas,</span> <span class='ocrx_word' id='word_1_104' title='bbox 1688 812 1846 881; x_wconf 80' lang='lat' dir='ltr'><strong>conspirans</strong></span> <span class='ocrx_word' id='word_1_105' title='bbox 1863 814 1977 870; x_wconf 87' lang='lat' dir='ltr'>denece</span> 
     </span>
     <span class='ocr_line' id='line_1_16' title="bbox 1185 897 1976 973; baseline 0.014 -21"><span class='ocrx_word' id='word_1_106' title='bbox 1185 897 1296 958; x_wconf 85' lang='lat' dir='ltr'>Christi,</span> <span class='ocrx_word' id='word_1_107' title='bbox 1313 899 1346 952; x_wconf 91' lang='lat' dir='ltr'>ad</span> <span class='ocrx_word' id='word_1_108' title='bbox 1361 901 1467 952; x_wconf 74' lang='lat' dir='ltr'>turbam</span> <span class='ocrx_word' id='word_1_109' title='bbox 1479 902 1516 954; x_wconf 88' lang='lat' dir='ltr'>ait</span> <span class='ocrx_word' id='word_1_110' title='bbox 1531 920 1537 953; x_wconf 93' lang='lat'><strong>:</strong></span> <span class='ocrx_word' id='word_1_111' title='bbox 1558 922 1567 951; x_wconf 74' lang='lat' dir='ltr'>a</span> <span class='ocrx_word' id='word_1_112' title='bbox 1584 901 1698 973; x_wconf 77' lang='lat' dir='ltr'>Expedit</span> <span class='ocrx_word' id='word_1_113' title='bbox 1719 903 1791 958; x_wconf 89' lang='lat' dir='ltr'>cuim</span> <span class='ocrx_word' id='word_1_114' title='bbox 1804 913 1834 959; x_wconf 93' lang='lat' dir='ltr'>ut</span> <span class='ocrx_word' id='word_1_115' title='bbox 1846 921 1916 961; x_wconf 73' lang='lat' dir='ltr'>unius</span> <span class='ocrx_word' id='word_1_116' title='bbox 1927 908 1976 963; x_wconf 92' lang='lat' dir='ltr'>ho-</span> 
     </span>
     <span class='ocr_line' id='line_1_17' title="bbox 1185 988 1974 1065; baseline 0.01 -26"><span class='ocrx_word' id='word_1_117' title='bbox 1185 1002 1230 1039; x_wconf 92' lang='lat' dir='ltr'>mo</span> <span class='ocrx_word' id='word_1_118' title='bbox 1247 988 1379 1041; x_wconf 89' lang='lat' dir='ltr'>moriatur</span> <span class='ocrx_word' id='word_1_119' title='bbox 1402 1006 1451 1059; x_wconf 90' lang='lat' dir='ltr'>pro</span> <span class='ocrx_word' id='word_1_120' title='bbox 1467 991 1576 1060; x_wconf 89' lang='lat' dir='ltr'>populo,</span> <span class='ocrx_word' id='word_1_121' title='bbox 1599 1001 1627 1045; x_wconf 87' lang='lat' dir='ltr'>et</span> <span class='ocrx_word' id='word_1_122' title='bbox 1644 1008 1696 1045; x_wconf 83' lang='lat' dir='ltr'>arou</span> <span class='ocrx_word' id='word_1_123' title='bbox 1715 1000 1770 1046; x_wconf 86' lang='lat' dir='ltr'>tota</span> <span class='ocrx_word' id='word_1_124' title='bbox 1790 1009 1857 1065; x_wconf 80' lang='lat' dir='ltr'>gens</span> <span class='ocrx_word' id='word_1_125' title='bbox 1869 1005 1974 1065; x_wconf 86' lang='lat' dir='ltr'>pereat.</span> 
     </span>
     <span class='ocr_line' id='line_1_18' title="bbox 1186 1075 1977 1152; baseline 0.019 -24"><span class='ocrx_word' id='word_1_126' title='bbox 1186 1075 1213 1129; x_wconf 90' lang='lat' dir='ltr'>Si</span> <span class='ocrx_word' id='word_1_127' title='bbox 1228 1077 1390 1132; x_wconf 73' lang='lat' dir='ltr'>dimittimus</span> <span class='ocrx_word' id='word_1_128' title='bbox 1404 1095 1466 1133; x_wconf 90' lang='lat' dir='ltr'>cum</span> <span class='ocrx_word' id='word_1_129' title='bbox 1484 1081 1532 1140; x_wconf 84' lang='lat' dir='ltr'>sic,</span> <span class='ocrx_word' id='word_1_130' title='bbox 1561 1096 1657 1144; x_wconf 85' lang='lat' dir='ltr'>omncs</span> <span class='ocrx_word' id='word_1_131' title='bbox 1672 1083 1784 1137; x_wconf 89' lang='lat' dir='ltr'>credent</span> <span class='ocrx_word' id='word_1_132' title='bbox 1801 1083 1827 1138; x_wconf 89' lang='lat' dir='ltr'>in</span> <span class='ocrx_word' id='word_1_133' title='bbox 1850 1099 1912 1139; x_wconf 89' lang='lat' dir='ltr'>eum</span> <span class='ocrx_word' id='word_1_134' title='bbox 1925 1103 1932 1152; x_wconf 94' lang='lat'>;</span> <span class='ocrx_word' id='word_1_135' title='bbox 1947 1098 1977 1143; x_wconf 89' lang='lat' dir='ltr'>et</span> 
     </span>
     <span class='ocr_line' id='line_1_19' title="bbox 1185 1165 1974 1246; baseline 0.016 -28"><span class='ocrx_word' id='word_1_136' title='bbox 1185 1165 1294 1218; x_wconf 78' lang='lat' dir='ltr'>uenient</span> <span class='ocrx_word' id='word_1_137' title='bbox 1308 1165 1432 1232; x_wconf 83' lang='lat' dir='ltr'>Rorrrani,</span> <span class='ocrx_word' id='word_1_138' title='bbox 1447 1176 1474 1222; x_wconf 86' lang='lat' dir='ltr'>et</span> <span class='ocrx_word' id='word_1_139' title='bbox 1492 1168 1584 1223; x_wconf 88' lang='lat' dir='ltr'>tollent</span> <span class='ocrx_word' id='word_1_140' title='bbox 1599 1180 1721 1225; x_wconf 88' lang='lat' dir='ltr'>uestrum</span> <span class='ocrx_word' id='word_1_141' title='bbox 1745 1172 1834 1227; x_wconf 87' lang='lat' dir='ltr'>locum</span> <span class='ocrx_word' id='word_1_142' title='bbox 1857 1182 1885 1228; x_wconf 87' lang='lat' dir='ltr'>et</span> <span class='ocrx_word' id='word_1_143' title='bbox 1908 1191 1974 1246; x_wconf 86' lang='lat' dir='ltr'>gen-</span> 
     </span>
     <span class='ocr_line' id='line_1_20' title="bbox 1185 1252 1977 1332; baseline 0.016 -24"><span class='ocrx_word' id='word_1_144' title='bbox 1185 1263 1238 1308; x_wconf 83' lang='lat' dir='ltr'>tem</span> <span class='ocrx_word' id='word_1_145' title='bbox 1258 1255 1349 1326; x_wconf 76' lang='lat' dir='ltr'>(doun.</span> <span class='ocrx_word' id='word_1_146' title='bbox 1364 1255 1414 1327; x_wconf 86' lang='lat' dir='ltr'>xr).</span> <span class='ocrx_word' id='word_1_147' title='bbox 1435 1252 1446 1309; x_wconf 72' lang='grc' dir='ltr'>ι’</span> <span class='ocrx_word' id='word_1_148' title='bbox 1467 1257 1521 1313; x_wconf 85' lang='lat' dir='ltr'>Sed</span> <span class='ocrx_word' id='word_1_149' title='bbox 1534 1260 1603 1314; x_wconf 88' lang='lat' dir='ltr'>sicut</span> <span class='ocrx_word' id='word_1_150' title='bbox 1624 1263 1756 1332; x_wconf 90' lang='lat' dir='ltr'>propheta</span> <span class='ocrx_word' id='word_1_151' title='bbox 1771 1264 1819 1318; x_wconf 90' lang='lat' dir='ltr'>Dei</span> <span class='ocrx_word' id='word_1_152' title='bbox 1835 1265 1925 1321; x_wconf 89' lang='lat' dir='ltr'>rerbis</span> <span class='ocrx_word' id='word_1_153' title='bbox 1937 1267 1977 1320; x_wconf 83' lang='lat' dir='ltr'>ni·</span> 
     </span>
     <span class='ocr_line' id='line_1_21' title="bbox 1184 1345 1977 1421; baseline 0.02 -25"><span class='ocrx_word' id='word_1_154' title='bbox 1184 1345 1243 1398; x_wconf 82' lang='lat' dir='ltr'>dua</span> <span class='ocrx_word' id='word_1_155' title='bbox 1257 1361 1310 1399; x_wconf 92' lang='lat' dir='ltr'>non</span> <span class='ocrx_word' id='word_1_156' title='bbox 1329 1355 1515 1416; x_wconf 85' lang='lat' dir='ltr'>exasperatus,</span> <span class='ocrx_word' id='word_1_157' title='bbox 1540 1351 1604 1419; x_wconf 82' lang='lat' dir='ltr'>qtriu</span> <span class='ocrx_word' id='word_1_158' title='bbox 1626 1352 1717 1421; x_wconf 90' lang='lat' dir='ltr'>potius</span> <span class='ocrx_word' id='word_1_159' title='bbox 1731 1354 1872 1421; x_wconf 85' lang='lat' dir='ltr'>misertus,</span> <span class='ocrx_word' id='word_1_160' title='bbox 1887 1356 1925 1411; x_wconf 92' lang='lat' dir='ltr'>ait</span> <span class='ocrx_word' id='word_1_161' title='bbox 1942 1358 1977 1412; x_wconf 88' lang='lat' dir='ltr'>ad</span> 
     </span>
     <span class='ocr_line' id='line_1_22' title="bbox 1183 1435 1976 1512; baseline 0.016 -26"><span class='ocrx_word' id='word_1_162' title='bbox 1183 1447 1264 1487; x_wconf 85' lang='lat' dir='ltr'>eam:</span> <span class='ocrx_word' id='word_1_163' title='bbox 1286 1452 1295 1485; x_wconf 79' lang='lat' dir='ltr'>a</span> <span class='ocrx_word' id='word_1_164' title='bbox 1313 1435 1352 1489; x_wconf 93' lang='lat' dir='ltr'>Da</span> <span class='ocrx_word' id='word_1_165' title='bbox 1367 1437 1431 1491; x_wconf 90' lang='lat' dir='ltr'>mihi</span> <span class='ocrx_word' id='word_1_166' title='bbox 1449 1438 1533 1492; x_wconf 91' lang='lat' dir='ltr'>lilium</span> <span class='ocrx_word' id='word_1_167' title='bbox 1549 1447 1644 1505; x_wconf 89' lang='lat' dir='ltr'>tuum;</span> <span class='ocrx_word' id='word_1_168' title='bbox 1662 1442 1776 1512; x_wconf 84' lang='lat' dir='ltr'>tulitque</span> <span class='ocrx_word' id='word_1_169' title='bbox 1790 1460 1852 1499; x_wconf 91' lang='lat' dir='ltr'>eum</span> <span class='ocrx_word' id='word_1_170' title='bbox 1869 1443 1903 1498; x_wconf 89' lang='lat' dir='ltr'>do</span> <span class='ocrx_word' id='word_1_171' title='bbox 1914 1446 1976 1500; x_wconf 87' lang='lat' dir='ltr'>sinu</span> 
     </span>
     <span class='ocr_line' id='line_1_23' title="bbox 1186 1522 1976 1604; baseline 0.024 -32"><span class='ocrx_word' id='word_1_172' title='bbox 1186 1540 1196 1572; x_wconf 79' lang='lat' dir='ltr'>r</span> <span class='ocrx_word' id='word_1_173' title='bbox 1220 1522 1294 1580; x_wconf 91' lang='lat' dir='ltr'>illius</span> <span class='ocrx_word' id='word_1_174' title='bbox 1312 1529 1470 1596; x_wconf 87' lang='lat' dir='ltr'>etportarit</span> <span class='ocrx_word' id='word_1_175' title='bbox 1494 1529 1521 1583; x_wconf 91' lang='lat' dir='ltr'>in</span> <span class='ocrx_word' id='word_1_176' title='bbox 1542 1531 1711 1586; x_wconf 82' lang='lat' dir='ltr'>eoerraculum</span> <span class='ocrx_word' id='word_1_177' title='bbox 1737 1534 1782 1587; x_wconf 91' lang='lat' dir='ltr'>ubi</span> <span class='ocrx_word' id='word_1_178' title='bbox 1811 1534 1869 1604; x_wconf 88' lang='lat' dir='ltr'>ipse</span> <span class='ocrx_word' id='word_1_179' title='bbox 1883 1551 1976 1591; x_wconf 82' lang='lat' dir='ltr'>naarre·</span> 
     </span>
    </p>
   </div>
   <div class='ocr_carea' id='block_1_7' title="bbox 1186 1614 1972 1698">
    <p class='ocr_par' dir='ltr' id='par_1_7' title="bbox 1186 1614 1972 1698">
     <span class='ocr_line' id='line_1_24' title="bbox 1186 1614 1972 1698; baseline 0.025 -34"><span class='ocrx_word' id='word_1_180' title='bbox 1186 1630 1195 1664; x_wconf 81' lang='lat' dir='ltr'>a</span> <span class='ocrx_word' id='word_1_181' title='bbox 1217 1614 1273 1682; x_wconf 89' lang='lat' dir='ltr'>bat,</span> <span class='ocrx_word' id='word_1_182' title='bbox 1287 1625 1314 1671; x_wconf 90' lang='lat' dir='ltr'>et</span> <span class='ocrx_word' id='word_1_183' title='bbox 1324 1619 1415 1687; x_wconf 91' lang='lat' dir='ltr'>posuit</span> <span class='ocrx_word' id='word_1_184' title='bbox 1426 1636 1507 1691; x_wconf 92' lang='lat' dir='ltr'>super</span> <span class='ocrx_word' id='word_1_185' title='bbox 1524 1620 1623 1677; x_wconf 91' lang='lat' dir='ltr'>lectum</span> <span class='ocrx_word' id='word_1_186' title='bbox 1638 1640 1727 1691; x_wconf 92' lang='lat' dir='ltr'>suum,</span> <span class='ocrx_word' id='word_1_187' title='bbox 1743 1635 1770 1681; x_wconf 91' lang='lat' dir='ltr'>et</span> <span class='ocrx_word' id='word_1_188' title='bbox 1784 1628 1913 1698; x_wconf 87' lang='lat' dir='ltr'>expandit</span> <span class='ocrx_word' id='word_1_189' title='bbox 1935 1644 1972 1691; x_wconf 86' lang='lat' dir='ltr'>se,</span> 
     </span>
    </p>
   </div>
   <div class='ocr_carea' id='block_1_8' title="bbox 338 1716 1976 2705">
    <p class='ocr_par' dir='ltr' id='par_1_8' title="bbox 338 1716 1976 2705">
     <span class='ocr_line' id='line_1_25' title="bbox 341 1716 1975 1795; baseline -0.007 -11"><span class='ocrx_word' id='word_1_190' title='bbox 341 1740 394 1795; x_wconf 89' lang='lat' dir='ltr'>tur,</span> <span class='ocrx_word' id='word_1_191' title='bbox 408 1729 455 1783; x_wconf 92' lang='lat' dir='ltr'>ubi</span> <span class='ocrx_word' id='word_1_192' title='bbox 480 1728 546 1782; x_wconf 82' lang='lat' dir='ltr'>dirae</span> <span class='ocrx_word' id='word_1_193' title='bbox 561 1726 621 1780; x_wconf 90' lang='lat' dir='ltr'>sitis</span> <span class='ocrx_word' id='word_1_194' title='bbox 648 1725 802 1779; x_wconf 71' lang='lat' dir='ltr'>incendium</span> <span class='ocrx_word' id='word_1_195' title='bbox 828 1723 958 1793; x_wconf 79' lang='lat' dir='ltr'>panisque</span> <span class='ocrx_word' id='word_1_196' title='bbox 984 1719 1131 1791; x_wconf 85' lang='lat' dir='ltr'>spiritualis</span> <span class='ocrx_word' id='word_1_197' title='bbox 1186 1723 1195 1754; x_wconf 78' lang='lat'>¹</span> <span class='ocrx_word' id='word_1_198' title='bbox 1226 1716 1308 1777; x_wconf 74' lang='lat' dir='ltr'>atque</span> <span class='ocrx_word' id='word_1_199' title='bbox 1333 1719 1498 1766; x_wconf 88' lang='lat' dir='ltr'>mensnsest</span> <span class='ocrx_word' id='word_1_200' title='bbox 1522 1729 1603 1784; x_wconf 90' lang='lat' dir='ltr'>super</span> <span class='ocrx_word' id='word_1_201' title='bbox 1616 1730 1730 1785; x_wconf 84' lang='lat' dir='ltr'>puerum</span> <span class='ocrx_word' id='word_1_202' title='bbox 1747 1718 1834 1773; x_wconf 87' lang='lat' dir='ltr'>tribus</span> <span class='ocrx_word' id='word_1_203' title='bbox 1858 1718 1975 1785; x_wconf 84' lang='lat' dir='ltr'>vicibus,</span> 
     </span>
     <span class='ocr_line' id='line_1_26' title="bbox 340 1797 1976 1887; baseline -0.017 -14"><span class='ocrx_word' id='word_1_204' title='bbox 340 1829 417 1875; x_wconf 84' lang='lat' dir='ltr'>antea</span> <span class='ocrx_word' id='word_1_205' title='bbox 430 1818 510 1873; x_wconf 83' lang='lat' dir='ltr'>fiebat</span> <span class='ocrx_word' id='word_1_206' title='bbox 523 1816 657 1887; x_wconf 75' lang='lat' dir='ltr'>angustia,</span> <span class='ocrx_word' id='word_1_207' title='bbox 678 1815 714 1867; x_wconf 94' lang='lat' dir='ltr'>ibi</span> <span class='ocrx_word' id='word_1_208' title='bbox 730 1814 819 1868; x_wconf 84' lang='lat' dir='ltr'>oleum</span> <span class='ocrx_word' id='word_1_209' title='bbox 834 1812 975 1880; x_wconf 79' lang='lat' dir='ltr'>farinaque</span> <span class='ocrx_word' id='word_1_210' title='bbox 998 1825 1046 1864; x_wconf 89' lang='lat' dir='ltr'>ore</span> <span class='ocrx_word' id='word_1_211' title='bbox 1070 1823 1131 1878; x_wconf 92' lang='lat' dir='ltr'>pro-</span> <span class='ocrx_word' id='word_1_212' title='bbox 1186 1814 1195 1847; x_wconf 83' lang='grc' dir='ltr'><strong>ι</strong></span> <span class='ocrx_word' id='word_1_213' title='bbox 1222 1797 1404 1870; x_wconf 87' lang='lat' dir='ltr'>clamavitque</span> <span class='ocrx_word' id='word_1_214' title='bbox 1418 1803 1452 1856; x_wconf 91' lang='lat' dir='ltr'>ad</span> <span class='ocrx_word' id='word_1_215' title='bbox 1477 1804 1631 1871; x_wconf 89' lang='lat' dir='ltr'>Dominum,</span> <span class='ocrx_word' id='word_1_216' title='bbox 1652 1816 1679 1861; x_wconf 85' lang='lat' dir='ltr'>et</span> <span class='ocrx_word' id='word_1_217' title='bbox 1695 1808 1732 1861; x_wconf 89' lang='lat' dir='ltr'>ait</span> <span class='ocrx_word' id='word_1_218' title='bbox 1745 1823 1752 1861; x_wconf 86' lang='lat'>:</span> <span class='ocrx_word' id='word_1_219' title='bbox 1767 1808 1881 1866; x_wconf 66' lang='lat' dir='ltr'>Domine</span> <span class='ocrx_word' id='word_1_220' title='bbox 1904 1809 1976 1867; x_wconf 53' lang='lat' dir='ltr'>Deus</span> 
     </span>
     <span class='ocr_line' id='line_1_27' title="bbox 340 1898 1975 1983; baseline -0.008 -18"><span class='ocrx_word' id='word_1_221' title='bbox 340 1910 449 1983; x_wconf 85' lang='lat' dir='ltr'>phetico</span> <span class='ocrx_word' id='word_1_222' title='bbox 462 1906 642 1963; x_wconf 77' lang='lat' dir='ltr'>benedicitur.</span> <span class='ocrx_word' id='word_1_223' title='bbox 663 1924 671 1956; x_wconf 78' lang='grc' dir='ltr'><strong>ι</strong></span> <span class='ocrx_word' id='word_1_224' title='bbox 695 1903 760 1970; x_wconf 76' lang='lat' dir='ltr'>Qum</span> <span class='ocrx_word' id='word_1_225' title='bbox 772 1903 880 1958; x_wconf 79' lang='lat' dir='ltr'>nolebat</span> <span class='ocrx_word' id='word_1_226' title='bbox 895 1903 947 1956; x_wconf 90' lang='lat' dir='ltr'>duu</span> <span class='ocrx_word' id='word_1_227' title='bbox 971 1901 1044 1972; x_wconf 83' lang='lat' dir='ltr'>ligna</span> <span class='ocrx_word' id='word_1_228' title='bbox 1056 1899 1132 1954; x_wconf 91' lang='lat' dir='ltr'>colli·</span> <span class='ocrx_word' id='word_1_229' title='bbox 1186 1905 1195 1938; x_wconf 81' lang='lat' dir='ltr'>t</span> <span class='ocrx_word' id='word_1_230' title='bbox 1219 1904 1305 1956; x_wconf 85' lang='lat' dir='ltr'>meus,</span> <span class='ocrx_word' id='word_1_231' title='bbox 1325 1901 1489 1960; x_wconf 79' lang='lat' dir='ltr'>retentatur,</span> <span class='ocrx_word' id='word_1_232' title='bbox 1508 1912 1521 1950; x_wconf 76' lang='lat' dir='ltr'>a</span> <span class='ocrx_word' id='word_1_233' title='bbox 1537 1911 1596 1961; x_wconf 92' lang='lat' dir='ltr'>oro,</span> <span class='ocrx_word' id='word_1_234' title='bbox 1616 1898 1732 1952; x_wconf 75' lang='lat' dir='ltr'>‹arrtma</span> <span class='ocrx_word' id='word_1_235' title='bbox 1759 1902 1835 1969; x_wconf 91' lang='lat' dir='ltr'>pueri</span> <span class='ocrx_word' id='word_1_236' title='bbox 1852 1900 1933 1971; x_wconf 89' lang='lat' dir='ltr'>hujus</span> <span class='ocrx_word' id='word_1_237' title='bbox 1947 1903 1975 1957; x_wconf 88' lang='lat' dir='ltr'>in</span> 
     </span>
     <span class='ocr_line' id='line_1_28' title="bbox 340 1982 1975 2072; baseline -0.004 -16"><span class='ocrx_word' id='word_1_238' title='bbox 340 2015 414 2072; x_wconf 76' lang='lat' dir='ltr'>pere,</span> <span class='ocrx_word' id='word_1_239' title='bbox 440 1998 598 2069; x_wconf 88' lang='lat' dir='ltr'>priusquam</span> <span class='ocrx_word' id='word_1_240' title='bbox 614 2003 777 2050; x_wconf 89' lang='lat' dir='ltr'>moreretur.</span> <span class='ocrx_word' id='word_1_241' title='bbox 796 2013 805 2044; x_wconf 83' lang='grc' dir='ltr'><strong>ι</strong></span> <span class='ocrx_word' id='word_1_242' title='bbox 832 1991 891 2046; x_wconf 84' lang='grc' dir='ltr'><strong>Νοιι</strong></span> <span class='ocrx_word' id='word_1_243' title='bbox 918 1990 963 2045; x_wconf 93' lang='lat' dir='ltr'>hie</span> <span class='ocrx_word' id='word_1_244' title='bbox 988 1989 1045 2045; x_wconf 87' lang='lat' dir='ltr'>solo</span> <span class='ocrx_word' id='word_1_245' title='bbox 1064 1988 1130 2059; x_wconf 80' lang='lat' dir='ltr'>ligni</span> <span class='ocrx_word' id='word_1_246' title='bbox 1187 1998 1197 2032; x_wconf 86' lang='grc' dir='ltr'><strong>ι</strong></span> <span class='ocrx_word' id='word_1_247' title='bbox 1223 1983 1328 2039; x_wconf 87' lang='lat' dir='ltr'>viscera</span> <span class='ocrx_word' id='word_1_248' title='bbox 1340 1982 1418 2053; x_wconf 83' lang='lat' dir='ltr'>ejns;</span> <span class='ocrx_word' id='word_1_249' title='bbox 1439 2006 1448 2037; x_wconf 84' lang='grc' dir='ltr'><strong>ι</strong></span> <span class='ocrx_word' id='word_1_250' title='bbox 1466 1987 1504 2040; x_wconf 88' lang='lat' dir='ltr'>ita</span> <span class='ocrx_word' id='word_1_251' title='bbox 1518 1996 1546 2042; x_wconf 90' lang='lat' dir='ltr'>et</span> <span class='ocrx_word' id='word_1_252' title='bbox 1558 1988 1723 2060; x_wconf 79' lang='lat' dir='ltr'>Redemptor</span> <span class='ocrx_word' id='word_1_253' title='bbox 1735 2001 1841 2059; x_wconf 88' lang='lat' dir='ltr'>noster,</span> <span class='ocrx_word' id='word_1_254' title='bbox 1858 2008 1975 2049; x_wconf 84' lang='lat' dir='ltr'>uotxex-</span> 
     </span>
     <span class='ocr_line' id='line_1_29' title="bbox 339 2064 1976 2157; baseline -0.005 -13"><span class='ocrx_word' id='word_1_255' title='bbox 339 2088 460 2148; x_wconf 83' lang='lat' dir='ltr'>nomine,</span> <span class='ocrx_word' id='word_1_256' title='bbox 480 2085 526 2141; x_wconf 86' lang='lat' dir='ltr'>sed</span> <span class='ocrx_word' id='word_1_257' title='bbox 541 2085 622 2139; x_wconf 87' lang='lat' dir='ltr'>etiam</span> <span class='ocrx_word' id='word_1_258' title='bbox 637 2098 750 2138; x_wconf 90' lang='lat' dir='ltr'>numero</span> <span class='ocrx_word' id='word_1_259' title='bbox 768 2082 902 2153; x_wconf 75' lang='lat' dir='ltr'>lignorum</span> <span class='ocrx_word' id='word_1_260' title='bbox 918 2079 1026 2151; x_wconf 81' lang='lat' dir='ltr'>siguum</span> <span class='ocrx_word' id='word_1_261' title='bbox 1039 2079 1130 2134; x_wconf 87' lang='lat' dir='ltr'>erucis</span> <span class='ocrx_word' id='word_1_262' title='bbox 1143 2064 1169 2124; x_wconf 81' lang='grc' dir='ltr'><strong>Β</strong></span> <span class='ocrx_word' id='word_1_263' title='bbox 1184 2086 1326 2145; x_wconf 80' lang='lat' dir='ltr'>asperatus</span> <span class='ocrx_word' id='word_1_264' title='bbox 1353 2077 1456 2132; x_wconf 91' lang='lat' dir='ltr'>malitia</span> <span class='ocrx_word' id='word_1_265' title='bbox 1482 2077 1647 2147; x_wconf 71' lang='lat' dir='ltr'>ludaeorum,</span> <span class='ocrx_word' id='word_1_266' title='bbox 1667 2083 1715 2138; x_wconf 90' lang='lat' dir='ltr'>sed</span> <span class='ocrx_word' id='word_1_267' title='bbox 1740 2084 1868 2140; x_wconf 88' lang='lat' dir='ltr'>misertus</span> <span class='ocrx_word' id='word_1_268' title='bbox 1884 2086 1976 2157; x_wconf 86' lang='lat' dir='ltr'>populi</span> 
     </span>
     <span class='ocr_line' id='line_1_30' title="bbox 339 2168 1976 2251; baseline -0.008 -15"><span class='ocrx_word' id='word_1_269' title='bbox 339 2179 513 2251; x_wconf 82' lang='lat' dir='ltr'>exprimitur,</span> <span class='ocrx_word' id='word_1_270' title='bbox 535 2177 608 2247; x_wconf 87' lang='lat' dir='ltr'>quod</span> <span class='ocrx_word' id='word_1_271' title='bbox 633 2175 711 2231; x_wconf 91' lang='lat' dir='ltr'>nobis</span> <span class='ocrx_word' id='word_1_272' title='bbox 737 2182 778 2229; x_wconf 93' lang='lat' dir='ltr'>est</span> <span class='ocrx_word' id='word_1_273' title='bbox 793 2174 871 2243; x_wconf 87' lang='lat' dir='ltr'>panis</span> <span class='ocrx_word' id='word_1_274' title='bbox 884 2173 947 2227; x_wconf 77' lang='lat' dir='ltr'>ritae</span> <span class='ocrx_word' id='word_1_275' title='bbox 961 2179 1132 2242; x_wconf 79' lang='lat' dir='ltr'>praeparatus</span> <span class='ocrx_word' id='word_1_276' title='bbox 1183 2168 1331 2234; x_wconf 85' lang='lat' dir='ltr'>credentis,</span> <span class='ocrx_word' id='word_1_277' title='bbox 1347 2168 1408 2224; x_wconf 92' lang='lat' dir='ltr'>tulit</span> <span class='ocrx_word' id='word_1_278' title='bbox 1422 2185 1484 2225; x_wconf 93' lang='lat' dir='ltr'>eum</span> <span class='ocrx_word' id='word_1_279' title='bbox 1498 2169 1533 2226; x_wconf 91' lang='lat' dir='ltr'>de</span> <span class='ocrx_word' id='word_1_280' title='bbox 1553 2172 1614 2227; x_wconf 92' lang='lat' dir='ltr'>sinn</span> <span class='ocrx_word' id='word_1_281' title='bbox 1631 2173 1737 2241; x_wconf 87' lang='lat' dir='ltr'>matris,</span> <span class='ocrx_word' id='word_1_282' title='bbox 1753 2191 1814 2230; x_wconf 89' lang='lat' dir='ltr'>cum</span> <span class='ocrx_word' id='word_1_283' title='bbox 1838 2192 1900 2231; x_wconf 86' lang='lat' dir='ltr'>eum</span> <span class='ocrx_word' id='word_1_284' title='bbox 1914 2177 1976 2233; x_wconf 76' lang='lat' dir='ltr'>enm</span> 
     </span>
     <span class='ocr_line' id='line_1_31' title="bbox 338 2257 1972 2338; baseline -0.007 -11"><span class='ocrx_word' id='word_1_285' title='bbox 338 2279 458 2327; x_wconf 81' lang='lat' dir='ltr'>aeternae.</span> <span class='ocrx_word' id='word_1_286' title='bbox 480 2265 654 2323; x_wconf 75' lang='lat' dir='ltr'>Benedicitur</span> <span class='ocrx_word' id='word_1_287' title='bbox 668 2264 755 2320; x_wconf 88' lang='lat' dir='ltr'>lariua</span> <span class='ocrx_word' id='word_1_288' title='bbox 771 2262 830 2332; x_wconf 77' lang='lat' dir='ltr'>ciras</span> <span class='ocrx_word' id='word_1_289' title='bbox 842 2273 871 2319; x_wconf 92' lang='lat' dir='ltr'>et</span> <span class='ocrx_word' id='word_1_290' title='bbox 894 2264 996 2329; x_wconf 91' lang='lat' dir='ltr'>oleum,</span> <span class='ocrx_word' id='word_1_291' title='bbox 1013 2264 1065 2319; x_wconf 86' lang='lat' dir='ltr'>hoc</span> <span class='ocrx_word' id='word_1_292' title='bbox 1079 2269 1130 2325; x_wconf 91' lang='lat' dir='ltr'>cst,</span> <span class='ocrx_word' id='word_1_293' title='bbox 1183 2258 1217 2316; x_wconf 88' lang='lat' dir='ltr'>de</span> <span class='ocrx_word' id='word_1_294' title='bbox 1233 2257 1335 2314; x_wconf 89' lang='lat' dir='ltr'>carnali</span> <span class='ocrx_word' id='word_1_295' title='bbox 1350 2260 1522 2315; x_wconf 81' lang='lat' dir='ltr'>observantia</span> <span class='ocrx_word' id='word_1_296' title='bbox 1535 2262 1615 2334; x_wconf 74' lang='lat' dir='ltr'>legis,</span> <span class='ocrx_word' id='word_1_297' title='bbox 1625 2272 1654 2318; x_wconf 91' lang='lat' dir='ltr'>et</span> <span class='ocrx_word' id='word_1_298' title='bbox 1669 2267 1760 2335; x_wconf 87' lang='lat' dir='ltr'>posuit</span> <span class='ocrx_word' id='word_1_299' title='bbox 1774 2283 1856 2338; x_wconf 89' lang='lat' dir='ltr'>super</span> <span class='ocrx_word' id='word_1_300' title='bbox 1871 2268 1972 2325; x_wconf 77' lang='lat' dir='ltr'>lectum</span> 
     </span>
     <span class='ocr_line' id='line_1_32' title="bbox 341 2350 1975 2431; baseline -0.01 -17"><span class='ocrx_word' id='word_1_301' title='bbox 341 2357 429 2431; x_wconf 69' lang='lat' dir='ltr'>gratia</span> <span class='ocrx_word' id='word_1_302' title='bbox 444 2356 568 2425; x_wconf 91' lang='lat' dir='ltr'>corporis</span> <span class='ocrx_word' id='word_1_303' title='bbox 583 2353 727 2419; x_wconf 88' lang='lat' dir='ltr'>Dominici,</span> <span class='ocrx_word' id='word_1_304' title='bbox 755 2360 783 2407; x_wconf 91' lang='lat' dir='ltr'>et</span> <span class='ocrx_word' id='word_1_305' title='bbox 799 2351 955 2406; x_wconf 90' lang='lat' dir='ltr'>chrismatis</span> <span class='ocrx_word' id='word_1_306' title='bbox 972 2350 1133 2406; x_wconf 78' lang='lat' dir='ltr'>utactiosite</span> <span class='ocrx_word' id='word_1_307' title='bbox 1184 2365 1273 2415; x_wconf 89' lang='lat' dir='ltr'>suum,</span> <span class='ocrx_word' id='word_1_308' title='bbox 1300 2350 1352 2405; x_wconf 90' lang='lat' dir='ltr'>hoc</span> <span class='ocrx_word' id='word_1_309' title='bbox 1377 2358 1430 2415; x_wconf 90' lang='lat' dir='ltr'>est,</span> <span class='ocrx_word' id='word_1_310' title='bbox 1456 2351 1651 2409; x_wconf 84' lang='lat' dir='ltr'>demonstrarit</span> <span class='ocrx_word' id='word_1_311' title='bbox 1676 2355 1700 2410; x_wconf 92' lang='lat' dir='ltr'>ei</span> <span class='ocrx_word' id='word_1_312' title='bbox 1724 2356 1809 2412; x_wconf 78' lang='lat' dir='ltr'>vitam</span> <span class='ocrx_word' id='word_1_313' title='bbox 1829 2358 1929 2414; x_wconf 57' lang='lat' dir='ltr'>mpero</span> <span class='ocrx_word' id='word_1_314' title='bbox 1946 2360 1975 2415; x_wconf 59' lang='grc' dir='ltr'>ῃ,</span> 
     </span>
     <span class='ocr_line' id='line_1_33' title="bbox 342 2440 1975 2518; baseline -0.002 -11"><span class='ocrx_word' id='word_1_315' title='bbox 342 2453 450 2509; x_wconf 78' lang='lat' dir='ltr'>fruetus</span> <span class='ocrx_word' id='word_1_316' title='bbox 463 2460 491 2506; x_wconf 87' lang='lat' dir='ltr'>et</span> <span class='ocrx_word' id='word_1_317' title='bbox 510 2448 634 2505; x_wconf 82' lang='lat' dir='ltr'>hilaritas</span> <span class='ocrx_word' id='word_1_318' title='bbox 647 2447 787 2503; x_wconf 91' lang='lat' dir='ltr'>eharitatis</span> <span class='ocrx_word' id='word_1_319' title='bbox 801 2463 809 2511; x_wconf 92' lang='lat'>;</span> <span class='ocrx_word' id='word_1_320' title='bbox 837 2460 896 2513; x_wconf 82' lang='lat' dir='ltr'>qaam</span> <span class='ocrx_word' id='word_1_321' title='bbox 911 2459 971 2500; x_wconf 89' lang='lat' dir='ltr'>cum</span> <span class='ocrx_word' id='word_1_322' title='bbox 998 2442 1131 2512; x_wconf 92' lang='lat' dir='ltr'>impendi·</span> <span class='ocrx_word' id='word_1_323' title='bbox 1183 2448 1271 2496; x_wconf 85' lang='lat' dir='ltr'>rnorte</span> <span class='ocrx_word' id='word_1_324' title='bbox 1281 2455 1341 2495; x_wconf 90' lang='lat' dir='ltr'>sna.</span> <span class='ocrx_word' id='word_1_325' title='bbox 1352 2440 1542 2512; x_wconf 85' lang='lat' dir='ltr'>Expanditque</span> <span class='ocrx_word' id='word_1_326' title='bbox 1552 2458 1582 2498; x_wconf 90' lang='lat' dir='ltr'>se</span> <span class='ocrx_word' id='word_1_327' title='bbox 1592 2444 1679 2499; x_wconf 91' lang='lat' dir='ltr'>tribus</span> <span class='ocrx_word' id='word_1_328' title='bbox 1691 2444 1795 2502; x_wconf 86' lang='lat' dir='ltr'>vicibus</span> <span class='ocrx_word' id='word_1_329' title='bbox 1807 2456 1889 2518; x_wconf 85' lang='lat' dir='ltr'>atque</span> <span class='ocrx_word' id='word_1_330' title='bbox 1898 2464 1975 2505; x_wconf 88' lang='lat' dir='ltr'>men-</span> 
     </span>
     <span class='ocr_line' id='line_1_34' title="bbox 343 2531 1975 2609; baseline -0.007 -9"><span class='ocrx_word' id='word_1_331' title='bbox 343 2554 398 2609; x_wconf 83' lang='lat' dir='ltr'>tur,</span> <span class='ocrx_word' id='word_1_332' title='bbox 416 2558 469 2600; x_wconf 93' lang='lat' dir='ltr'>non</span> <span class='ocrx_word' id='word_1_333' title='bbox 486 2540 617 2597; x_wconf 84' lang='lat' dir='ltr'>deiecisse</span> <span class='ocrx_word' id='word_1_334' title='bbox 631 2538 739 2593; x_wconf 91' lang='lat' dir='ltr'>dicitnr.</span> <span class='ocrx_word' id='word_1_335' title='bbox 756 2554 765 2587; x_wconf 78' lang='lat' dir='ltr'>a</span> <span class='ocrx_word' id='word_1_336' title='bbox 782 2535 902 2590; x_wconf 86' lang='lat' dir='ltr'>Hilarem</span> <span class='ocrx_word' id='word_1_337' title='bbox 925 2533 996 2588; x_wconf 92' lang='lat' dir='ltr'>enim</span> <span class='ocrx_word' id='word_1_338' title='bbox 1010 2531 1132 2587; x_wconf 90' lang='lat' dir='ltr'>datorem</span> <span class='ocrx_word' id='word_1_339' title='bbox 1183 2545 1231 2585; x_wconf 90' lang='lat' dir='ltr'>sus</span> <span class='ocrx_word' id='word_1_340' title='bbox 1240 2538 1282 2585; x_wconf 92' lang='lat' dir='ltr'>est</span> <span class='ocrx_word' id='word_1_341' title='bbox 1292 2545 1374 2601; x_wconf 92' lang='lat' dir='ltr'>snper</span> <span class='ocrx_word' id='word_1_342' title='bbox 1385 2546 1511 2601; x_wconf 89' lang='lat' dir='ltr'>puerum,</span> <span class='ocrx_word' id='word_1_343' title='bbox 1524 2546 1586 2586; x_wconf 89' lang='lat' dir='ltr'>oum</span> <span class='ocrx_word' id='word_1_344' title='bbox 1599 2531 1739 2591; x_wconf 79' lang='lat' dir='ltr'>Trinitatis</span> <span class='ocrx_word' id='word_1_345' title='bbox 1752 2536 1832 2593; x_wconf 83' lang='lat' dir='ltr'>ildem</span> <span class='ocrx_word' id='word_1_346' title='bbox 1844 2536 1892 2604; x_wconf 91' lang='lat' dir='ltr'>illi,</span> <span class='ocrx_word' id='word_1_347' title='bbox 1903 2552 1975 2609; x_wconf 84' lang='lat' dir='ltr'>prae-</span> 
     </span>
     <span class='ocr_line' id='line_1_35' title="bbox 343 2617 1975 2705; baseline -0.01 -16"><span class='ocrx_word' id='word_1_348' title='bbox 343 2633 428 2705; x_wconf 72' lang='lat' dir='ltr'>diligit</span> <span class='ocrx_word' id='word_1_349' title='bbox 451 2631 523 2687; x_wconf 91' lang='lat' dir='ltr'>Deus</span> <span class='ocrx_word' id='word_1_350' title='bbox 547 2628 590 2702; x_wconf 83' lang='grc' dir='ltr'>(ΙΙ</span> <span class='ocrx_word' id='word_1_351' title='bbox 602 2627 664 2683; x_wconf 79' lang='lat' dir='ltr'>Gor.</span> <span class='ocrx_word' id='word_1_352' title='bbox 676 2629 725 2698; x_wconf 82' lang='lat' dir='ltr'>rx).</span> <span class='ocrx_word' id='word_1_353' title='bbox 746 2647 755 2678; x_wconf 77' lang='grc' dir='ltr'><strong>ι</strong></span> <span class='ocrx_word' id='word_1_354' title='bbox 771 2624 857 2681; x_wconf 75' lang='lat' dir='ltr'>Vidua</span> <span class='ocrx_word' id='word_1_355' title='bbox 871 2632 961 2678; x_wconf 88' lang='lat' dir='ltr'>antem</span> <span class='ocrx_word' id='word_1_356' title='bbox 976 2624 1038 2689; x_wconf 87' lang='lat' dir='ltr'>ista,</span> <span class='ocrx_word' id='word_1_357' title='bbox 1051 2637 1132 2693; x_wconf 87' lang='lat' dir='ltr'>quam</span> <span class='ocrx_word' id='word_1_358' title='bbox 1183 2619 1298 2675; x_wconf 85' lang='lat' dir='ltr'>dicando</span> <span class='ocrx_word' id='word_1_359' title='bbox 1310 2629 1338 2675; x_wconf 92' lang='lat' dir='ltr'>et</span> <span class='ocrx_word' id='word_1_360' title='bbox 1352 2621 1481 2675; x_wconf 88' lang='lat' dir='ltr'>sanitates</span> <span class='ocrx_word' id='word_1_361' title='bbox 1492 2617 1625 2688; x_wconf 80' lang='lat' dir='ltr'>iaciendo,</span> <span class='ocrx_word' id='word_1_362' title='bbox 1641 2623 1805 2692; x_wconf 73' lang='lat' dir='ltr'>insinuabat,</span> <span class='ocrx_word' id='word_1_363' title='bbox 1816 2627 1975 2683; x_wconf 73' lang='lat' dir='ltr'>etchmans</span> 
     </span>
    </p>
   </div>
   <div class='ocr_carea' id='block_1_9' title="bbox 299 2711 1134 3416">
    <p class='ocr_par' dir='ltr' id='par_1_9' title="bbox 299 2711 1134 3416">
     <span class='ocr_line' id='line_1_36' title="bbox 344 2711 1131 2784; baseline -0.015 -7"><span class='ocrx_word' id='word_1_364' title='bbox 344 2722 478 2777; x_wconf 86' lang='lat' dir='ltr'>Dominus</span> <span class='ocrx_word' id='word_1_365' title='bbox 495 2736 548 2775; x_wconf 90' lang='lat' dir='ltr'>non</span> <span class='ocrx_word' id='word_1_366' title='bbox 571 2716 710 2781; x_wconf 73' lang='lat' dir='ltr'>frumenti,</span> <span class='ocrx_word' id='word_1_367' title='bbox 735 2715 782 2770; x_wconf 92' lang='lat' dir='ltr'>sed</span> <span class='ocrx_word' id='word_1_368' title='bbox 806 2713 879 2768; x_wconf 79' lang='lat' dir='ltr'>verbi</span> <span class='ocrx_word' id='word_1_369' title='bbox 898 2728 969 2784; x_wconf 91' lang='lat' dir='ltr'>pane</span> <span class='ocrx_word' id='word_1_370' title='bbox 992 2711 1131 2782; x_wconf 86' lang='lat' dir='ltr'>pascebat,</span> 
     </span>
     <span class='ocr_line' id='line_1_37' title="bbox 343 2798 1130 2879; baseline -0.018 -12"><span class='ocrx_word' id='word_1_371' title='bbox 343 2810 438 2867; x_wconf 86' lang='lat' dir='ltr'>eadem</span> <span class='ocrx_word' id='word_1_372' title='bbox 452 2810 509 2879; x_wconf 93' lang='lat' dir='ltr'>ipsa</span> <span class='ocrx_word' id='word_1_373' title='bbox 522 2815 564 2862; x_wconf 88' lang='lat' dir='ltr'>est</span> <span class='ocrx_word' id='word_1_374' title='bbox 577 2807 610 2862; x_wconf 92' lang='lat' dir='ltr'>de</span> <span class='ocrx_word' id='word_1_375' title='bbox 625 2821 679 2875; x_wconf 86' lang='lat' dir='ltr'>qua</span> <span class='ocrx_word' id='word_1_376' title='bbox 694 2804 793 2858; x_wconf 91' lang='lat' dir='ltr'>dieitur</span> <span class='ocrx_word' id='word_1_377' title='bbox 807 2802 834 2855; x_wconf 88' lang='lat' dir='ltr'>in</span> <span class='ocrx_word' id='word_1_378' title='bbox 847 2801 970 2872; x_wconf 89' lang='lat' dir='ltr'>psalmo:</span> <span class='ocrx_word' id='word_1_379' title='bbox 989 2819 998 2851; x_wconf 80' lang='grc' dir='ltr'><strong>ι</strong></span> <span class='ocrx_word' id='word_1_380' title='bbox 1015 2798 1130 2855; x_wconf 81' lang='lat' dir='ltr'>Viduam</span> 
     </span>
     <span class='ocr_line' id='line_1_38' title="bbox 340 2888 1132 2973; baseline -0.02 -16"><span class='ocrx_word' id='word_1_381' title='bbox 340 2901 400 2973; x_wconf 84' lang='lat' dir='ltr'>ejus</span> <span class='ocrx_word' id='word_1_382' title='bbox 416 2899 581 2955; x_wconf 90' lang='lat' dir='ltr'>benedicens</span> <span class='ocrx_word' id='word_1_383' title='bbox 590 2895 749 2950; x_wconf 88' lang='lat' dir='ltr'>benedicam</span> <span class='ocrx_word' id='word_1_384' title='bbox 778 2891 866 2964; x_wconf 81' lang='lat' dir='ltr'>(Paul.</span> <span class='ocrx_word' id='word_1_385' title='bbox 879 2890 985 2963; x_wconf 78' lang='lat' dir='ltr'>cxxxr),</span> <span class='ocrx_word' id='word_1_386' title='bbox 1003 2911 1012 2942; x_wconf 77' lang='grc' dir='ltr'><strong>ι</strong></span> <span class='ocrx_word' id='word_1_387' title='bbox 1028 2896 1056 2944; x_wconf 90' lang='lat' dir='ltr'>et</span> <span class='ocrx_word' id='word_1_388' title='bbox 1068 2888 1132 2944; x_wconf 88' lang='lat' dir='ltr'>reli-</span> 
     </span>
     <span class='ocr_line' id='line_1_39' title="bbox 345 2979 1133 3063; baseline -0.016 -17"><span class='ocrx_word' id='word_1_389' title='bbox 345 3008 398 3063; x_wconf 86' lang='lat' dir='ltr'>qua</span> <span class='ocrx_word' id='word_1_390' title='bbox 415 2987 425 3044; x_wconf 73' lang='grc' dir='ltr'>ε’</span> <span class='ocrx_word' id='word_1_391' title='bbox 439 2989 512 3044; x_wconf 90' lang='lat' dir='ltr'>illam</span> <span class='ocrx_word' id='word_1_392' title='bbox 529 2987 644 3050; x_wconf 90' lang='lat' dir='ltr'>scilicet,</span> <span class='ocrx_word' id='word_1_393' title='bbox 671 2984 704 3039; x_wconf 94' lang='lat' dir='ltr'>de</span> <span class='ocrx_word' id='word_1_394' title='bbox 726 2999 778 3053; x_wconf 89' lang='lat' dir='ltr'>qua</span> <span class='ocrx_word' id='word_1_395' title='bbox 792 2981 936 3052; x_wconf 76' lang='lat' dir='ltr'>Apostolus</span> <span class='ocrx_word' id='word_1_396' title='bbox 949 2980 989 3035; x_wconf 90' lang='lat' dir='ltr'>ait</span> <span class='ocrx_word' id='word_1_397' title='bbox 1007 2995 1015 3034; x_wconf 77' lang='grc' dir='ltr'><strong>ι</strong></span> <span class='ocrx_word' id='word_1_398' title='bbox 1035 2998 1044 3030; x_wconf 81' lang='lat' dir='ltr'>r</span> <span class='ocrx_word' id='word_1_399' title='bbox 1062 2979 1133 3033; x_wconf 85' lang='lat' dir='ltr'>bior-</span> 
     </span>
     <span class='ocr_line' id='line_1_40' title="bbox 342 3067 1131 3147; baseline -0.02 -10"><span class='ocrx_word' id='word_1_400' title='bbox 342 3093 389 3140; x_wconf 85' lang='lat' dir='ltr'>ttto</span> <span class='ocrx_word' id='word_1_401' title='bbox 413 3079 485 3144; x_wconf 80' lang='lat' dir='ltr'>niro,</span> <span class='ocrx_word' id='word_1_402' title='bbox 511 3077 611 3147; x_wconf 86' lang='lat' dir='ltr'>quibus</span> <span class='ocrx_word' id='word_1_403' title='bbox 626 3074 699 3129; x_wconf 80' lang='lat' dir='ltr'>volet</span> <span class='ocrx_word' id='word_1_404' title='bbox 723 3073 825 3143; x_wconf 89' lang='lat' dir='ltr'>nuptiis</span> <span class='ocrx_word' id='word_1_405' title='bbox 850 3072 934 3126; x_wconf 91' lang='lat' dir='ltr'>libera</span> <span class='ocrx_word' id='word_1_406' title='bbox 959 3078 1002 3126; x_wconf 92' lang='lat' dir='ltr'>est</span> <span class='ocrx_word' id='word_1_407' title='bbox 1029 3068 1055 3142; x_wconf 74' lang='grc' dir='ltr'>(Ι</span> <span class='ocrx_word' id='word_1_408' title='bbox 1069 3067 1131 3124; x_wconf 87' lang='lat' dir='ltr'>Cor.</span> 
     </span>
     <span class='ocr_line' id='line_1_41' title="bbox 344 3161 1134 3246; baseline -0.013 -19"><span class='ocrx_word' id='word_1_409' title='bbox 344 3173 405 3246; x_wconf 80' lang='lat' dir='ltr'>ru).</span> <span class='ocrx_word' id='word_1_410' title='bbox 424 3193 433 3225; x_wconf 78' lang='grc' dir='ltr'><strong>ι</strong></span> <span class='ocrx_word' id='word_1_411' title='bbox 451 3170 531 3240; x_wconf 84' lang='lat' dir='ltr'>Quia,</span> <span class='ocrx_word' id='word_1_412' title='bbox 547 3169 688 3223; x_wconf 86' lang='lat' dir='ltr'>desinente</span> <span class='ocrx_word' id='word_1_413' title='bbox 702 3166 771 3237; x_wconf 77' lang='lat' dir='ltr'>lege,</span> <span class='ocrx_word' id='word_1_414' title='bbox 789 3183 798 3216; x_wconf 78' lang='lat' dir='ltr'>a</span> <span class='ocrx_word' id='word_1_415' title='bbox 816 3165 893 3235; x_wconf 85' lang='lat' dir='ltr'>cujus</span> <span class='ocrx_word' id='word_1_416' title='bbox 905 3165 967 3218; x_wconf 80' lang='lat' dir='ltr'>larris</span> <span class='ocrx_word' id='word_1_417' title='bbox 990 3170 1033 3218; x_wconf 89' lang='lat' dir='ltr'>est</span> <span class='ocrx_word' id='word_1_418' title='bbox 1054 3161 1134 3218; x_wconf 87' lang='lat' dir='ltr'>Chri-</span> 
     </span>
     <span class='ocr_line' id='line_1_42' title="bbox 299 3249 1133 3335; baseline -0.02 -14"><span class='ocrx_word' id='word_1_419' title='bbox 299 3270 300 3273; x_wconf 75' lang='grc'>’</span> <span class='ocrx_word' id='word_1_420' title='bbox 344 3274 402 3320; x_wconf 84' lang='grc' dir='ltr'><strong>ειιιε</strong></span> <span class='ocrx_word' id='word_1_421' title='bbox 416 3261 505 3335; x_wconf 82' lang='lat' dir='ltr'>(Rem.</span> <span class='ocrx_word' id='word_1_422' title='bbox 521 3260 559 3331; x_wconf 83' lang='lat' dir='ltr'>x),</span> <span class='ocrx_word' id='word_1_423' title='bbox 578 3278 587 3311; x_wconf 78' lang='grc' dir='ltr'><strong>ι</strong></span> <span class='ocrx_word' id='word_1_424' title='bbox 604 3256 637 3310; x_wconf 93' lang='lat' dir='ltr'>ad</span> <span class='ocrx_word' id='word_1_425' title='bbox 653 3256 747 3327; x_wconf 72' lang='lat' dir='ltr'>gratim</span> <span class='ocrx_word' id='word_1_426' title='bbox 763 3256 917 3309; x_wconf 88' lang='lat' dir='ltr'>libertatem</span> <span class='ocrx_word' id='word_1_427' title='bbox 935 3253 1080 3308; x_wconf 87' lang='lat' dir='ltr'>transitum</span> <span class='ocrx_word' id='word_1_428' title='bbox 1091 3249 1133 3305; x_wconf 86' lang='lat' dir='ltr'>la·</span> 
     </span>
     <span class='ocr_line' id='line_1_43' title="bbox 341 3342 1130 3416; baseline -0.016 -7"><span class='ocrx_word' id='word_1_429' title='bbox 341 3354 418 3409; x_wconf 88' lang='lat' dir='ltr'>ciens</span> <span class='ocrx_word' id='word_1_430' title='bbox 434 3349 554 3405; x_wconf 79' lang='lat' dir='ltr'>Ecclesia</span> <span class='ocrx_word' id='word_1_431' title='bbox 568 3348 601 3401; x_wconf 91' lang='lat' dir='ltr'>ad</span> <span class='ocrx_word' id='word_1_432' title='bbox 625 3346 773 3412; x_wconf 83' lang='lat' dir='ltr'>Christum,</span> <span class='ocrx_word' id='word_1_433' title='bbox 792 3344 869 3416; x_wconf 88' lang='lat' dir='ltr'>quasi</span> <span class='ocrx_word' id='word_1_434' title='bbox 885 3344 972 3398; x_wconf 78' lang='lat' dir='ltr'>uiduae</span> <span class='ocrx_word' id='word_1_435' title='bbox 986 3342 1063 3414; x_wconf 74' lang='lat' dir='ltr'>lepis,</span> <span class='ocrx_word' id='word_1_436' title='bbox 1089 3342 1130 3396; x_wconf 90' lang='lat' dir='ltr'>in-</span> 
     </span>
    </p>
   </div>
   <div class='ocr_carea' id='block_1_10' title="bbox 1183 2709 1977 3238">
    <p class='ocr_par' dir='ltr' id='par_1_10' title="bbox 1183 2709 1977 3238">
     <span class='ocr_line' id='line_1_44' title="bbox 1184 2709 1975 2787; baseline 0.016 -25"><span class='ocrx_word' id='word_1_437' title='bbox 1184 2710 1218 2765; x_wconf 91' lang='lat' dir='ltr'>ad</span> <span class='ocrx_word' id='word_1_438' title='bbox 1234 2709 1343 2767; x_wconf 88' lang='lat' dir='ltr'>Patrem</span> <span class='ocrx_word' id='word_1_439' title='bbox 1370 2711 1463 2766; x_wconf 81' lang='lat' dir='ltr'>dixit:</span> <span class='ocrx_word' id='word_1_440' title='bbox 1482 2729 1492 2762; x_wconf 89' lang='lat'>‹</span> <span class='ocrx_word' id='word_1_441' title='bbox 1514 2711 1605 2778; x_wconf 88' lang='lat' dir='ltr'>Pater,</span> <span class='ocrx_word' id='word_1_442' title='bbox 1630 2713 1741 2785; x_wconf 76' lang='lat' dir='ltr'>ignosce</span> <span class='ocrx_word' id='word_1_443' title='bbox 1771 2715 1836 2783; x_wconf 91' lang='lat' dir='ltr'>illis,</span> <span class='ocrx_word' id='word_1_444' title='bbox 1849 2719 1912 2787; x_wconf 87' lang='lat' dir='ltr'>quia</span> <span class='ocrx_word' id='word_1_445' title='bbox 1925 2734 1975 2775; x_wconf 87' lang='lat' dir='ltr'>ne-</span> 
     </span>
     <span class='ocr_line' id='line_1_45' title="bbox 1183 2801 1974 2880; baseline 0.013 -23"><span class='ocrx_word' id='word_1_446' title='bbox 1183 2802 1274 2859; x_wconf 88' lang='lat' dir='ltr'>sciunt</span> <span class='ocrx_word' id='word_1_447' title='bbox 1285 2805 1349 2875; x_wconf 87' lang='lat' dir='ltr'>quid</span> <span class='ocrx_word' id='word_1_448' title='bbox 1361 2803 1464 2860; x_wconf 83' lang='lat' dir='ltr'>iaciunt</span> <span class='ocrx_word' id='word_1_449' title='bbox 1486 2801 1562 2875; x_wconf 84' lang='lat' dir='ltr'>(Lne.</span> <span class='ocrx_word' id='word_1_450' title='bbox 1579 2807 1684 2880; x_wconf 75' lang='lat' dir='ltr'>und.»</span> <span class='ocrx_word' id='word_1_451' title='bbox 1701 2808 1736 2862; x_wconf 83' lang='lat' dir='ltr'>Et</span> <span class='ocrx_word' id='word_1_452' title='bbox 1747 2808 1813 2864; x_wconf 92' lang='lat' dir='ltr'>item</span> <span class='ocrx_word' id='word_1_453' title='bbox 1830 2829 1837 2864; x_wconf 90' lang='lat'>:</span> <span class='ocrx_word' id='word_1_454' title='bbox 1856 2830 1866 2862; x_wconf 80' lang='grc' dir='ltr'><strong>ι</strong></span> <span class='ocrx_word' id='word_1_455' title='bbox 1884 2812 1974 2879; x_wconf 82' lang='lat' dir='ltr'>Pater,</span> 
     </span>
     <span class='ocr_line' id='line_1_46' title="bbox 1184 2892 1976 2963; baseline 0.013 -16"><span class='ocrx_word' id='word_1_456' title='bbox 1184 2892 1281 2963; x_wconf 86' lang='lat' dir='ltr'>inquit,</span> <span class='ocrx_word' id='word_1_457' title='bbox 1294 2892 1412 2948; x_wconf 87' lang='lat' dir='ltr'>clarillca</span> <span class='ocrx_word' id='word_1_458' title='bbox 1425 2894 1524 2950; x_wconf 87' lang='lat' dir='ltr'>Filium</span> <span class='ocrx_word' id='word_1_459' title='bbox 1536 2905 1622 2963; x_wconf 90' lang='lat' dir='ltr'>tuum,</span> <span class='ocrx_word' id='word_1_460' title='bbox 1634 2903 1664 2951; x_wconf 92' lang='lat' dir='ltr'>ut</span> <span class='ocrx_word' id='word_1_461' title='bbox 1673 2896 1758 2953; x_wconf 87' lang='lat' dir='ltr'>Filius</span> <span class='ocrx_word' id='word_1_462' title='bbox 1768 2906 1831 2954; x_wconf 90' lang='lat' dir='ltr'>tuus</span> <span class='ocrx_word' id='word_1_463' title='bbox 1845 2899 1976 2957; x_wconf 79' lang='lat' dir='ltr'>clarificet</span> 
     </span>
     <span class='ocr_line' id='line_1_47' title="bbox 1184 2981 1976 3056; baseline 0.015 -21"><span class='ocrx_word' id='word_1_464' title='bbox 1184 2988 1221 3036; x_wconf 90' lang='lat' dir='ltr'>te.</span> <span class='ocrx_word' id='word_1_465' title='bbox 1237 2981 1312 3037; x_wconf 87' lang='lat' dir='ltr'>Sicut</span> <span class='ocrx_word' id='word_1_466' title='bbox 1327 2982 1423 3037; x_wconf 91' lang='lat' dir='ltr'>dedisti</span> <span class='ocrx_word' id='word_1_467' title='bbox 1439 2984 1465 3038; x_wconf 88' lang='lat' dir='ltr'>ei</span> <span class='ocrx_word' id='word_1_468' title='bbox 1477 2994 1639 3054; x_wconf 88' lang='lat' dir='ltr'>potestatem</span> <span class='ocrx_word' id='word_1_469' title='bbox 1652 2988 1741 3043; x_wconf 93' lang='lat' dir='ltr'>omnis</span> <span class='ocrx_word' id='word_1_470' title='bbox 1755 2989 1856 3056; x_wconf 88' lang='lat' dir='ltr'>carnis,</span> <span class='ocrx_word' id='word_1_471' title='bbox 1872 3000 1902 3045; x_wconf 90' lang='lat' dir='ltr'>ut</span> <span class='ocrx_word' id='word_1_472' title='bbox 1915 3008 1976 3049; x_wconf 91' lang='lat' dir='ltr'>om·</span> 
     </span>
     <span class='ocr_line' id='line_1_48' title="bbox 1184 3074 1977 3142; baseline 0.014 -15"><span class='ocrx_word' id='word_1_473' title='bbox 1184 3087 1219 3128; x_wconf 91' lang='lat' dir='ltr'>nc</span> <span class='ocrx_word' id='word_1_474' title='bbox 1231 3074 1303 3142; x_wconf 87' lang='lat' dir='ltr'>quod</span> <span class='ocrx_word' id='word_1_475' title='bbox 1318 3074 1415 3128; x_wconf 86' lang='lat' dir='ltr'>dedisti</span> <span class='ocrx_word' id='word_1_476' title='bbox 1437 3074 1462 3129; x_wconf 89' lang='lat' dir='ltr'>ei</span> <span class='ocrx_word' id='word_1_477' title='bbox 1481 3075 1526 3130; x_wconf 91' lang='lat' dir='ltr'>det</span> <span class='ocrx_word' id='word_1_478' title='bbox 1542 3077 1582 3131; x_wconf 92' lang='lat' dir='ltr'>eis</span> <span class='ocrx_word' id='word_1_479' title='bbox 1597 3076 1681 3131; x_wconf 81' lang='lat' dir='ltr'>sitam</span> <span class='ocrx_word' id='word_1_480' title='bbox 1700 3086 1839 3134; x_wconf 84' lang='lat' dir='ltr'>aetemam.</span> <span class='ocrx_word' id='word_1_481' title='bbox 1856 3079 1919 3137; x_wconf 84' lang='lat' dir='ltr'>llaec</span> <span class='ocrx_word' id='word_1_482' title='bbox 1934 3090 1977 3137; x_wconf 88' lang='lat' dir='ltr'>cst</span> 
     </span>
     <span class='ocr_line' id='line_1_49' title="bbox 1184 3165 1976 3238; baseline 0.015 -21"><span class='ocrx_word' id='word_1_483' title='bbox 1184 3170 1275 3218; x_wconf 89' lang='lat' dir='ltr'>autern</span> <span class='ocrx_word' id='word_1_484' title='bbox 1305 3165 1359 3218; x_wconf 83' lang='lat' dir='ltr'>rita</span> <span class='ocrx_word' id='word_1_485' title='bbox 1374 3173 1486 3231; x_wconf 85' lang='lat' dir='ltr'>aeterna,</span> <span class='ocrx_word' id='word_1_486' title='bbox 1511 3175 1540 3220; x_wconf 88' lang='lat' dir='ltr'>ut</span> <span class='ocrx_word' id='word_1_487' title='bbox 1552 3178 1717 3238; x_wconf 77' lang='lat' dir='ltr'>cognoscant</span> <span class='ocrx_word' id='word_1_488' title='bbox 1734 3178 1761 3225; x_wconf 89' lang='lat' dir='ltr'>te</span> <span class='ocrx_word' id='word_1_489' title='bbox 1779 3169 1866 3226; x_wconf 90' lang='lat' dir='ltr'>solum</span> <span class='ocrx_word' id='word_1_490' title='bbox 1890 3172 1976 3228; x_wconf 87' lang='lat' dir='ltr'>Denxu</span> 
     </span>
    </p>
   </div>
   <div class='ocr_carea' id='block_1_11' title="bbox 1184 3258 1974 3415">
    <p class='ocr_par' dir='ltr' id='par_1_11' title="bbox 1184 3258 1974 3415">
     <span class='ocr_line' id='line_1_50' title="bbox 1184 3258 1974 3333; baseline 0.014 -26"><span class='ocrx_word' id='word_1_491' title='bbox 1184 3269 1291 3320; x_wconf 85' lang='lat' dir='ltr'>verum,</span> <span class='ocrx_word' id='word_1_492' title='bbox 1311 3264 1346 3318; x_wconf 91' lang='lat' dir='ltr'>et,</span> <span class='ocrx_word' id='word_1_493' title='bbox 1375 3271 1455 3326; x_wconf 89' lang='lat' dir='ltr'>quern</span> <span class='ocrx_word' id='word_1_494' title='bbox 1471 3258 1582 3325; x_wconf 87' lang='lat' dir='ltr'>misisti,</span> <span class='ocrx_word' id='word_1_495' title='bbox 1600 3258 1691 3313; x_wconf 81' lang='lat' dir='ltr'>lesum</span> <span class='ocrx_word' id='word_1_496' title='bbox 1706 3259 1855 3316; x_wconf 84' lang='lat' dir='ltr'>Christum.</span> <span class='ocrx_word' id='word_1_497' title='bbox 1881 3262 1974 3333; x_wconf 83' lang='lat' dir='ltr'>(Jocn.</span> 
     </span>
     <span class='ocr_line' id='line_1_51' title="bbox 1186 3342 1291 3415; baseline -0.01 -17"><span class='ocrx_word' id='word_1_498' title='bbox 1186 3342 1263 3415; x_wconf 79' lang='lat' dir='ltr'>xvu).</span> <span class='ocrx_word' id='word_1_499' title='bbox 1282 3365 1291 3397; x_wconf 78' lang='grc' dir='ltr'><strong>ι</strong></span> 
     </span>
    </p>
   </div>
   <div class='ocr_carea' id='block_1_12' title="bbox 341 3413 1977 4449">
    <p class='ocr_par' dir='ltr' id='par_1_12' title="bbox 341 3413 1977 4449">
     <span class='ocr_line' id='line_1_52' title="bbox 341 3413 1976 3514; baseline -0.001 -14"><span class='ocrx_word' id='word_1_500' title='bbox 341 3443 444 3514; x_wconf 85' lang='lat' dir='ltr'>nupsit.</span> <span class='ocrx_word' id='word_1_501' title='bbox 461 3440 547 3511; x_wconf 84' lang='lat' dir='ltr'>liujus</span> <span class='ocrx_word' id='word_1_502' title='bbox 561 3439 670 3494; x_wconf 90' lang='lat' dir='ltr'>nuncin</span> <span class='ocrx_word' id='word_1_503' title='bbox 690 3437 763 3493; x_wconf 84' lang='lat' dir='ltr'>rasis</span> <span class='ocrx_word' id='word_1_504' title='bbox 777 3437 867 3492; x_wconf 90' lang='lat' dir='ltr'>oleum</span> <span class='ocrx_word' id='word_1_505' title='bbox 881 3436 986 3506; x_wconf 64' lang='lat' dir='ltr'>gratiae,</span> <span class='ocrx_word' id='word_1_506' title='bbox 1010 3443 1038 3491; x_wconf 90' lang='lat' dir='ltr'>et</span> <span class='ocrx_word' id='word_1_507' title='bbox 1050 3413 1168 3490; x_wconf 78' lang='lat' dir='ltr'>bene·G</span> <span class='ocrx_word' id='word_1_508' title='bbox 1220 3434 1370 3489; x_wconf 85' lang='lat' dir='ltr'>Exauditus</span> <span class='ocrx_word' id='word_1_509' title='bbox 1383 3444 1425 3490; x_wconf 92' lang='lat' dir='ltr'>est</span> <span class='ocrx_word' id='word_1_510' title='bbox 1439 3444 1530 3492; x_wconf 90' lang='lat' dir='ltr'>autem</span> <span class='ocrx_word' id='word_1_511' title='bbox 1552 3437 1638 3504; x_wconf 84' lang='lat' dir='ltr'>Elias,</span> <span class='ocrx_word' id='word_1_512' title='bbox 1657 3457 1666 3489; x_wconf 83' lang='lat' dir='ltr'>r</span> <span class='ocrx_word' id='word_1_513' title='bbox 1694 3446 1722 3494; x_wconf 88' lang='lat' dir='ltr'>et</span> <span class='ocrx_word' id='word_1_514' title='bbox 1736 3456 1846 3497; x_wconf 78' lang='lat' dir='ltr'>reversa</span> <span class='ocrx_word' id='word_1_515' title='bbox 1861 3452 1904 3498; x_wconf 86' lang='lat' dir='ltr'>est</span> <span class='ocrx_word' id='word_1_516' title='bbox 1917 3444 1976 3499; x_wconf 92' lang='lat' dir='ltr'>ani-</span> 
     </span>
     <span class='ocr_line' id='line_1_53' title="bbox 341 3523 1976 3599; baseline -0.002 -9"><span class='ocrx_word' id='word_1_517' title='bbox 341 3532 469 3589; x_wconf 83' lang='lat' dir='ltr'>dietionis</span> <span class='ocrx_word' id='word_1_518' title='bbox 484 3530 573 3585; x_wconf 77' lang='lat' dir='ltr'>farina</span> <span class='ocrx_word' id='word_1_519' title='bbox 589 3543 643 3583; x_wconf 92' lang='lat' dir='ltr'>non</span> <span class='ocrx_word' id='word_1_520' title='bbox 666 3526 775 3591; x_wconf 89' lang='lat' dir='ltr'>desinit,</span> <span class='ocrx_word' id='word_1_521' title='bbox 793 3527 820 3581; x_wconf 93' lang='lat' dir='ltr'>in</span> <span class='ocrx_word' id='word_1_522' title='bbox 832 3526 959 3580; x_wconf 92' lang='lat' dir='ltr'>omnibus</span> <span class='ocrx_word' id='word_1_523' title='bbox 974 3523 1032 3580; x_wconf 83' lang='lat' dir='ltr'>iere</span> <span class='ocrx_word' id='word_1_524' title='bbox 1044 3523 1132 3595; x_wconf 79' lang='lat' dir='ltr'>gerdi-</span> <span class='ocrx_word' id='word_1_525' title='bbox 1184 3523 1391 3594; x_wconf 87' lang='lat' dir='ltr'>mapueriintra</span> <span class='ocrx_word' id='word_1_526' title='bbox 1404 3540 1476 3591; x_wconf 90' lang='lat' dir='ltr'>curn,</span> <span class='ocrx_word' id='word_1_527' title='bbox 1489 3528 1630 3582; x_wconf 81' lang='lat' dir='ltr'>etrerixit.</span> <span class='ocrx_word' id='word_1_528' title='bbox 1645 3528 1770 3599; x_wconf 86' lang='lat' dir='ltr'>Tulitque</span> <span class='ocrx_word' id='word_1_529' title='bbox 1786 3531 1862 3587; x_wconf 92' lang='lat' dir='ltr'>illum</span> <span class='ocrx_word' id='word_1_530' title='bbox 1872 3540 1899 3587; x_wconf 88' lang='lat' dir='ltr'>et</span> <span class='ocrx_word' id='word_1_531' title='bbox 1912 3534 1976 3589; x_wconf 87' lang='lat' dir='ltr'>red-</span> 
     </span>
     <span class='ocr_line' id='line_1_54' title="bbox 342 3612 1977 3692; baseline -0.006 -12"><span class='ocrx_word' id='word_1_532' title='bbox 342 3626 394 3681; x_wconf 86' lang='lat' dir='ltr'>bus</span> <span class='ocrx_word' id='word_1_533' title='bbox 406 3621 477 3678; x_wconf 88' lang='lat' dir='ltr'>lame</span> <span class='ocrx_word' id='word_1_534' title='bbox 491 3628 629 3684; x_wconf 89' lang='lat' dir='ltr'>manente,</span> <span class='ocrx_word' id='word_1_535' title='bbox 654 3633 769 3687; x_wconf 85' lang='lat' dir='ltr'>quarum</span> <span class='ocrx_word' id='word_1_536' title='bbox 793 3617 857 3671; x_wconf 84' lang='lat' dir='ltr'>uitae</span> <span class='ocrx_word' id='word_1_537' title='bbox 875 3615 1004 3680; x_wconf 90' lang='lat' dir='ltr'>esuriem,</span> <span class='ocrx_word' id='word_1_538' title='bbox 1021 3621 1049 3669; x_wconf 91' lang='lat' dir='ltr'>et</span> <span class='ocrx_word' id='word_1_539' title='bbox 1071 3612 1133 3668; x_wconf 88' lang='lat' dir='ltr'>ildei</span> <span class='ocrx_word' id='word_1_540' title='bbox 1184 3612 1252 3668; x_wconf 88' lang='lat' dir='ltr'>didit</span> <span class='ocrx_word' id='word_1_541' title='bbox 1277 3614 1358 3668; x_wconf 89' lang='lat' dir='ltr'>matri</span> <span class='ocrx_word' id='word_1_542' title='bbox 1384 3629 1450 3680; x_wconf 80' lang='lat' dir='ltr'>saa,</span> <span class='ocrx_word' id='word_1_543' title='bbox 1471 3634 1481 3667; x_wconf 79' lang='grc' dir='ltr'><strong>ι</strong></span> <span class='ocrx_word' id='word_1_544' title='bbox 1498 3632 1559 3670; x_wconf 87' lang='lat' dir='ltr'>rum</span> <span class='ocrx_word' id='word_1_545' title='bbox 1575 3617 1707 3672; x_wconf 85' lang='lat' dir='ltr'>Dominus</span> <span class='ocrx_word' id='word_1_546' title='bbox 1727 3629 1822 3676; x_wconf 87' lang='lat' dir='ltr'>noster</span> <span class='ocrx_word' id='word_1_547' title='bbox 1846 3620 1977 3692; x_wconf 83' lang='lat' dir='ltr'>populum</span> 
     </span>
     <span class='ocr_line' id='line_1_55' title="bbox 343 3701 1977 3779; baseline -0.002 -8"><span class='ocrx_word' id='word_1_548' title='bbox 343 3713 486 3771; x_wconf 83' lang='lat' dir='ltr'>Trinitatis</span> <span class='ocrx_word' id='word_1_549' title='bbox 510 3709 627 3765; x_wconf 87' lang='lat' dir='ltr'>inediam</span> <span class='ocrx_word' id='word_1_550' title='bbox 657 3721 776 3777; x_wconf 77' lang='lat' dir='ltr'>congrue</span> <span class='ocrx_word' id='word_1_551' title='bbox 799 3701 1031 3777; x_wconf 75' lang='lat' dir='ltr'>praesignaritilla</span> <span class='ocrx_word' id='word_1_552' title='bbox 1046 3717 1133 3773; x_wconf 87' lang='lat' dir='ltr'>quon·</span> <span class='ocrx_word' id='word_1_553' title='bbox 1185 3704 1293 3759; x_wconf 89' lang='lat' dir='ltr'>salvans</span> <span class='ocrx_word' id='word_1_554' title='bbox 1318 3708 1484 3772; x_wconf 81' lang='lat' dir='ltr'>credentem,</span> <span class='ocrx_word' id='word_1_555' title='bbox 1513 3723 1591 3779; x_wconf 76' lang='lat' dir='ltr'>signa</span> <span class='ocrx_word' id='word_1_556' title='bbox 1606 3716 1633 3763; x_wconf 92' lang='lat' dir='ltr'>et</span> <span class='ocrx_word' id='word_1_557' title='bbox 1660 3709 1790 3766; x_wconf 90' lang='lat' dir='ltr'>miracula</span> <span class='ocrx_word' id='word_1_558' title='bbox 1815 3712 1977 3769; x_wconf 84' lang='lat' dir='ltr'>ostendebat</span> 
     </span>
     <span class='ocr_line' id='line_1_56' title="bbox 343 3795 1975 3872; baseline -0.007 -1"><span class='ocrx_word' id='word_1_559' title='bbox 343 3806 404 3861; x_wconf 63' lang='lat' dir='ltr'>dam</span> <span class='ocrx_word' id='word_1_560' title='bbox 421 3800 531 3858; x_wconf 60' lang='lat' dir='ltr'>“5⁰⁰⁰st</span> <span class='ocrx_word' id='word_1_561' title='bbox 543 3798 638 3853; x_wconf 61' lang='lat' dir='ltr'>famei·</span> <span class='ocrx_word' id='word_1_562' title='bbox 1185 3795 1343 3860; x_wconf 84' lang='lat' dir='ltr'>incredulis,</span> <span class='ocrx_word' id='word_1_563' title='bbox 1360 3806 1389 3852; x_wconf 94' lang='lat' dir='ltr'>ut</span> <span class='ocrx_word' id='word_1_564' title='bbox 1403 3808 1597 3869; x_wconf 78' lang='lat' dir='ltr'>cognoscerent</span> <span class='ocrx_word' id='word_1_565' title='bbox 1618 3804 1753 3858; x_wconf 82' lang='lat' dir='ltr'>veraciter</span> <span class='ocrx_word' id='word_1_566' title='bbox 1780 3803 1857 3859; x_wconf 93' lang='lat' dir='ltr'>illum</span> <span class='ocrx_word' id='word_1_567' title='bbox 1873 3804 1975 3872; x_wconf 81' lang='lat' dir='ltr'>rivere,</span> 
     </span>
     <span class='ocr_line' id='line_1_57' title="bbox 382 3879 1976 3962; baseline -0.008 3"><span class='ocrx_word' id='word_1_568' title='bbox 382 3915 391 3948; x_wconf 67' lang='lat' dir='ltr'>l</span> <span class='ocrx_word' id='word_1_569' title='bbox 410 3894 522 3949; x_wconf 65' lang='lat' dir='ltr'>Fisslllm</span> <span class='ocrx_word' id='word_1_570' title='bbox 534 3899 576 3946; x_wconf 68' lang='lat'>0⁸¹</span> <span class='ocrx_word' id='word_1_571' title='bbox 604 3897 694 3943; x_wconf 66' lang='lat'>³⁰¹0¹¹¹</span> <span class='ocrx_word' id='word_1_572' title='bbox 720 3894 781 3957; x_wconf 68' lang='lat' dir='ltr'>l&gt;⁰Sl</span> <span class='ocrx_word' id='word_1_573' title='bbox 805 3886 887 3940; x_wconf 81' lang='lat' dir='ltr'>rerba</span> <span class='ocrx_word' id='word_1_574' title='bbox 909 3885 976 3950; x_wconf 65' lang='lat' dir='ltr'>haect</span> <span class='ocrx_word' id='word_1_575' title='bbox 992 3879 1135 3951; x_wconf 64' lang='lat' dir='ltr'>aebffllalil</span> <span class='ocrx_word' id='word_1_576' title='bbox 1184 3890 1232 3961; x_wconf 83' lang='lat' dir='ltr'>qui</span> <span class='ocrx_word' id='word_1_577' title='bbox 1259 3890 1347 3945; x_wconf 90' lang='lat' dir='ltr'>credit</span> <span class='ocrx_word' id='word_1_578' title='bbox 1371 3892 1520 3946; x_wconf 89' lang='lat' dir='ltr'>innomine</span> <span class='ocrx_word' id='word_1_579' title='bbox 1543 3892 1611 3962; x_wconf 87' lang='lat' dir='ltr'>ejus.</span> <span class='ocrx_word' id='word_1_580' title='bbox 1628 3893 1662 3949; x_wconf 86' lang='lat' dir='ltr'>Et</span> <span class='ocrx_word' id='word_1_581' title='bbox 1676 3895 1716 3950; x_wconf 92' lang='lat' dir='ltr'>sic</span> <span class='ocrx_word' id='word_1_582' title='bbox 1729 3897 1835 3951; x_wconf 82' lang='lat' dir='ltr'>eueniet</span> <span class='ocrx_word' id='word_1_583' title='bbox 1849 3906 1879 3952; x_wconf 92' lang='lat' dir='ltr'>ut</span> <span class='ocrx_word' id='word_1_584' title='bbox 1893 3898 1976 3954; x_wconf 82' lang='lat' dir='ltr'>rerba</span> 
     </span>
     <span class='ocr_line' id='line_1_58' title="bbox 347 3968 1977 4057; baseline 0 -21"><span class='ocrx_word' id='word_1_585' title='bbox 347 4005 357 4036; x_wconf 74' lang='lat' dir='ltr'>a</span> <span class='ocrx_word' id='word_1_586' title='bbox 381 3984 451 4039; x_wconf 91' lang='lat' dir='ltr'>lilius</span> <span class='ocrx_word' id='word_1_587' title='bbox 468 3980 589 4036; x_wconf 89' lang='lat' dir='ltr'>mulieris</span> <span class='ocrx_word' id='word_1_588' title='bbox 601 3974 824 4039; x_wconf 88' lang='lat' dir='ltr'>matrislamilias,</span> <span class='ocrx_word' id='word_1_589' title='bbox 838 3981 865 4028; x_wconf 85' lang='lat' dir='ltr'>et</span> <span class='ocrx_word' id='word_1_590' title='bbox 878 3980 937 4027; x_wconf 92' lang='lat' dir='ltr'>erat</span> <span class='ocrx_word' id='word_1_591' title='bbox 954 3970 1067 4042; x_wconf 75' lang='lat' dir='ltr'>languor</span> <span class='ocrx_word' id='word_1_592' title='bbox 1076 3968 1135 4038; x_wconf 80' lang='lat' dir='ltr'>ejus</span> <span class='ocrx_word' id='word_1_593' title='bbox 1185 3978 1307 4034; x_wconf 78' lang='lat' dir='ltr'>mulieris</span> <span class='ocrx_word' id='word_1_594' title='bbox 1321 3980 1481 4036; x_wconf 86' lang='lat' dir='ltr'>admirantis</span> <span class='ocrx_word' id='word_1_595' title='bbox 1490 3982 1524 4037; x_wconf 94' lang='lat' dir='ltr'>de</span> <span class='ocrx_word' id='word_1_596' title='bbox 1535 3984 1664 4039; x_wconf 83' lang='lat' dir='ltr'>suscitato</span> <span class='ocrx_word' id='word_1_597' title='bbox 1678 4000 1762 4055; x_wconf 89' lang='lat' dir='ltr'>puero</span> <span class='ocrx_word' id='word_1_598' title='bbox 1775 3987 1851 4057; x_wconf 90' lang='lat' dir='ltr'>plebs</span> <span class='ocrx_word' id='word_1_599' title='bbox 1865 3986 1977 4045; x_wconf 71' lang='lat' dir='ltr'>Judaiea</span> 
     </span>
     <span class='ocr_line' id='line_1_59' title="bbox 348 4061 1976 4145; baseline 0 -15"><span class='ocrx_word' id='word_1_600' title='bbox 348 4095 358 4129; x_wconf 82' lang='lat' dir='ltr'>r</span> <span class='ocrx_word' id='word_1_601' title='bbox 381 4073 559 4136; x_wconf 81' lang='lat' dir='ltr'>fortissimus,</span> <span class='ocrx_word' id='word_1_602' title='bbox 577 4069 615 4123; x_wconf 92' lang='lat' dir='ltr'>ita</span> <span class='ocrx_word' id='word_1_603' title='bbox 638 4076 668 4122; x_wconf 92' lang='lat' dir='ltr'>ut</span> <span class='ocrx_word' id='word_1_604' title='bbox 686 4082 740 4121; x_wconf 93' lang='lat' dir='ltr'>non</span> <span class='ocrx_word' id='word_1_605' title='bbox 760 4072 912 4120; x_wconf 80' lang='lat' dir='ltr'>retraaueret</span> <span class='ocrx_word' id='word_1_606' title='bbox 928 4064 954 4117; x_wconf 91' lang='lat' dir='ltr'>in</span> <span class='ocrx_word' id='word_1_607' title='bbox 977 4078 1010 4118; x_wconf 91' lang='lat' dir='ltr'>eo</span> <span class='ocrx_word' id='word_1_608' title='bbox 1025 4061 1133 4116; x_wconf 90' lang='lat' dir='ltr'>halitus.</span> <span class='ocrx_word' id='word_1_609' title='bbox 1185 4072 1299 4128; x_wconf 74' lang='lat' dir='ltr'>veritate</span> <span class='ocrx_word' id='word_1_610' title='bbox 1312 4081 1436 4144; x_wconf 89' lang='lat' dir='ltr'>superata</span> <span class='ocrx_word' id='word_1_611' title='bbox 1456 4074 1606 4145; x_wconf 88' lang='lat' dir='ltr'>proclamet</span> <span class='ocrx_word' id='word_1_612' title='bbox 1627 4077 1661 4131; x_wconf 90' lang='lat' dir='ltr'>ad</span> <span class='ocrx_word' id='word_1_613' title='bbox 1675 4077 1824 4144; x_wconf 89' lang='lat' dir='ltr'>Christum,</span> <span class='ocrx_word' id='word_1_614' title='bbox 1841 4089 1868 4136; x_wconf 88' lang='lat' dir='ltr'>et</span> <span class='ocrx_word' id='word_1_615' title='bbox 1881 4080 1976 4136; x_wconf 84' lang='lat' dir='ltr'>dicat:</span> 
     </span>
     <span class='ocr_line' id='line_1_60' title="bbox 349 4151 1977 4238; baseline 0.004 -20"><span class='ocrx_word' id='word_1_616' title='bbox 349 4184 358 4218; x_wconf 81' lang='lat' dir='ltr'>a</span> <span class='ocrx_word' id='word_1_617' title='bbox 380 4164 454 4220; x_wconf 82' lang='lat' dir='ltr'>Dixit</span> <span class='ocrx_word' id='word_1_618' title='bbox 467 4178 532 4233; x_wconf 76' lang='lat' dir='ltr'>ergo</span> <span class='ocrx_word' id='word_1_619' title='bbox 546 4161 580 4214; x_wconf 86' lang='lat' dir='ltr'>ad</span> <span class='ocrx_word' id='word_1_620' title='bbox 595 4159 681 4214; x_wconf 88' lang='lat' dir='ltr'>Eliam</span> <span class='ocrx_word' id='word_1_621' title='bbox 699 4175 705 4210; x_wconf 92' lang='lat'>:</span> <span class='ocrx_word' id='word_1_622' title='bbox 723 4155 793 4223; x_wconf 84' lang='lat' dir='ltr'>Quid</span> <span class='ocrx_word' id='word_1_623' title='bbox 815 4154 881 4209; x_wconf 91' lang='lat' dir='ltr'>mihi</span> <span class='ocrx_word' id='word_1_624' title='bbox 893 4161 920 4209; x_wconf 88' lang='lat' dir='ltr'>et</span> <span class='ocrx_word' id='word_1_625' title='bbox 934 4154 994 4218; x_wconf 92' lang='lat' dir='ltr'>tibi,</span> <span class='ocrx_word' id='word_1_626' title='bbox 1007 4153 1050 4207; x_wconf 82' lang='lat' dir='ltr'>uir</span> <span class='ocrx_word' id='word_1_627' title='bbox 1063 4151 1109 4206; x_wconf 89' lang='lat' dir='ltr'>Dei</span> <span class='ocrx_word' id='word_1_628' title='bbox 1124 4152 1136 4205; x_wconf 81' lang='lat' dir='ltr'>‘l</span> <span class='ocrx_word' id='word_1_629' title='bbox 1188 4180 1198 4214; x_wconf 63' lang='lat' dir='ltr'>r</span> <span class='ocrx_word' id='word_1_630' title='bbox 1216 4161 1294 4219; x_wconf 73' lang='lat' dir='ltr'>Nunc</span> <span class='ocrx_word' id='word_1_631' title='bbox 1318 4165 1346 4218; x_wconf 84' lang='lat' dir='ltr'>in</span> <span class='ocrx_word' id='word_1_632' title='bbox 1368 4165 1421 4220; x_wconf 78' lang='lat' dir='ltr'>isto</span> <span class='ocrx_word' id='word_1_633' title='bbox 1442 4166 1568 4237; x_wconf 78' lang='lat' dir='ltr'>cognovi,</span> <span class='ocrx_word' id='word_1_634' title='bbox 1593 4169 1776 4238; x_wconf 82' lang='lat' dir='ltr'>quoniamrir</span> <span class='ocrx_word' id='word_1_635' title='bbox 1790 4169 1880 4227; x_wconf 83' lang='lat' dir='ltr'>Deles</span> <span class='ocrx_word' id='word_1_636' title='bbox 1894 4179 1933 4237; x_wconf 89' lang='lat' dir='ltr'>tu,</span> <span class='ocrx_word' id='word_1_637' title='bbox 1947 4180 1977 4228; x_wconf 91' lang='lat' dir='ltr'>ct</span> 
     </span>
     <span class='ocr_line' id='line_1_61' title="bbox 347 4242 1782 4327; baseline -0.02 -20"><span class='ocrx_word' id='word_1_638' title='bbox 347 4276 357 4307; x_wconf 73' lang='lat' dir='ltr'>a</span> <span class='ocrx_word' id='word_1_639' title='bbox 379 4255 556 4327; x_wconf 74' lang='lat' dir='ltr'>ingressusne</span> <span class='ocrx_word' id='word_1_640' title='bbox 568 4266 598 4305; x_wconf 91' lang='lat' dir='ltr'>es</span> <span class='ocrx_word' id='word_1_641' title='bbox 613 4248 646 4303; x_wconf 89' lang='lat' dir='ltr'>ad</span> <span class='ocrx_word' id='word_1_642' title='bbox 659 4263 703 4302; x_wconf 91' lang='lat' dir='ltr'>me</span> <span class='ocrx_word' id='word_1_643' title='bbox 721 4255 750 4301; x_wconf 87' lang='lat' dir='ltr'>ut</span> <span class='ocrx_word' id='word_1_644' title='bbox 773 4252 991 4301; x_wconf 85' lang='lat' dir='ltr'>rememorentur</span> <span class='ocrx_word' id='word_1_645' title='bbox 1006 4242 1136 4313; x_wconf 81' lang='lat' dir='ltr'>iniquita·</span> <span class='ocrx_word' id='word_1_646' title='bbox 1187 4255 1300 4311; x_wconf 58' lang='lat' dir='ltr'>,erbum</span> <span class='ocrx_word' id='word_1_647' title='bbox 1315 4254 1421 4311; x_wconf 61' lang='lat' dir='ltr'>Domini</span> <span class='ocrx_word' id='word_1_648' title='bbox 1438 4256 1464 4310; x_wconf 65' lang='lat'>5„</span> <span class='ocrx_word' id='word_1_649' title='bbox 1481 4272 1530 4313; x_wconf 59' lang='lat' dir='ltr'>ore</span> <span class='ocrx_word' id='word_1_650' title='bbox 1543 4265 1589 4313; x_wconf 66' lang='lat' dir='ltr'>,uo</span> <span class='ocrx_word' id='word_1_651' title='bbox 1601 4274 1697 4314; x_wconf 58' lang='lat' dir='ltr'>,erum</span> <span class='ocrx_word' id='word_1_652' title='bbox 1708 4268 1759 4316; x_wconf 35' lang='lat' dir='ltr'>es&amp;</span> <span class='ocrx_word' id='word_1_653' title='bbox 1772 4279 1782 4312; x_wconf 59' lang='lat'>,</span> 
     </span>
     <span class='ocr_line' id='line_1_62' title="bbox 349 4333 1681 4449; baseline -0.018 -51"><span class='ocrx_word' id='word_1_654' title='bbox 349 4368 358 4398; x_wconf 84' lang='lat' dir='ltr'>t</span> <span class='ocrx_word' id='word_1_655' title='bbox 382 4355 423 4402; x_wconf 90' lang='lat' dir='ltr'>tes</span> <span class='ocrx_word' id='word_1_656' title='bbox 438 4359 514 4408; x_wconf 76' lang='lat' dir='ltr'>meae,</span> <span class='ocrx_word' id='word_1_657' title='bbox 531 4351 559 4396; x_wconf 91' lang='lat' dir='ltr'>et</span> <span class='ocrx_word' id='word_1_658' title='bbox 577 4339 745 4395; x_wconf 82' lang='lat' dir='ltr'>interficeres</span> <span class='ocrx_word' id='word_1_659' title='bbox 771 4337 855 4391; x_wconf 82' lang='lat' dir='ltr'>salium</span> <span class='ocrx_word' id='word_1_660' title='bbox 874 4336 986 4391; x_wconf 83' lang='lat' dir='ltr'>meum?</span> <span class='ocrx_word' id='word_1_661' title='bbox 1002 4334 1035 4388; x_wconf 86' lang='lat' dir='ltr'>Et</span> <span class='ocrx_word' id='word_1_662' title='bbox 1052 4336 1090 4388; x_wconf 92' lang='lat' dir='ltr'>ait</span> <span class='ocrx_word' id='word_1_663' title='bbox 1102 4333 1137 4388; x_wconf 92' lang='lat' dir='ltr'>ad</span> <span class='ocrx_word' id='word_1_664' title='bbox 1473 4391 1587 4448; x_wconf 60' lang='lat' dir='ltr'>CAPUT</span> <span class='ocrx_word' id='word_1_665' title='bbox 1600 4391 1681 4449; x_wconf 65' lang='lat' dir='ltr'>mn</span> 
     </span>
    </p>
   </div>
   <div class='ocr_carea' id='block_1_13' title="bbox 346 4425 1978 4699">
    <p class='ocr_par' dir='ltr' id='par_1_13' title="bbox 346 4425 1978 4699">
     <span class='ocr_line' id='line_1_63' title="bbox 348 4425 1977 4556; baseline 0.006 -21"><span class='ocrx_word' id='word_1_666' title='bbox 348 4455 358 4486; x_wconf 71' lang='lat'><strong><em>⁴</em></strong></span> <span class='ocrx_word' id='word_1_667' title='bbox 381 4449 441 4535; x_wconf 47' lang='grc' dir='ltr'><strong>Ψ</strong></span> <span class='ocrx_word' id='word_1_668' title='bbox 459 4432 519 4535; x_wconf 50' lang='grc' dir='ltr'>ΞΜ</span> <span class='ocrx_word' id='word_1_669' title='bbox 534 4431 600 4485; x_wconf 60' lang='lat' dir='ltr'>mihi</span> <span class='ocrx_word' id='word_1_670' title='bbox 627 4429 712 4531; x_wconf 58' lang='lat' dir='ltr'>finfm&#39;</span> <span class='ocrx_word' id='word_1_671' title='bbox 726 4437 811 4483; x_wconf 38' lang='lat' dir='ltr'><strong>‘uum&#39;</strong></span> <span class='ocrx_word' id='word_1_672' title='bbox 829 4427 956 4496; x_wconf 61' lang='lat' dir='ltr'><strong>Tumque</strong></span> <span class='ocrx_word' id='word_1_673' title='bbox 975 4440 1037 4528; x_wconf 36' lang='lat' dir='ltr'>{usn</span> <span class='ocrx_word' id='word_1_674' title='bbox 1051 4425 1084 4479; x_wconf 67' lang='lat' dir='ltr'>de</span> <span class='ocrx_word' id='word_1_675' title='bbox 1097 4441 1135 4480; x_wconf 46' lang='grc' dir='ltr'>δι’</span> <span class='ocrx_word' id='word_1_676' title='bbox 1187 4478 1226 4533; x_wconf 89' lang='lat' dir='ltr'>De</span> <span class='ocrx_word' id='word_1_677' title='bbox 1243 4479 1433 4550; x_wconf 80' lang='lat' dir='ltr'>disceptatione</span> <span class='ocrx_word' id='word_1_678' title='bbox 1460 4482 1529 4536; x_wconf 80' lang='lat' dir='ltr'>Elin</span> <span class='ocrx_word' id='word_1_679' title='bbox 1551 4495 1642 4539; x_wconf 83' lang='lat' dir='ltr'>contra</span> <span class='ocrx_word' id='word_1_680' title='bbox 1661 4487 1801 4556; x_wconf 79' lang='lat' dir='ltr'>prophetat</span> <span class='ocrx_word' id='word_1_681' title='bbox 1829 4488 1930 4554; x_wconf 73' lang='lat' dir='ltr'>Achai,</span> <span class='ocrx_word' id='word_1_682' title='bbox 1950 4499 1977 4544; x_wconf 81' lang='lat' dir='ltr'>et</span> 
     </span>
     <span class='ocr_line' id='line_1_64' title="bbox 349 4517 1978 4620; baseline 0.009 -20"><span class='ocrx_word' id='word_1_683' title='bbox 349 4522 513 4588; x_wconf 56' lang='lat' dir='ltr'>‘numm’</span> <span class='ocrx_word' id='word_1_684' title='bbox 529 4527 686 4591; x_wconf 56' lang='lat' dir='ltr'>“imm</span> <span class='ocrx_word' id='word_1_685' title='bbox 702 4535 731 4572; x_wconf 74' lang='lat'>¹¹¹</span> <span class='ocrx_word' id='word_1_686' title='bbox 761 4517 931 4573; x_wconf 63' lang='lat' dir='ltr'>coenaculum</span> <span class='ocrx_word' id='word_1_687' title='bbox 946 4517 990 4571; x_wconf 59' lang='lat' dir='ltr'>um</span> <span class='ocrx_word' id='word_1_688' title='bbox 1006 4532 1135 4587; x_wconf 59' lang='lat' dir='ltr'><strong>&#39;psema&#39;</strong></span> <span class='ocrx_word' id='word_1_689' title='bbox 1222 4550 1352 4620; x_wconf 81' lang='lat' dir='ltr'>qunntodo</span> <span class='ocrx_word' id='word_1_690' title='bbox 1374 4552 1535 4607; x_wconf 82' lang='lat' dir='ltr'>inantolcndo</span> <span class='ocrx_word' id='word_1_691' title='bbox 1551 4556 1691 4609; x_wconf 82' lang='lat' dir='ltr'>ostenderit</span> <span class='ocrx_word' id='word_1_692' title='bbox 1709 4556 1793 4612; x_wconf 83' lang='lat' dir='ltr'>Deam</span> <span class='ocrx_word' id='word_1_693' title='bbox 1818 4574 1978 4615; x_wconf 76' lang='lat' dir='ltr'>cerumetu</span> 
     </span>
     <span class='ocr_line' id='line_1_65' title="bbox 346 4607 1977 4699; baseline 0.012 -34"><span class='ocrx_word' id='word_1_694' title='bbox 346 4631 356 4665; x_wconf 79' lang='lat' dir='ltr'>a</span> <span class='ocrx_word' id='word_1_695' title='bbox 377 4614 469 4679; x_wconf 90' lang='lat' dir='ltr'>nebat,</span> <span class='ocrx_word' id='word_1_696' title='bbox 495 4621 522 4668; x_wconf 92' lang='lat' dir='ltr'>et</span> <span class='ocrx_word' id='word_1_697' title='bbox 548 4610 638 4680; x_wconf 86' lang='lat' dir='ltr'>posuit</span> <span class='ocrx_word' id='word_1_698' title='bbox 659 4625 740 4680; x_wconf 86' lang='lat' dir='ltr'>super</span> <span class='ocrx_word' id='word_1_699' title='bbox 768 4609 867 4664; x_wconf 81' lang='lat' dir='ltr'>lectum</span> <span class='ocrx_word' id='word_1_700' title='bbox 881 4624 972 4675; x_wconf 73' lang='lat' dir='ltr'>suum,</span> <span class='ocrx_word' id='word_1_701' title='bbox 992 4617 1045 4664; x_wconf 68' lang='lat'>010·</span> <span class='ocrx_word' id='word_1_702' title='bbox 1064 4607 1136 4663; x_wconf 67' lang='lat' dir='ltr'>’llic</span> <span class='ocrx_word' id='word_1_703' title='bbox 1161 4636 1177 4668; x_wconf 70' lang='lat' dir='ltr'>x</span> <span class='ocrx_word' id='word_1_704' title='bbox 1222 4620 1418 4682; x_wconf 69' lang='lat' dir='ltr'>venturarum,</span> <span class='ocrx_word' id='word_1_705' title='bbox 1436 4622 1779 4694; x_wconf 69' lang='lat' dir='ltr'>idolcnutemsalaoadeoa</span> <span class='ocrx_word' id='word_1_706' title='bbox 1799 4628 1977 4699; x_wconf 77' lang='lat' dir='ltr'>quorcolelrm</span> 
     </span>
    </p>
   </div>
   <div class='ocr_carea' id='block_1_14' title="bbox 344 4690 1893 4771">
    <p class='ocr_par' dir='ltr' id='par_1_14' title="bbox 344 4690 1893 4771">
     <span class='ocr_line' id='line_1_66' title="bbox 344 4690 1893 4771; baseline -0.001 -8"><span class='ocrx_word' id='word_1_707' title='bbox 344 4714 420 4763; x_wconf 87' lang='lat' dir='ltr'>aetus</span> <span class='ocrx_word' id='word_1_708' title='bbox 446 4705 512 4761; x_wconf 79' lang='lat' dir='ltr'>Elim</span> <span class='ocrx_word' id='word_1_709' title='bbox 537 4706 570 4760; x_wconf 90' lang='lat' dir='ltr'>de</span> <span class='ocrx_word' id='word_1_710' title='bbox 594 4704 726 4759; x_wconf 90' lang='lat' dir='ltr'>suscitato</span> <span class='ocrx_word' id='word_1_711' title='bbox 754 4710 861 4757; x_wconf 89' lang='lat' dir='ltr'>mortun</span> <span class='ocrx_word' id='word_1_712' title='bbox 879 4700 933 4757; x_wconf 89' lang='lat' dir='ltr'>lilio</span> <span class='ocrx_word' id='word_1_713' title='bbox 946 4702 1042 4767; x_wconf 79' lang='lat' dir='ltr'>rirluae,</span> <span class='ocrx_word' id='word_1_714' title='bbox 1062 4701 1132 4771; x_wconf 90' lang='lat' dir='ltr'>apud</span> <span class='ocrx_word' id='word_1_715' title='bbox 1224 4690 1323 4743; x_wconf 65' lang='lat' dir='ltr'>¹¹⁶le</span> <span class='ocrx_word' id='word_1_716' title='bbox 1344 4691 1378 4744; x_wconf 59' lang='grc' dir='ltr'>ΕΙ</span> <span class='ocrx_word' id='word_1_717' title='bbox 1400 4692 1432 4745; x_wconf 69' lang='lat'>‘¹⁸</span> <span class='ocrx_word' id='word_1_718' title='bbox 1449 4693 1537 4762; x_wconf 64' lang='grc' dir='ltr'>Ρῑῑιιῑθ</span> <span class='ocrx_word' id='word_1_719' title='bbox 1552 4710 1631 4763; x_wconf 64' lang='lat' dir='ltr'>‘illm</span> <span class='ocrx_word' id='word_1_720' title='bbox 1645 4696 1793 4766; x_wconf 53' lang='lat' dir='ltr'>impellat&amp;</span> <span class='ocrx_word' id='word_1_721' title='bbox 1808 4697 1893 4753; x_wconf 67' lang='lat' dir='ltr'>Elt&#39;sst·</span> 
     </span>
    </p>
   </div>
   <div class='ocr_carea' id='block_1_15' title="bbox 343 4754 1978 4877">
    <p class='ocr_par' dir='ltr' id='par_1_15' title="bbox 343 4754 1978 4877">
     <span class='ocr_line' id='line_1_67' title="bbox 343 4754 1978 4877; baseline 0.009 -27"><span class='ocrx_word' id='word_1_722' title='bbox 343 4814 425 4871; x_wconf 89' lang='lat' dir='ltr'>qnam</span> <span class='ocrx_word' id='word_1_723' title='bbox 443 4798 641 4868; x_wconf 83' lang='lat' dir='ltr'>hospitabatur,</span> <span class='ocrx_word' id='word_1_724' title='bbox 670 4803 694 4850; x_wconf 83' lang='lat' dir='ltr'>el</span> <span class='ocrx_word' id='word_1_725' title='bbox 726 4793 803 4863; x_wconf 82' lang='lat' dir='ltr'>cuius</span> <span class='ocrx_word' id='word_1_726' title='bbox 832 4793 969 4849; x_wconf 70' lang='lat' dir='ltr'>benedixit</span> <span class='ocrx_word' id='word_1_727' title='bbox 991 4792 1086 4848; x_wconf 74' lang='lat' dir='ltr'>sarinae</span> <span class='ocrx_word' id='word_1_728' title='bbox 1106 4754 1172 4849; x_wconf 67' lang='lat' dir='ltr'>eil)</span> <span class='ocrx_word' id='word_1_729' title='bbox 1224 4800 1299 4873; x_wconf 70' lang='lat' dir='ltr'>(Cer.</span> <span class='ocrx_word' id='word_1_730' title='bbox 1320 4802 1438 4877; x_wconf 80' lang='lat' dir='ltr'>xstrt.)r</span> <span class='ocrx_word' id='word_1_731' title='bbox 1467 4804 1532 4860; x_wconf 87' lang='lat' dir='ltr'>Post</span> <span class='ocrx_word' id='word_1_732' title='bbox 1547 4805 1604 4861; x_wconf 91' lang='lat' dir='ltr'>dies</span> <span class='ocrx_word' id='word_1_733' title='bbox 1627 4806 1726 4863; x_wconf 90' lang='lat' dir='ltr'>multos</span> <span class='ocrx_word' id='word_1_734' title='bbox 1744 4811 1855 4864; x_wconf 78' lang='lat' dir='ltr'>verbum</span> <span class='ocrx_word' id='word_1_735' title='bbox 1871 4808 1978 4866; x_wconf 77' lang='lat' dir='ltr'>Donutri</span> 
     </span>
    </p>
   </div>
   <div class='ocr_carea' id='block_1_16' title="bbox 341 4880 1978 5063">
    <p class='ocr_par' dir='ltr' id='par_1_16' title="bbox 341 4880 1978 5063">
     <span class='ocr_line' id='line_1_68' title="bbox 342 4880 1978 4964; baseline 0.002 -12"><span class='ocrx_word' id='word_1_736' title='bbox 342 4880 414 4955; x_wconf 84' lang='lat' dir='ltr'>olen,</span> <span class='ocrx_word' id='word_1_737' title='bbox 430 4896 499 4951; x_wconf 89' lang='lat' dir='ltr'>bene</span> <span class='ocrx_word' id='word_1_738' title='bbox 511 4896 640 4964; x_wconf 80' lang='lat' dir='ltr'>exprimit</span> <span class='ocrx_word' id='word_1_739' title='bbox 651 4901 742 4948; x_wconf 90' lang='lat' dir='ltr'>aetum</span> <span class='ocrx_word' id='word_1_740' title='bbox 755 4894 942 4964; x_wconf 82' lang='lat' dir='ltr'>Redemptoris</span> <span class='ocrx_word' id='word_1_741' title='bbox 952 4895 1037 4951; x_wconf 90' lang='lat' dir='ltr'>nostri</span> <span class='ocrx_word' id='word_1_742' title='bbox 1050 4895 1076 4949; x_wconf 93' lang='lat' dir='ltr'>in</span> <span class='ocrx_word' id='word_1_743' title='bbox 1090 4910 1133 4949; x_wconf 88' lang='lat' dir='ltr'>re·</span> <span class='ocrx_word' id='word_1_744' title='bbox 1191 4913 1199 4943; x_wconf 78' lang='grc' dir='ltr'><strong>ι</strong></span> <span class='ocrx_word' id='word_1_745' title='bbox 1224 4893 1325 4948; x_wconf 86' lang='lat' dir='ltr'>laetum</span> <span class='ocrx_word' id='word_1_746' title='bbox 1339 4904 1382 4951; x_wconf 88' lang='lat' dir='ltr'>est</span> <span class='ocrx_word' id='word_1_747' title='bbox 1392 4896 1426 4951; x_wconf 90' lang='lat' dir='ltr'>ad</span> <span class='ocrx_word' id='word_1_748' title='bbox 1440 4895 1527 4951; x_wconf 84' lang='lat' dir='ltr'>Ellam</span> <span class='ocrx_word' id='word_1_749' title='bbox 1549 4898 1576 4952; x_wconf 93' lang='lat' dir='ltr'>in</span> <span class='ocrx_word' id='word_1_750' title='bbox 1590 4914 1661 4953; x_wconf 89' lang='lat' dir='ltr'>anuo</span> <span class='ocrx_word' id='word_1_751' title='bbox 1675 4900 1756 4954; x_wconf 87' lang='lat' dir='ltr'>tertio</span> <span class='ocrx_word' id='word_1_752' title='bbox 1770 4901 1862 4955; x_wconf 89' lang='lat' dir='ltr'>dicens</span> <span class='ocrx_word' id='word_1_753' title='bbox 1877 4920 1885 4955; x_wconf 75' lang='grc' dir='ltr'><strong>ε</strong></span> <span class='ocrx_word' id='word_1_754' title='bbox 1903 4901 1978 4956; x_wconf 80' lang='lat' dir='ltr'>Vade</span> 
     </span>
     <span class='ocr_line' id='line_1_69' title="bbox 341 4982 1978 5063; baseline 0.005 -23"><span class='ocrx_word' id='word_1_755' title='bbox 341 4985 519 5040; x_wconf 88' lang='lat' dir='ltr'>suscitatione</span> <span class='ocrx_word' id='word_1_756' title='bbox 545 4982 636 5053; x_wconf 86' lang='lat' dir='ltr'>populi</span> <span class='ocrx_word' id='word_1_757' title='bbox 652 4982 685 5035; x_wconf 93' lang='lat' dir='ltr'>ad</span> <span class='ocrx_word' id='word_1_758' title='bbox 702 4982 782 5036; x_wconf 80' lang='lat' dir='ltr'>ladem</span> <span class='ocrx_word' id='word_1_759' title='bbox 807 4983 942 5038; x_wconf 78' lang='lat' dir='ltr'>conuersi.</span> <span class='ocrx_word' id='word_1_760' title='bbox 971 4982 1037 5051; x_wconf 81' lang='lat' dir='ltr'>Quae</span> <span class='ocrx_word' id='word_1_761' title='bbox 1061 4983 1132 5038; x_wconf 91' lang='lat' dir='ltr'>enim</span> <span class='ocrx_word' id='word_1_762' title='bbox 1191 4994 1249 5040; x_wconf 74' lang='lat' dir='ltr'>ret</span> <span class='ocrx_word' id='word_1_763' title='bbox 1262 4986 1374 5041; x_wconf 88' lang='lat' dir='ltr'>ostende</span> <span class='ocrx_word' id='word_1_764' title='bbox 1390 4995 1417 5043; x_wconf 86' lang='lat' dir='ltr'>te</span> <span class='ocrx_word' id='word_1_765' title='bbox 1439 4987 1544 5055; x_wconf 80' lang='lat' dir='ltr'>Achab,</span> <span class='ocrx_word' id='word_1_766' title='bbox 1566 4998 1596 5042; x_wconf 90' lang='lat' dir='ltr'>ut</span> <span class='ocrx_word' id='word_1_767' title='bbox 1610 4987 1671 5043; x_wconf 86' lang='lat' dir='ltr'>dem</span> <span class='ocrx_word' id='word_1_768' title='bbox 1699 4991 1817 5060; x_wconf 83' lang='lat' dir='ltr'>pluriam</span> <span class='ocrx_word' id='word_1_769' title='bbox 1844 4992 1978 5063; x_wconf 85' lang='lat' dir='ltr'>superla-</span> 
     </span>
    </p>
   </div>
   <div class='ocr_carea' id='block_1_17' title="bbox 251 5071 1979 5150">
    <p class='ocr_par' dir='ltr' id='par_1_17' title="bbox 251 5071 1979 5150">
     <span class='ocr_line' id='line_1_70' title="bbox 251 5071 1979 5150; baseline 0.005 -20"><span class='ocrx_word' id='word_1_770' title='bbox 251 5076 252 5079; x_wconf 73' lang='grc'>’</span> <span class='ocrx_word' id='word_1_771' title='bbox 344 5075 499 5131; x_wconf 81' lang='lat' dir='ltr'>haeeaidua</span> <span class='ocrx_word' id='word_1_772' title='bbox 523 5071 619 5127; x_wconf 88' lang='lat' dir='ltr'>melius</span> <span class='ocrx_word' id='word_1_773' title='bbox 634 5071 745 5142; x_wconf 77' lang='lat' dir='ltr'>intelligi</span> <span class='ocrx_word' id='word_1_774' title='bbox 771 5082 869 5143; x_wconf 90' lang='lat' dir='ltr'>potest,</span> <span class='ocrx_word' id='word_1_775' title='bbox 888 5088 969 5141; x_wconf 88' lang='lat' dir='ltr'>quarn</span> <span class='ocrx_word' id='word_1_776' title='bbox 988 5072 1133 5145; x_wconf 79' lang='lat' dir='ltr'>synagoga</span> <span class='ocrx_word' id='word_1_777' title='bbox 1191 5075 1293 5130; x_wconf 75' lang='lat' dir='ltr'>aciem</span> <span class='ocrx_word' id='word_1_778' title='bbox 1324 5084 1412 5131; x_wconf 77' lang='lat' dir='ltr'>terra.</span> <span class='ocrx_word' id='word_1_779' title='bbox 1442 5075 1493 5131; x_wconf 87' lang='lat' dir='ltr'>lrit</span> <span class='ocrx_word' id='word_1_780' title='bbox 1515 5093 1579 5150; x_wconf 75' lang='lat' dir='ltr'>ergo</span> <span class='ocrx_word' id='word_1_781' title='bbox 1604 5078 1688 5146; x_wconf 83' lang='lat' dir='ltr'>Elias,</span> <span class='ocrx_word' id='word_1_782' title='bbox 1715 5088 1745 5133; x_wconf 94' lang='lat' dir='ltr'>ut</span> <span class='ocrx_word' id='word_1_783' title='bbox 1770 5083 1924 5136; x_wconf 89' lang='lat' dir='ltr'>ostenderet</span> <span class='ocrx_word' id='word_1_784' title='bbox 1949 5096 1979 5138; x_wconf 84' lang='lat' dir='ltr'>se</span> 
     </span>
    </p>
   </div>
   <div class='ocr_carea' id='block_1_18' title="bbox 341 5162 1147 6056">
    <p class='ocr_par' dir='ltr' id='par_1_18' title="bbox 341 5162 1147 6056">
     <span class='ocr_line' id='line_1_71' title="bbox 341 5162 1133 5233; baseline 0 -14"><span class='ocrx_word' id='word_1_785' title='bbox 341 5163 508 5229; x_wconf 76' lang='lat' dir='ltr'>laneorum,</span> <span class='ocrx_word' id='word_1_786' title='bbox 525 5178 595 5233; x_wconf 77' lang='lat' dir='ltr'>qun,</span> <span class='ocrx_word' id='word_1_787' title='bbox 623 5162 708 5233; x_wconf 83' lang='lat' dir='ltr'>hloysi</span> <span class='ocrx_word' id='word_1_788' title='bbox 736 5171 823 5218; x_wconf 90' lang='lat' dir='ltr'>morte</span> <span class='ocrx_word' id='word_1_789' title='bbox 841 5163 960 5228; x_wconf 87' lang='lat' dir='ltr'>viduata,</span> <span class='ocrx_word' id='word_1_790' title='bbox 979 5162 1062 5219; x_wconf 84' lang='lat' dir='ltr'>hlium</span> <span class='ocrx_word' id='word_1_791' title='bbox 1085 5180 1133 5219; x_wconf 94' lang='lat' dir='ltr'>nu-</span> 
     </span>
     <span class='ocr_line' id='line_1_72' title="bbox 344 5252 1132 5323; baseline 0.004 -17"><span class='ocrx_word' id='word_1_792' title='bbox 344 5252 444 5307; x_wconf 88' lang='lat' dir='ltr'>triebat</span> <span class='ocrx_word' id='word_1_793' title='bbox 458 5252 609 5322; x_wconf 80' lang='lat' dir='ltr'>parvulum,</span> <span class='ocrx_word' id='word_1_794' title='bbox 635 5254 685 5307; x_wconf 91' lang='lat' dir='ltr'>hoc</span> <span class='ocrx_word' id='word_1_795' title='bbox 701 5262 752 5319; x_wconf 90' lang='lat' dir='ltr'>est,</span> <span class='ocrx_word' id='word_1_796' title='bbox 772 5252 900 5323; x_wconf 91' lang='lat' dir='ltr'>populum</span> <span class='ocrx_word' id='word_1_797' title='bbox 925 5254 1061 5308; x_wconf 86' lang='lat' dir='ltr'>carnalem</span> <span class='ocrx_word' id='word_1_798' title='bbox 1083 5253 1132 5309; x_wconf 81' lang='lat' dir='ltr'>Ju-</span> 
     </span>
     <span class='ocr_line' id='line_1_73' title="bbox 343 5340 1134 5414; baseline 0.001 -16"><span class='ocrx_word' id='word_1_799' title='bbox 343 5342 480 5398; x_wconf 77' lang='lat' dir='ltr'>tlaeorum?</span> <span class='ocrx_word' id='word_1_800' title='bbox 503 5340 552 5397; x_wconf 87' lang='lat' dir='ltr'>llic</span> <span class='ocrx_word' id='word_1_801' title='bbox 567 5357 631 5413; x_wconf 78' lang='lat' dir='ltr'>ergo</span> <span class='ocrx_word' id='word_1_802' title='bbox 644 5342 678 5396; x_wconf 91' lang='lat' dir='ltr'>ad</span> <span class='ocrx_word' id='word_1_803' title='bbox 691 5344 843 5414; x_wconf 72' lang='lat' dir='ltr'>ingressum</span> <span class='ocrx_word' id='word_1_804' title='bbox 859 5343 935 5408; x_wconf 75' lang='lat' dir='ltr'>Elia,</span> <span class='ocrx_word' id='word_1_805' title='bbox 946 5344 999 5400; x_wconf 90' lang='lat' dir='ltr'>hoe</span> <span class='ocrx_word' id='word_1_806' title='bbox 1011 5353 1063 5411; x_wconf 85' lang='lat' dir='ltr'>est,</span> <span class='ocrx_word' id='word_1_807' title='bbox 1076 5344 1134 5401; x_wconf 91' lang='lat' dir='ltr'>Sal-</span> 
     </span>
     <span class='ocr_line' id='line_1_74' title="bbox 342 5431 1131 5503; baseline 0.008 -15"><span class='ocrx_word' id='word_1_808' title='bbox 342 5431 445 5489; x_wconf 80' lang='lat' dir='ltr'>satoris</span> <span class='ocrx_word' id='word_1_809' title='bbox 459 5431 545 5486; x_wconf 88' lang='lat' dir='ltr'>nostri</span> <span class='ocrx_word' id='word_1_810' title='bbox 562 5433 762 5499; x_wconf 80' lang='lat' dir='ltr'>infirmabatur,</span> <span class='ocrx_word' id='word_1_811' title='bbox 775 5434 838 5503; x_wconf 89' lang='lat' dir='ltr'>quia</span> <span class='ocrx_word' id='word_1_812' title='bbox 858 5434 885 5487; x_wconf 93' lang='lat' dir='ltr'>in</span> <span class='ocrx_word' id='word_1_813' title='bbox 901 5448 934 5488; x_wconf 91' lang='lat' dir='ltr'>eo</span> <span class='ocrx_word' id='word_1_814' title='bbox 948 5450 1002 5491; x_wconf 90' lang='lat' dir='ltr'>noa</span> <span class='ocrx_word' id='word_1_815' title='bbox 1017 5435 1131 5494; x_wconf 87' lang='lat' dir='ltr'>creded-</span> 
     </span>
     <span class='ocr_line' id='line_1_75' title="bbox 344 5515 1147 5596; baseline 0.006 -19"><span class='ocrx_word' id='word_1_816' title='bbox 344 5523 389 5588; x_wconf 92' lang='lat' dir='ltr'>do,</span> <span class='ocrx_word' id='word_1_817' title='bbox 404 5521 452 5577; x_wconf 85' lang='lat' dir='ltr'>sed</span> <span class='ocrx_word' id='word_1_818' title='bbox 463 5523 616 5593; x_wconf 91' lang='lat' dir='ltr'>spernendo</span> <span class='ocrx_word' id='word_1_819' title='bbox 631 5523 720 5578; x_wconf 76' lang='lat' dir='ltr'>talida</span> <span class='ocrx_word' id='word_1_820' title='bbox 735 5521 810 5578; x_wconf 81' lang='lat' dir='ltr'>lehre</span> <span class='ocrx_word' id='word_1_821' title='bbox 834 5516 999 5580; x_wconf 81' lang='lat' dir='ltr'>infidelitatis</span> <span class='ocrx_word' id='word_1_822' title='bbox 1013 5515 1147 5596; x_wconf 49' lang='lat' dir='ltr'>aegrota-⁸</span> 
     </span>
     <span class='ocr_line' id='line_1_76' title="bbox 345 5612 1147 5684; baseline 0.009 -18"><span class='ocrx_word' id='word_1_823' title='bbox 345 5614 392 5669; x_wconf 80' lang='lat' dir='ltr'>rit.</span> <span class='ocrx_word' id='word_1_824' title='bbox 412 5612 489 5669; x_wconf 86' lang='lat' dir='ltr'>Unde</span> <span class='ocrx_word' id='word_1_825' title='bbox 503 5622 530 5668; x_wconf 85' lang='lat' dir='ltr'>et</span> <span class='ocrx_word' id='word_1_826' title='bbox 547 5623 634 5669; x_wconf 87' lang='lat' dir='ltr'>mater</span> <span class='ocrx_word' id='word_1_827' title='bbox 647 5615 706 5684; x_wconf 91' lang='lat' dir='ltr'>ipsa</span> <span class='ocrx_word' id='word_1_828' title='bbox 734 5612 908 5682; x_wconf 80' lang='lat' dir='ltr'>congruendo</span> <span class='ocrx_word' id='word_1_829' title='bbox 923 5615 955 5669; x_wconf 88' lang='lat' dir='ltr'>de</span> <span class='ocrx_word' id='word_1_830' title='bbox 977 5613 1147 5673; x_wconf 72' lang='lat' dir='ltr'>intirmitate‘</span> 
     </span>
     <span class='ocr_line' id='line_1_77' title="bbox 345 5701 1132 5774; baseline 0.004 -15"><span class='ocrx_word' id='word_1_831' title='bbox 345 5703 424 5773; x_wconf 83' lang='lat' dir='ltr'>pueri</span> <span class='ocrx_word' id='word_1_832' title='bbox 440 5703 473 5757; x_wconf 91' lang='lat' dir='ltr'>ad</span> <span class='ocrx_word' id='word_1_833' title='bbox 482 5705 649 5774; x_wconf 87' lang='lat' dir='ltr'>prophetam</span> <span class='ocrx_word' id='word_1_834' title='bbox 663 5703 728 5758; x_wconf 91' lang='lat' dir='ltr'>dicit</span> <span class='ocrx_word' id='word_1_835' title='bbox 742 5717 750 5755; x_wconf 75' lang='grc' dir='ltr'><strong>ι</strong></span> <span class='ocrx_word' id='word_1_836' title='bbox 769 5722 778 5752; x_wconf 81' lang='grc' dir='ltr'><strong>ι</strong></span> <span class='ocrx_word' id='word_1_837' title='bbox 805 5701 875 5769; x_wconf 83' lang='lat' dir='ltr'>Quid</span> <span class='ocrx_word' id='word_1_838' title='bbox 898 5706 964 5759; x_wconf 90' lang='lat' dir='ltr'>mihi</span> <span class='ocrx_word' id='word_1_839' title='bbox 974 5714 1001 5760; x_wconf 92' lang='lat' dir='ltr'>et</span> <span class='ocrx_word' id='word_1_840' title='bbox 1014 5706 1075 5774; x_wconf 88' lang='lat' dir='ltr'>tibi,</span> <span class='ocrx_word' id='word_1_841' title='bbox 1091 5710 1132 5763; x_wconf 82' lang='lat' dir='ltr'>sir</span> 
     </span>
     <span class='ocr_line' id='line_1_78' title="bbox 343 5791 1134 5873; baseline 0.01 -24"><span class='ocrx_word' id='word_1_842' title='bbox 343 5791 414 5849; x_wconf 83' lang='lat' dir='ltr'>Deli</span> <span class='ocrx_word' id='word_1_843' title='bbox 430 5796 604 5867; x_wconf 74' lang='lat' dir='ltr'>lupressusne</span> <span class='ocrx_word' id='word_1_844' title='bbox 619 5812 649 5852; x_wconf 89' lang='lat' dir='ltr'>es</span> <span class='ocrx_word' id='word_1_845' title='bbox 664 5796 698 5850; x_wconf 91' lang='lat' dir='ltr'>ad</span> <span class='ocrx_word' id='word_1_846' title='bbox 711 5811 755 5851; x_wconf 87' lang='lat' dir='ltr'>me</span> <span class='ocrx_word' id='word_1_847' title='bbox 767 5805 797 5852; x_wconf 91' lang='lat' dir='ltr'>ut</span> <span class='ocrx_word' id='word_1_848' title='bbox 811 5809 1025 5855; x_wconf 90' lang='lat' dir='ltr'>rememorentur</span> <span class='ocrx_word' id='word_1_849' title='bbox 1035 5801 1134 5873; x_wconf 82' lang='lat' dir='ltr'>iniqui-</span> 
     </span>
     <span class='ocr_line' id='line_1_79' title="bbox 345 5887 1130 5967; baseline 0.014 -29"><span class='ocrx_word' id='word_1_850' title='bbox 345 5891 415 5941; x_wconf 88' lang='lat' dir='ltr'>tates</span> <span class='ocrx_word' id='word_1_851' title='bbox 425 5902 491 5943; x_wconf 78' lang='lat' dir='ltr'>meae</span> <span class='ocrx_word' id='word_1_852' title='bbox 504 5898 532 5943; x_wconf 86' lang='lat' dir='ltr'>et</span> <span class='ocrx_word' id='word_1_853' title='bbox 546 5887 711 5944; x_wconf 86' lang='lat' dir='ltr'>interliceres</span> <span class='ocrx_word' id='word_1_854' title='bbox 729 5887 813 5942; x_wconf 87' lang='lat' dir='ltr'>lilium</span> <span class='ocrx_word' id='word_1_855' title='bbox 826 5891 939 5945; x_wconf 75' lang='lat' dir='ltr'>meum?</span> <span class='ocrx_word' id='word_1_856' title='bbox 958 5909 967 5943; x_wconf 78' lang='grc' dir='ltr'><strong>ι</strong></span> <span class='ocrx_word' id='word_1_857' title='bbox 984 5908 1045 5948; x_wconf 90' lang='lat' dir='ltr'>enm</span> <span class='ocrx_word' id='word_1_858' title='bbox 1059 5893 1130 5967; x_wconf 76' lang='lat' dir='ltr'>Syn-</span> 
     </span>
     <span class='ocr_line' id='line_1_80' title="bbox 343 5979 1133 6056; baseline 0.01 -22"><span class='ocrx_word' id='word_1_859' title='bbox 343 5989 427 6049; x_wconf 65' lang='lat' dir='ltr'>agona</span> <span class='ocrx_word' id='word_1_860' title='bbox 446 5979 599 6035; x_wconf 79' lang='lat' dir='ltr'>lndaeonmr</span> <span class='ocrx_word' id='word_1_861' title='bbox 625 5980 658 6035; x_wconf 92' lang='lat' dir='ltr'>de</span> <span class='ocrx_word' id='word_1_862' title='bbox 680 5980 796 6036; x_wconf 84' lang='lat' dir='ltr'>adventu</span> <span class='ocrx_word' id='word_1_863' title='bbox 816 5980 963 6038; x_wconf 82' lang='lat' dir='ltr'>Salvatoris</span> <span class='ocrx_word' id='word_1_864' title='bbox 990 5989 1133 6056; x_wconf 86' lang='lat' dir='ltr'>conqueri-</span> 
     </span>
    </p>
   </div>
   <div class='ocr_carea' id='block_1_19' title="bbox 1185 5166 1978 6061">
    <p class='ocr_par' dir='ltr' id='par_1_19' title="bbox 1185 5166 1978 6061">
     <span class='ocr_line' id='line_1_81' title="bbox 1191 5166 1978 5245; baseline 0.013 -25"><span class='ocrx_word' id='word_1_865' title='bbox 1191 5186 1199 5215; x_wconf 77' lang='grc' dir='ltr'><strong>ι</strong></span> <span class='ocrx_word' id='word_1_866' title='bbox 1223 5166 1327 5233; x_wconf 79' lang='lat' dir='ltr'>Achab,</span> <span class='ocrx_word' id='word_1_867' title='bbox 1341 5176 1393 5222; x_wconf 89' lang='lat' dir='ltr'>ete.</span> <span class='ocrx_word' id='word_1_868' title='bbox 1412 5189 1421 5221; x_wconf 74' lang='lat' dir='ltr'>a</span> <span class='ocrx_word' id='word_1_869' title='bbox 1449 5169 1526 5235; x_wconf 83' lang='lat' dir='ltr'>erod</span> <span class='ocrx_word' id='word_1_870' title='bbox 1539 5177 1629 5225; x_wconf 89' lang='lat' dir='ltr'>autem</span> <span class='ocrx_word' id='word_1_871' title='bbox 1646 5171 1718 5229; x_wconf 81' lang='lat' dir='ltr'>Elias</span> <span class='ocrx_word' id='word_1_872' title='bbox 1731 5189 1899 5245; x_wconf 76' lang='lat' dir='ltr'>congregans</span> <span class='ocrx_word' id='word_1_873' title='bbox 1914 5175 1978 5230; x_wconf 90' lang='lat' dir='ltr'>uni-</span> 
     </span>
     <span class='ocr_line' id='line_1_82' title="bbox 1187 5258 1977 5335; baseline 0.013 -25"><span class='ocrx_word' id='word_1_874' title='bbox 1187 5273 1295 5312; x_wconf 83' lang='lat' dir='ltr'>uersum</span> <span class='ocrx_word' id='word_1_875' title='bbox 1317 5258 1409 5323; x_wconf 88' lang='lat' dir='ltr'>lsrael,</span> <span class='ocrx_word' id='word_1_876' title='bbox 1435 5269 1528 5314; x_wconf 89' lang='lat' dir='ltr'>contra</span> <span class='ocrx_word' id='word_1_877' title='bbox 1546 5262 1693 5330; x_wconf 87' lang='lat' dir='ltr'>prophetas</span> <span class='ocrx_word' id='word_1_878' title='bbox 1715 5262 1779 5317; x_wconf 83' lang='lat' dir='ltr'>baal</span> <span class='ocrx_word' id='word_1_879' title='bbox 1797 5264 1977 5335; x_wconf 87' lang='lat' dir='ltr'>disceptabat,</span> 
     </span>
     <span class='ocr_line' id='line_1_83' title="bbox 1188 5347 1977 5424; baseline 0.01 -21"><span class='ocrx_word' id='word_1_880' title='bbox 1188 5347 1294 5418; x_wconf 81' lang='lat' dir='ltr'>illisque</span> <span class='ocrx_word' id='word_1_881' title='bbox 1310 5349 1411 5421; x_wconf 78' lang='lat' dir='ltr'>frustra</span> <span class='ocrx_word' id='word_1_882' title='bbox 1424 5350 1582 5417; x_wconf 90' lang='lat' dir='ltr'>nitentibus,</span> <span class='ocrx_word' id='word_1_883' title='bbox 1597 5354 1656 5424; x_wconf 94' lang='lat' dir='ltr'>ipse</span> <span class='ocrx_word' id='word_1_884' title='bbox 1680 5354 1765 5409; x_wconf 90' lang='lat' dir='ltr'>altare</span> <span class='ocrx_word' id='word_1_885' title='bbox 1778 5354 1883 5410; x_wconf 92' lang='lat' dir='ltr'>Domini</span> <span class='ocrx_word' id='word_1_886' title='bbox 1895 5371 1977 5412; x_wconf 88' lang='lat' dir='ltr'>cura·</span> 
     </span>
     <span class='ocr_line' id='line_1_84' title="bbox 1188 5437 1977 5515; baseline 0.013 -25"><span class='ocrx_word' id='word_1_887' title='bbox 1188 5438 1226 5491; x_wconf 81' lang='lat' dir='ltr'>tit</span> <span class='ocrx_word' id='word_1_888' title='bbox 1242 5439 1313 5507; x_wconf 81' lang='lat' dir='ltr'>qaxod</span> <span class='ocrx_word' id='word_1_889' title='bbox 1325 5437 1494 5494; x_wconf 88' lang='lat' dir='ltr'>destructum</span> <span class='ocrx_word' id='word_1_890' title='bbox 1510 5440 1610 5508; x_wconf 84' lang='lat' dir='ltr'>iuerat,</span> <span class='ocrx_word' id='word_1_891' title='bbox 1636 5452 1664 5497; x_wconf 89' lang='lat' dir='ltr'>et</span> <span class='ocrx_word' id='word_1_892' title='bbox 1679 5442 1740 5497; x_wconf 88' lang='lat' dir='ltr'>tulit</span> <span class='ocrx_word' id='word_1_893' title='bbox 1754 5444 1895 5500; x_wconf 82' lang='lat' dir='ltr'>duodecim</span> <span class='ocrx_word' id='word_1_894' title='bbox 1907 5444 1977 5515; x_wconf 91' lang='lat' dir='ltr'>lapi·</span> 
     </span>
     <span class='ocr_line' id='line_1_85' title="bbox 1186 5527 1978 5600; baseline 0.008 -17"><span class='ocrx_word' id='word_1_895' title='bbox 1186 5528 1234 5583; x_wconf 78' lang='lat' dir='ltr'>d&#39;cs</span> <span class='ocrx_word' id='word_1_896' title='bbox 1249 5527 1325 5596; x_wconf 83' lang='lat' dir='ltr'>juxta</span> <span class='ocrx_word' id='word_1_897' title='bbox 1338 5545 1479 5585; x_wconf 76' lang='lat' dir='ltr'>narratarum</span> <span class='ocrx_word' id='word_1_898' title='bbox 1500 5533 1620 5587; x_wconf 90' lang='lat' dir='ltr'>tribuum</span> <span class='ocrx_word' id='word_1_899' title='bbox 1633 5532 1749 5587; x_wconf 84' lang='lat' dir='ltr'>liliorum</span> <span class='ocrx_word' id='word_1_900' title='bbox 1763 5532 1858 5600; x_wconf 80' lang='lat' dir='ltr'>Jacob,</span> <span class='ocrx_word' id='word_1_901' title='bbox 1870 5541 1897 5590; x_wconf 90' lang='lat' dir='ltr'>et</span> <span class='ocrx_word' id='word_1_902' title='bbox 1908 5534 1978 5589; x_wconf 83' lang='lat' dir='ltr'>aedt·</span> 
     </span>
     <span class='ocr_line' id='line_1_86' title="bbox 1186 5618 1978 5697; baseline 0.013 -25"><span class='ocrx_word' id='word_1_903' title='bbox 1186 5618 1277 5674; x_wconf 86' lang='lat' dir='ltr'>hearit</span> <span class='ocrx_word' id='word_1_904' title='bbox 1298 5620 1432 5690; x_wconf 89' lang='lat' dir='ltr'>lapidibus</span> <span class='ocrx_word' id='word_1_905' title='bbox 1452 5623 1538 5679; x_wconf 86' lang='lat' dir='ltr'>altare</span> <span class='ocrx_word' id='word_1_906' title='bbox 1561 5624 1711 5680; x_wconf 90' lang='lat' dir='ltr'>innomine</span> <span class='ocrx_word' id='word_1_907' title='bbox 1727 5623 1978 5697; x_wconf 82' lang='lat' dir='ltr'>Domini,leeitqne</span> 
     </span>
     <span class='ocr_line' id='line_1_87' title="bbox 1185 5714 1978 5792; baseline 0.008 -26"><span class='ocrx_word' id='word_1_908' title='bbox 1185 5714 1382 5782; x_wconf 69' lang='lat' dir='ltr'>aqueductum,</span> <span class='ocrx_word' id='word_1_909' title='bbox 1397 5716 1475 5785; x_wconf 89' lang='lat' dir='ltr'>quasi</span> <span class='ocrx_word' id='word_1_910' title='bbox 1488 5732 1537 5787; x_wconf 91' lang='lat' dir='ltr'>per</span> <span class='ocrx_word' id='word_1_911' title='bbox 1547 5717 1614 5771; x_wconf 94' lang='lat' dir='ltr'>duas</span> <span class='ocrx_word' id='word_1_912' title='bbox 1625 5717 1808 5773; x_wconf 89' lang='lat' dir='ltr'>aratiunculas</span> <span class='ocrx_word' id='word_1_913' title='bbox 1821 5717 1978 5792; x_wconf 77' lang='lat' dir='ltr'>incircuitu</span> 
     </span>
     <span class='ocr_line' id='line_1_88' title="bbox 1186 5805 1977 5880; baseline 0.008 -21"><span class='ocrx_word' id='word_1_914' title='bbox 1186 5805 1317 5860; x_wconf 87' lang='lat' dir='ltr'>altarisct</span> <span class='ocrx_word' id='word_1_915' title='bbox 1331 5806 1482 5875; x_wconf 88' lang='lat' dir='ltr'>composuit</span> <span class='ocrx_word' id='word_1_916' title='bbox 1503 5805 1589 5878; x_wconf 74' lang='lat' dir='ltr'>ligna,</span> <span class='ocrx_word' id='word_1_917' title='bbox 1615 5809 1760 5880; x_wconf 80' lang='lat' dir='ltr'>diuisitque</span> <span class='ocrx_word' id='word_1_918' title='bbox 1783 5825 1831 5879; x_wconf 91' lang='lat' dir='ltr'>per</span> <span class='ocrx_word' id='word_1_919' title='bbox 1854 5806 1977 5865; x_wconf 84' lang='lat' dir='ltr'>membra</span> 
     </span>
     <span class='ocr_line' id='line_1_89' title="bbox 1185 5898 1976 5969; baseline 0.003 -16"><span class='ocrx_word' id='word_1_920' title='bbox 1185 5898 1281 5953; x_wconf 90' lang='lat' dir='ltr'>horem</span> <span class='ocrx_word' id='word_1_921' title='bbox 1294 5906 1321 5952; x_wconf 90' lang='lat' dir='ltr'>et</span> <span class='ocrx_word' id='word_1_922' title='bbox 1335 5898 1426 5969; x_wconf 90' lang='lat' dir='ltr'>posuit</span> <span class='ocrx_word' id='word_1_923' title='bbox 1440 5911 1521 5969; x_wconf 87' lang='lat' dir='ltr'>super</span> <span class='ocrx_word' id='word_1_924' title='bbox 1541 5899 1623 5969; x_wconf 75' lang='lat' dir='ltr'>ligna,</span> <span class='ocrx_word' id='word_1_925' title='bbox 1639 5909 1667 5954; x_wconf 90' lang='lat' dir='ltr'>et</span> <span class='ocrx_word' id='word_1_926' title='bbox 1679 5900 1738 5955; x_wconf 86' lang='lat' dir='ltr'>ait:</span> <span class='ocrx_word' id='word_1_927' title='bbox 1756 5919 1766 5951; x_wconf 79' lang='grc' dir='ltr'><strong>ι</strong></span> <span class='ocrx_word' id='word_1_928' title='bbox 1783 5899 1895 5969; x_wconf 87' lang='lat' dir='ltr'>implete</span> <span class='ocrx_word' id='word_1_929' title='bbox 1906 5914 1976 5969; x_wconf 85' lang='lat' dir='ltr'>qua·</span> 
     </span>
     <span class='ocr_line' id='line_1_90' title="bbox 1186 5988 1973 6061; baseline 0.005 -19"><span class='ocrx_word' id='word_1_930' title='bbox 1186 5998 1247 6042; x_wconf 90' lang='lat' dir='ltr'>tuor</span> <span class='ocrx_word' id='word_1_931' title='bbox 1263 5988 1374 6058; x_wconf 81' lang='lat' dir='ltr'>hydrias</span> <span class='ocrx_word' id='word_1_932' title='bbox 1399 6005 1480 6060; x_wconf 85' lang='lat' dir='ltr'>aqrra,</span> <span class='ocrx_word' id='word_1_933' title='bbox 1507 6000 1534 6047; x_wconf 87' lang='lat' dir='ltr'>et</span> <span class='ocrx_word' id='word_1_934' title='bbox 1552 5989 1657 6047; x_wconf 78' lang='lat' dir='ltr'>fundite</span> <span class='ocrx_word' id='word_1_935' title='bbox 1676 6005 1758 6061; x_wconf 87' lang='lat' dir='ltr'>super</span> <span class='ocrx_word' id='word_1_936' title='bbox 1772 5988 1973 6061; x_wconf 81' lang='lat' dir='ltr'>holocaustum,</span> 
     </span>
    </p>
   </div>
   <div class='ocr_carea' id='block_1_20' title="bbox 0 0 2360 6756">
    <p class='ocr_par' dir='ltr' id='par_1_20' title="bbox 0 0 2360 6756">
     <span class='ocr_line' id='line_1_91' title="bbox 0 0 2360 6756; baseline 0 0"><span class='ocrx_word' id='word_1_937' title='bbox 0 0 2360 6756; x_wconf 95' lang='lat' dir='ltr'> </span> 
     </span>
    </p>
   </div>
  </div>
 </body>
</html>
