<?xml version="1.0" encoding="UTF-8"?>
<!DOCTYPE html PUBLIC "-//W3C//DTD XHTML 1.0 Transitional//EN"
    "http://www.w3.org/TR/xhtml1/DTD/xhtml1-transitional.dtd">
<html xmlns="http://www.w3.org/1999/xhtml" xml:lang="en" lang="en">
 <head>
  <title>
</title>
<meta http-equiv="Content-Type" content="text/html;charset=utf-8" />
  <meta name='ocr-system' content='tesseract 3.04.00' />
  <meta name='ocr-capabilities' content='ocr_page ocr_carea ocr_par ocr_line ocrx_word'/>
</head>
<body>
  <div class='ocr_page' id='page_1' title='image "./patrologiaecurs90unkngoog/patrologiaecurs90unkngoog_0030.png"; bbox 0 0 4709 6767; ppageno 0'>
   <div class='ocr_carea' id='block_1_1' title="bbox 334 5973 370 6083">
    <p class='ocr_par' dir='ltr' id='par_1_1' title="bbox 334 5973 370 6083">
     <span class='ocr_line' id='line_1_1' title="bbox 334 5973 370 6083; baseline 0 0"><span class='ocrx_word' id='word_1_1' title='bbox 334 5973 370 6083; x_wconf 75' lang='grc' dir='ltr'>Ι</span> 
     </span>
    </p>
   </div>
   <div class='ocr_carea' id='block_1_2' title="bbox 373 648 2002 713">
    <p class='ocr_par' dir='ltr' id='par_1_2' title="bbox 373 648 2002 713">
     <span class='ocr_line' id='line_1_2' title="bbox 373 648 2002 713; baseline -0.004 0"><span class='ocrx_word' id='word_1_2' title='bbox 373 656 406 713; x_wconf 77' lang='grc' dir='ltr'><strong>ΙΙ</strong></span> <span class='ocrx_word' id='word_1_3' title='bbox 695 653 726 709; x_wconf 83' lang='grc' dir='ltr'><strong>Β.</strong></span> <span class='ocrx_word' id='word_1_4' title='bbox 745 649 874 708; x_wconf 72' lang='lat' dir='ltr'><strong>usuam</strong></span> <span class='ocrx_word' id='word_1_5' title='bbox 893 649 1001 708; x_wconf 80' lang='lat' dir='ltr'><strong>nablat</strong></span> <span class='ocrx_word' id='word_1_6' title='bbox 1021 648 1180 707; x_wconf 74' lang='lat' dir='ltr'><strong>suuntur.</strong></span> <span class='ocrx_word' id='word_1_7' title='bbox 1201 648 1356 710; x_wconf 74' lang='lat' dir='ltr'><strong>nonunt.</strong></span> <span class='ocrx_word' id='word_1_8' title='bbox 1376 652 1519 712; x_wconf 67' lang='lat' dir='ltr'><strong>oronim</strong></span> <span class='ocrx_word' id='word_1_9' title='bbox 1536 652 1628 711; x_wconf 76' lang='lat' dir='ltr'><strong>utus</strong></span> <span class='ocrx_word' id='word_1_10' title='bbox 1644 653 1665 710; x_wconf 91' lang='lat' dir='ltr'><strong>l.</strong></span> <span class='ocrx_word' id='word_1_11' title='bbox 1966 651 2002 706; x_wconf 75' lang='lat' dir='ltr'><strong>tta</strong></span> 
     </span>
    </p>
   </div>
   <div class='ocr_carea' id='block_1_3' title="bbox 373 764 2013 5470">
    <p class='ocr_par' dir='ltr' id='par_1_3' title="bbox 373 764 2013 5470">
     <span class='ocr_line' id='line_1_3' title="bbox 373 764 2003 843; baseline 0.001 -20"><span class='ocrx_word' id='word_1_12' title='bbox 373 768 474 832; x_wconf 78' lang='lat' dir='ltr'><strong>dianio,</strong></span> <span class='ocrx_word' id='word_1_13' title='bbox 489 767 642 833; x_wconf 62' lang='lat' dir='ltr'><strong>mitum</strong></span> <span class='ocrx_word' id='word_1_14' title='bbox 655 780 773 835; x_wconf 84' lang='lat' dir='ltr'><strong>eumque</strong></span> <span class='ocrx_word' id='word_1_15' title='bbox 785 765 825 819; x_wconf 88' lang='lat' dir='ltr'><strong>eis</strong></span> <span class='ocrx_word' id='word_1_16' title='bbox 839 765 865 819; x_wconf 91' lang='lat' dir='ltr'><strong>in</strong></span> <span class='ocrx_word' id='word_1_17' title='bbox 878 764 1046 822; x_wconf 77' lang='lat' dir='ltr'>dulcedinem</span> <span class='ocrx_word' id='word_1_18' title='bbox 1062 766 1197 827; x_wconf 70' lang='lat' dir='ltr'><strong>ooudeA</strong></span> <span class='ocrx_word' id='word_1_19' title='bbox 1214 785 1224 818; x_wconf 75' lang='grc' dir='ltr'><strong>ι</strong></span> <span class='ocrx_word' id='word_1_20' title='bbox 1241 775 1269 822; x_wconf 88' lang='lat' dir='ltr'><strong>et</strong></span> <span class='ocrx_word' id='word_1_21' title='bbox 1288 768 1434 825; x_wconf 82' lang='lat' dir='ltr'><strong>desoeudat</strong></span> <span class='ocrx_word' id='word_1_22' title='bbox 1456 770 1492 825; x_wconf 89' lang='lat' dir='ltr'><strong>ad</strong></span> <span class='ocrx_word' id='word_1_23' title='bbox 1513 770 1650 843; x_wconf 79' lang='lat' dir='ltr'><strong>n‘oqulare</strong></span> <span class='ocrx_word' id='word_1_24' title='bbox 1664 779 1814 826; x_wconf 87' lang='lat' dir='ltr'><strong>oertamen.</strong></span> <span class='ocrx_word' id='word_1_25' title='bbox 1834 767 1865 825; x_wconf 83' lang='lat' dir='ltr'><strong>Si</strong></span> <span class='ocrx_word' id='word_1_26' title='bbox 1884 770 2003 840; x_wconf 73' lang='lat' dir='ltr'><strong>quiverit</strong></span> 
     </span>
     <span class='ocr_line' id='line_1_4' title="bbox 374 854 2004 929; baseline -0.001 -14"><span class='ocrx_word' id='word_1_27' title='bbox 374 857 529 924; x_wconf 67' lang='lat' dir='ltr'><strong>tenditur,</strong></span> <span class='ocrx_word' id='word_1_28' title='bbox 549 857 662 929; x_wconf 70' lang='lat' dir='ltr'><strong>lnaqnor</strong></span> <span class='ocrx_word' id='word_1_29' title='bbox 682 856 793 911; x_wconf 80' lang='lat' dir='ltr'><strong>insaniae</strong></span> <span class='ocrx_word' id='word_1_30' title='bbox 811 854 960 926; x_wconf 69' lang='lat' dir='ltr'><strong>mitigatur.</strong></span> <span class='ocrx_word' id='word_1_31' title='bbox 980 854 1072 926; x_wconf 80' lang='lat' dir='ltr'>Neque</span> <span class='ocrx_word' id='word_1_32' title='bbox 1088 862 1162 912; x_wconf 90' lang='lat' dir='ltr'><strong>enlm</strong></span> <span class='ocrx_word' id='word_1_33' title='bbox 1214 875 1225 909; x_wconf 85' lang='lat' dir='ltr'><strong>r</strong></span> <span class='ocrx_word' id='word_1_34' title='bbox 1241 871 1362 929; x_wconf 69' lang='lat' dir='ltr'><strong>pugnare</strong></span> <span class='ocrx_word' id='word_1_35' title='bbox 1374 871 1497 925; x_wconf 86' lang='lat' dir='ltr'><strong>meeum,</strong></span> <span class='ocrx_word' id='word_1_36' title='bbox 1516 866 1545 914; x_wconf 86' lang='lat' dir='ltr'><strong>et</strong></span> <span class='ocrx_word' id='word_1_37' title='bbox 1559 859 1724 929; x_wconf 78' lang='lat' dir='ltr'><strong>percusserit</strong></span> <span class='ocrx_word' id='word_1_38' title='bbox 1738 873 1797 923; x_wconf 89' lang='lat' dir='ltr'><strong>me,</strong></span> <span class='ocrx_word' id='word_1_39' title='bbox 1810 858 1912 914; x_wconf 71' lang='lat' dir='ltr'><strong>edmus</strong></span> <span class='ocrx_word' id='word_1_40' title='bbox 1925 858 2004 913; x_wconf 85' lang='lat' dir='ltr'><strong>vobis</strong></span> 
     </span>
     <span class='ocr_line' id='line_1_5' title="bbox 373 945 2003 1020; baseline -0.001 -17"><span class='ocrx_word' id='word_1_41' title='bbox 373 948 543 1018; x_wconf 60' lang='lat' dir='ltr'><strong>mttqennr</strong></span> <span class='ocrx_word' id='word_1_42' title='bbox 556 946 713 1003; x_wconf 68' lang='lat' dir='ltr'><strong>intuendum</strong></span> <span class='ocrx_word' id='word_1_43' title='bbox 728 951 770 1000; x_wconf 72' lang='lat' dir='ltr'><strong>ert</strong></span> <span class='ocrx_word' id='word_1_44' title='bbox 790 945 863 1015; x_wconf 88' lang='lat' dir='ltr'><strong>quod</strong></span> <span class='ocrx_word' id='word_1_45' title='bbox 882 960 943 1001; x_wconf 88' lang='lat' dir='ltr'><strong>eum</strong></span> <span class='ocrx_word' id='word_1_46' title='bbox 960 945 1070 1001; x_wconf 82' lang='lat' dir='ltr'>Saulem</span> <span class='ocrx_word' id='word_1_47' title='bbox 1084 946 1163 1016; x_wconf 91' lang='lat' dir='ltr'><strong>spiri-</strong></span> <span class='ocrx_word' id='word_1_48' title='bbox 1214 966 1225 1001; x_wconf 86' lang='grc' dir='ltr'><strong>ι</strong></span> <span class='ocrx_word' id='word_1_49' title='bbox 1240 949 1321 1004; x_wconf 87' lang='lat' dir='ltr'><strong>servi.</strong></span> <span class='ocrx_word' id='word_1_50' title='bbox 1331 947 1361 1003; x_wconf 87' lang='lat' dir='ltr'><strong>Si</strong></span> <span class='ocrx_word' id='word_1_51' title='bbox 1372 956 1462 1004; x_wconf 86' lang='lat' dir='ltr'><strong>antem</strong></span> <span class='ocrx_word' id='word_1_52' title='bbox 1473 963 1524 1020; x_wconf 73' lang='lat' dir='ltr'><strong>eqo</strong></span> <span class='ocrx_word' id='word_1_53' title='bbox 1533 949 1712 1020; x_wconf 71' lang='lat' dir='ltr'><strong>praeratuma</strong></span> <span class='ocrx_word' id='word_1_54' title='bbox 1721 956 1749 1003; x_wconf 86' lang='lat' dir='ltr'><strong>et</strong></span> <span class='ocrx_word' id='word_1_55' title='bbox 1758 963 1917 1017; x_wconf 77' lang='lat' dir='ltr'>percussero</span> <span class='ocrx_word' id='word_1_56' title='bbox 1927 963 2003 1012; x_wconf 83' lang='lat' dir='ltr'><strong>euru,</strong></span> 
     </span>
     <span class='ocr_line' id='line_1_6' title="bbox 374 1035 2005 1106; baseline -0.001 -11"><span class='ocrx_word' id='word_1_57' title='bbox 374 1046 420 1095; x_wconf 86' lang='lat' dir='ltr'><strong>tus</strong></span> <span class='ocrx_word' id='word_1_58' title='bbox 438 1040 569 1094; x_wconf 83' lang='lat' dir='ltr'><strong>adversus</strong></span> <span class='ocrx_word' id='word_1_59' title='bbox 589 1036 747 1101; x_wconf 85' lang='lat' dir='ltr'><strong>invaderet,</strong></span> <span class='ocrx_word' id='word_1_60' title='bbox 768 1035 936 1106; x_wconf 84' lang='lat' dir='ltr'><strong>apprehensa</strong></span> <span class='ocrx_word' id='word_1_61' title='bbox 955 1036 1040 1091; x_wconf 87' lang='lat' dir='ltr'><strong>llavid</strong></span> <span class='ocrx_word' id='word_1_62' title='bbox 1057 1037 1162 1091; x_wconf 84' lang='lat' dir='ltr'><strong>eithara</strong></span> <span class='ocrx_word' id='word_1_63' title='bbox 1214 1057 1225 1091; x_wconf 88' lang='grc' dir='ltr'><strong>ι</strong></span> <span class='ocrx_word' id='word_1_64' title='bbox 1241 1053 1291 1093; x_wconf 88' lang='lat' dir='ltr'><strong>vos</strong></span> <span class='ocrx_word' id='word_1_65' title='bbox 1300 1039 1466 1101; x_wconf 86' lang='lat' dir='ltr'><strong>servieritis,</strong></span> <span class='ocrx_word' id='word_1_66' title='bbox 1479 1046 1507 1094; x_wconf 87' lang='lat' dir='ltr'><strong>et</strong></span> <span class='ocrx_word' id='word_1_67' title='bbox 1522 1038 1647 1094; x_wconf 84' lang='lat' dir='ltr'><strong>servietis</strong></span> <span class='ocrx_word' id='word_1_68' title='bbox 1661 1039 1748 1094; x_wconf 90' lang='lat' dir='ltr'><strong>nobis.</strong></span> <span class='ocrx_word' id='word_1_69' title='bbox 1769 1038 1804 1092; x_wconf 85' lang='lat' dir='ltr'><strong>Et</strong></span> <span class='ocrx_word' id='word_1_70' title='bbox 1816 1038 1906 1093; x_wconf 88' lang='lat' dir='ltr'><strong>aiebat</strong></span> <span class='ocrx_word' id='word_1_71' title='bbox 1919 1038 2005 1094; x_wconf 84' lang='lat' dir='ltr'><strong>Plrili·</strong></span> 
     </span>
     <span class='ocr_line' id='line_1_7' title="bbox 374 1127 2003 1203; baseline -0.003 -16"><span class='ocrx_word' id='word_1_72' title='bbox 374 1132 434 1203; x_wconf 77' lang='lat' dir='ltr'><strong>ejus</strong></span> <span class='ocrx_word' id='word_1_73' title='bbox 447 1134 584 1187; x_wconf 60' lang='lat' dir='ltr'><strong>suaniam</strong></span> <span class='ocrx_word' id='word_1_74' title='bbox 598 1128 720 1184; x_wconf 85' lang='lat' dir='ltr'><strong>sedabat.</strong></span> <span class='ocrx_word' id='word_1_75' title='bbox 736 1127 805 1194; x_wconf 84' lang='lat' dir='ltr'><strong>Quid</strong></span> <span class='ocrx_word' id='word_1_76' title='bbox 818 1128 891 1183; x_wconf 87' lang='lat' dir='ltr'><strong>euim</strong></span> <span class='ocrx_word' id='word_1_77' title='bbox 909 1143 958 1198; x_wconf 89' lang='lat' dir='ltr'><strong>per</strong></span> <span class='ocrx_word' id='word_1_78' title='bbox 974 1127 1093 1194; x_wconf 81' lang='lat' dir='ltr'><strong>Saulem,</strong></span> <span class='ocrx_word' id='word_1_79' title='bbox 1109 1128 1162 1184; x_wconf 83' lang='lat' dir='ltr'><strong>nisi</strong></span> <span class='ocrx_word' id='word_1_80' title='bbox 1215 1129 1344 1184; x_wconf 69' lang='lat' dir='ltr'><strong>anneus</strong></span> <span class='ocrx_word' id='word_1_81' title='bbox 1359 1146 1366 1183; x_wconf 76' lang='grc' dir='ltr'><strong>ε</strong></span> <span class='ocrx_word' id='word_1_82' title='bbox 1384 1129 1611 1200; x_wconf 76' lang='lat' dir='ltr'><strong>Equesprobravi</strong></span> <span class='ocrx_word' id='word_1_83' title='bbox 1629 1129 1781 1200; x_wconf 74' lang='lat' dir='ltr'><strong>agminibus</strong></span> <span class='ocrx_word' id='word_1_84' title='bbox 1795 1128 1902 1184; x_wconf 82' lang='lat' dir='ltr'><strong>israelis</strong></span> <span class='ocrx_word' id='word_1_85' title='bbox 1910 1129 2003 1184; x_wconf 72' lang='lat' dir='ltr'><strong>bodie.</strong></span> 
     </span>
     <span class='ocr_line' id='line_1_8' title="bbox 374 1217 2005 1293; baseline -0.003 -17"><span class='ocrx_word' id='word_1_86' title='bbox 374 1223 456 1278; x_wconf 82' lang='lat' dir='ltr'><strong>elatio</strong></span> <span class='ocrx_word' id='word_1_87' title='bbox 470 1220 641 1293; x_wconf 65' lang='lat' dir='ltr'><strong>potentium</strong></span> <span class='ocrx_word' id='word_1_88' title='bbox 659 1219 693 1275; x_wconf 79' lang='lat' dir='ltr'><strong>tn</strong></span> <span class='ocrx_word' id='word_1_89' title='bbox 709 1219 775 1291; x_wconf 91' lang='lat' dir='ltr'><strong>quid</strong></span> <span class='ocrx_word' id='word_1_90' title='bbox 793 1234 844 1290; x_wconf 87' lang='lat' dir='ltr'><strong>per</strong></span> <span class='ocrx_word' id='word_1_91' title='bbox 860 1220 945 1275; x_wconf 80' lang='lat' dir='ltr'><strong>David</strong></span> <span class='ocrx_word' id='word_1_92' title='bbox 964 1220 1094 1285; x_wconf 76' lang='lat' dir='ltr'><strong>innuitur,</strong></span> <span class='ocrx_word' id='word_1_93' title='bbox 1110 1220 1162 1276; x_wconf 85' lang='lat' dir='ltr'><strong>nisi</strong></span> <span class='ocrx_word' id='word_1_94' title='bbox 1215 1218 1309 1272; x_wconf 84' lang='lat' dir='ltr'><strong>tllate</strong></span> <span class='ocrx_word' id='word_1_95' title='bbox 1323 1218 1390 1272; x_wconf 83' lang='lat' dir='ltr'><strong>nubi</strong></span> <span class='ocrx_word' id='word_1_96' title='bbox 1406 1217 1495 1272; x_wconf 88' lang='lat' dir='ltr'><strong>virum</strong></span> <span class='ocrx_word' id='word_1_97' title='bbox 1509 1218 1555 1288; x_wconf 89' lang='lat' dir='ltr'><strong>qui</strong></span> <span class='ocrx_word' id='word_1_98' title='bbox 1571 1218 1647 1274; x_wconf 85' lang='lat' dir='ltr'><strong>ineat</strong></span> <span class='ocrx_word' id='word_1_99' title='bbox 1666 1232 1771 1272; x_wconf 85' lang='lat' dir='ltr'><strong>meeum</strong></span> <span class='ocrx_word' id='word_1_100' title='bbox 1790 1218 1927 1288; x_wconf 73' lang='lat' dir='ltr'><strong>singulare</strong></span> <span class='ocrx_word' id='word_1_101' title='bbox 1945 1233 2005 1272; x_wconf 85' lang='lat' dir='ltr'><strong>oer-</strong></span> 
     </span>
     <span class='ocr_line' id='line_1_9' title="bbox 374 1307 2004 1382; baseline -0.004 -14"><span class='ocrx_word' id='word_1_102' title='bbox 374 1312 485 1369; x_wconf 85' lang='lat' dir='ltr'><strong>luuuilir</strong></span> <span class='ocrx_word' id='word_1_103' title='bbox 495 1318 651 1367; x_wconf 77' lang='lat' dir='ltr'><strong>sanctornm</strong></span> <span class='ocrx_word' id='word_1_104' title='bbox 661 1310 737 1365; x_wconf 81' lang='lat' dir='ltr'><strong>vitai</strong></span> <span class='ocrx_word' id='word_1_105' title='bbox 750 1310 818 1366; x_wconf 86' lang='lat' dir='ltr'><strong>Cum</strong></span> <span class='ocrx_word' id='word_1_106' title='bbox 829 1325 894 1382; x_wconf 71' lang='lat' dir='ltr'><strong>ergo</strong></span> <span class='ocrx_word' id='word_1_107' title='bbox 903 1310 969 1366; x_wconf 84' lang='lat' dir='ltr'><strong>Saul</strong></span> <span class='ocrx_word' id='word_1_108' title='bbox 979 1313 1014 1367; x_wconf 91' lang='lat' dir='ltr'><strong>ab</strong></span> <span class='ocrx_word' id='word_1_109' title='bbox 1025 1312 1164 1367; x_wconf 89' lang='lat' dir='ltr'><strong>immundo</strong></span> <span class='ocrx_word' id='word_1_110' title='bbox 1215 1329 1225 1361; x_wconf 85' lang='lat' dir='ltr'><strong>a</strong></span> <span class='ocrx_word' id='word_1_111' title='bbox 1242 1318 1350 1374; x_wconf 69' lang='lat' dir='ltr'><strong>niueo,</strong></span> <span class='ocrx_word' id='word_1_112' title='bbox 1367 1327 1379 1360; x_wconf 76' lang='grc' dir='ltr'><strong>ι</strong></span> <span class='ocrx_word' id='word_1_113' title='bbox 1392 1316 1445 1365; x_wconf 86' lang='lat' dir='ltr'><strong>eto.</strong></span> <span class='ocrx_word' id='word_1_114' title='bbox 1462 1307 1519 1381; x_wconf 74' lang='lat' dir='ltr'><strong>(En</strong></span> <span class='ocrx_word' id='word_1_115' title='bbox 1535 1307 1670 1381; x_wconf 77' lang='lat' dir='ltr'><strong>Hebron.)</strong></span> <span class='ocrx_word' id='word_1_116' title='bbox 1684 1308 1798 1378; x_wconf 86' lang='lat' dir='ltr'><strong>Spurius</strong></span> <span class='ocrx_word' id='word_1_117' title='bbox 1814 1310 1925 1375; x_wconf 88' lang='lat' dir='ltr'><strong>dieitur,</strong></span> <span class='ocrx_word' id='word_1_118' title='bbox 1940 1310 2004 1380; x_wconf 90' lang='lat' dir='ltr'><strong>quia</strong></span> 
     </span>
     <span class='ocr_line' id='line_1_10' title="bbox 373 1398 1914 1476; baseline -0.005 -16"><span class='ocrx_word' id='word_1_119' title='bbox 373 1404 471 1476; x_wconf 81' lang='lat' dir='ltr'><strong>spirita</strong></span> <span class='ocrx_word' id='word_1_120' title='bbox 483 1401 623 1473; x_wconf 79' lang='lat' dir='ltr'><strong>arripitur,</strong></span> <span class='ocrx_word' id='word_1_121' title='bbox 637 1401 724 1457; x_wconf 74' lang='lat' dir='ltr'><strong>david</strong></span> <span class='ocrx_word' id='word_1_122' title='bbox 737 1409 861 1466; x_wconf 82' lang='lat' dir='ltr'><strong>canente,</strong></span> <span class='ocrx_word' id='word_1_123' title='bbox 874 1415 933 1470; x_wconf 71' lang='lat' dir='ltr'><strong>rjus</strong></span> <span class='ocrx_word' id='word_1_124' title='bbox 945 1401 1049 1457; x_wconf 84' lang='lat' dir='ltr'><strong>insania</strong></span> <span class='ocrx_word' id='word_1_125' title='bbox 1065 1409 1164 1471; x_wconf 88' lang='lat' dir='ltr'><strong>tempe·</strong></span> <span class='ocrx_word' id='word_1_126' title='bbox 1212 1410 1292 1471; x_wconf 88' lang='lat' dir='ltr'><strong>patre</strong></span> <span class='ocrx_word' id='word_1_127' title='bbox 1307 1401 1427 1471; x_wconf 76' lang='lat' dir='ltr'><strong>gigante,</strong></span> <span class='ocrx_word' id='word_1_128' title='bbox 1444 1407 1531 1454; x_wconf 88' lang='lat' dir='ltr'><strong>matre</strong></span> <span class='ocrx_word' id='word_1_129' title='bbox 1549 1413 1615 1455; x_wconf 88' lang='lat' dir='ltr'><strong>vero</strong></span> <span class='ocrx_word' id='word_1_130' title='bbox 1632 1398 1735 1455; x_wconf 86' lang='lat' dir='ltr'><strong>Getboa</strong></span> <span class='ocrx_word' id='word_1_131' title='bbox 1751 1407 1832 1454; x_wconf 90' lang='lat' dir='ltr'><strong>natus</strong></span> <span class='ocrx_word' id='word_1_132' title='bbox 1844 1407 1914 1454; x_wconf 89' lang='lat' dir='ltr'><strong>erut.</strong></span> 
     </span>
     <span class='ocr_line' id='line_1_11' title="bbox 374 1488 2008 1565; baseline -0.004 -13"><span class='ocrx_word' id='word_1_133' title='bbox 374 1503 469 1562; x_wconf 58' lang='lat' dir='ltr'><strong>ratam</strong></span> <span class='ocrx_word' id='word_1_134' title='bbox 482 1495 547 1565; x_wconf 83' lang='lat' dir='ltr'><strong>qnia</strong></span> <span class='ocrx_word' id='word_1_135' title='bbox 559 1509 621 1551; x_wconf 86' lang='lat' dir='ltr'><strong>eum</strong></span> <span class='ocrx_word' id='word_1_136' title='bbox 636 1505 735 1549; x_wconf 78' lang='lat' dir='ltr'><strong>senam</strong></span> <span class='ocrx_word' id='word_1_137' title='bbox 746 1495 897 1565; x_wconf 85' lang='lat' dir='ltr'><strong>potentium</strong></span> <span class='ocrx_word' id='word_1_138' title='bbox 912 1508 961 1565; x_wconf 86' lang='lat' dir='ltr'><strong>per</strong></span> <span class='ocrx_word' id='word_1_139' title='bbox 977 1493 1120 1549; x_wconf 73' lang='lat' dir='ltr'><strong>elationm</strong></span> <span class='ocrx_word' id='word_1_140' title='bbox 1134 1492 1162 1549; x_wconf 94' lang='lat' dir='ltr'><strong>in</strong></span> <span class='ocrx_word' id='word_1_141' title='bbox 1250 1509 1261 1542; x_wconf 84' lang='lat' dir='ltr'><strong>r</strong></span> <span class='ocrx_word' id='word_1_142' title='bbox 1280 1490 1365 1546; x_wconf 80' lang='lat' dir='ltr'><strong>David</strong></span> <span class='ocrx_word' id='word_1_143' title='bbox 1384 1498 1473 1545; x_wconf 73' lang='lat' dir='ltr'><strong>nutem</strong></span> <span class='ocrx_word' id='word_1_144' title='bbox 1491 1497 1552 1545; x_wconf 92' lang='lat' dir='ltr'><strong>erat</strong></span> <span class='ocrx_word' id='word_1_145' title='bbox 1570 1488 1643 1545; x_wconf 77' lang='lat' dir='ltr'><strong>tilius</strong></span> <span class='ocrx_word' id='word_1_146' title='bbox 1659 1490 1711 1544; x_wconf 89' lang='lat' dir='ltr'><strong>viri</strong></span> <span class='ocrx_word' id='word_1_147' title='bbox 1731 1490 1885 1559; x_wconf 78' lang='lat' dir='ltr'><strong>llplrrathei</strong></span> <span class='ocrx_word' id='word_1_148' title='bbox 1905 1489 1939 1544; x_wconf 92' lang='lat' dir='ltr'><strong>de</strong></span> <span class='ocrx_word' id='word_1_149' title='bbox 1956 1490 2008 1545; x_wconf 83' lang='lat' dir='ltr'><strong>llo-</strong></span> 
     </span>
     <span class='ocr_line' id='line_1_12' title="bbox 373 1583 2004 1657; baseline 0 -17"><span class='ocrx_word' id='word_1_150' title='bbox 373 1586 495 1643; x_wconf 73' lang='lat' dir='ltr'><strong>tuorem</strong></span> <span class='ocrx_word' id='word_1_151' title='bbox 509 1585 635 1651; x_wconf 84' lang='lat' dir='ltr'><strong>vertitur,</strong></span> <span class='ocrx_word' id='word_1_152' title='bbox 650 1584 763 1657; x_wconf 77' lang='lat' dir='ltr'><strong>diqunm</strong></span> <span class='ocrx_word' id='word_1_153' title='bbox 776 1591 820 1640; x_wconf 85' lang='lat' dir='ltr'><strong>eat</strong></span> <span class='ocrx_word' id='word_1_154' title='bbox 832 1592 863 1639; x_wconf 89' lang='lat' dir='ltr'><strong>nt</strong></span> <span class='ocrx_word' id='word_1_155' title='bbox 876 1585 909 1640; x_wconf 90' lang='lat' dir='ltr'><strong>ad</strong></span> <span class='ocrx_word' id='word_1_156' title='bbox 923 1583 1039 1639; x_wconf 86' lang='lat' dir='ltr'><strong>salutem</strong></span> <span class='ocrx_word' id='word_1_157' title='bbox 1052 1584 1162 1648; x_wconf 87' lang='lat' dir='ltr'><strong>mentis,</strong></span> <span class='ocrx_word' id='word_1_158' title='bbox 1216 1602 1226 1636; x_wconf 84' lang='grc' dir='ltr'><strong>ι</strong></span> <span class='ocrx_word' id='word_1_159' title='bbox 1245 1584 1364 1641; x_wconf 86' lang='lat' dir='ltr'><strong>thiebem</strong></span> <span class='ocrx_word' id='word_1_160' title='bbox 1378 1583 1458 1649; x_wconf 85' lang='lat' dir='ltr'><strong>luda,</strong></span> <span class='ocrx_word' id='word_1_161' title='bbox 1475 1585 1520 1640; x_wconf 82' lang='lat' dir='ltr'><strong>cui</strong></span> <span class='ocrx_word' id='word_1_162' title='bbox 1539 1599 1639 1640; x_wconf 89' lang='lat' dir='ltr'><strong>nomen</strong></span> <span class='ocrx_word' id='word_1_163' title='bbox 1659 1594 1719 1640; x_wconf 85' lang='lat' dir='ltr'><strong>erat</strong></span> <span class='ocrx_word' id='word_1_164' title='bbox 1740 1584 1813 1650; x_wconf 77' lang='lat' dir='ltr'><strong>linai,</strong></span> <span class='ocrx_word' id='word_1_165' title='bbox 1827 1585 1873 1654; x_wconf 91' lang='lat' dir='ltr'><strong>qui</strong></span> <span class='ocrx_word' id='word_1_166' title='bbox 1888 1584 2004 1640; x_wconf 78' lang='lat' dir='ltr'><strong>habebat</strong></span> 
     </span>
     <span class='ocr_line' id='line_1_13' title="bbox 373 1675 2006 1748; baseline -0.001 -15"><span class='ocrx_word' id='word_1_167' title='bbox 373 1678 450 1748; x_wconf 82' lang='lat' dir='ltr'><strong>qnasi</strong></span> <span class='ocrx_word' id='word_1_168' title='bbox 466 1676 608 1734; x_wconf 71' lang='lat' dir='ltr'><strong>dulcedine</strong></span> <span class='ocrx_word' id='word_1_169' title='bbox 622 1675 749 1741; x_wconf 68' lang='lat' dir='ltr'><strong>eithara,</strong></span> <span class='ocrx_word' id='word_1_170' title='bbox 766 1676 909 1733; x_wconf 82' lang='lat' dir='ltr'><strong>locutionis</strong></span> <span class='ocrx_word' id='word_1_171' title='bbox 920 1683 1020 1732; x_wconf 80' lang='lat' dir='ltr'><strong>nostre</strong></span> <span class='ocrx_word' id='word_1_172' title='bbox 1033 1676 1164 1746; x_wconf 81' lang='lat' dir='ltr'><strong>tranquil·</strong></span> <span class='ocrx_word' id='word_1_173' title='bbox 1217 1696 1227 1728; x_wconf 82' lang='lat' dir='ltr'><strong>a</strong></span> <span class='ocrx_word' id='word_1_174' title='bbox 1244 1684 1307 1733; x_wconf 90' lang='lat' dir='ltr'><strong>octo</strong></span> <span class='ocrx_word' id='word_1_175' title='bbox 1328 1677 1407 1733; x_wconf 85' lang='lat' dir='ltr'><strong>tilios.</strong></span> <span class='ocrx_word' id='word_1_176' title='bbox 1428 1697 1438 1730; x_wconf 84' lang='grc' dir='ltr'><strong>ι</strong></span> <span class='ocrx_word' id='word_1_177' title='bbox 1464 1676 1601 1744; x_wconf 66' lang='lat' dir='ltr'><strong>Quanto</strong></span> <span class='ocrx_word' id='word_1_178' title='bbox 1614 1692 1664 1732; x_wconf 88' lang='lat' dir='ltr'><strong>eur</strong></span> <span class='ocrx_word' id='word_1_179' title='bbox 1685 1676 1730 1732; x_wconf 81' lang='lat' dir='ltr'><strong>lvio</strong></span> <span class='ocrx_word' id='word_1_180' title='bbox 1743 1686 1806 1731; x_wconf 84' lang='lat' dir='ltr'><strong>octo</strong></span> <span class='ocrx_word' id='word_1_181' title='bbox 1821 1676 1890 1731; x_wconf 82' lang='lat' dir='ltr'><strong>ulos</strong></span> <span class='ocrx_word' id='word_1_182' title='bbox 1904 1677 2006 1732; x_wconf 86' lang='lat' dir='ltr'><strong>babere</strong></span> 
     </span>
     <span class='ocr_line' id='line_1_14' title="bbox 374 1763 2007 1837; baseline -0.002 -13"><span class='ocrx_word' id='word_1_183' title='bbox 374 1768 453 1826; x_wconf 76' lang='lat' dir='ltr'><strong>litate</strong></span> <span class='ocrx_word' id='word_1_184' title='bbox 469 1774 623 1825; x_wconf 76' lang='lat' dir='ltr'><strong>remeetur.</strong></span> <span class='ocrx_word' id='word_1_185' title='bbox 1214 1766 1338 1830; x_wconf 81' lang='lat' dir='ltr'><strong>dieatnr,</strong></span> <span class='ocrx_word' id='word_1_186' title='bbox 1356 1779 1419 1821; x_wconf 86' lang='lat' dir='ltr'><strong>eum</strong></span> <span class='ocrx_word' id='word_1_187' title='bbox 1446 1765 1474 1820; x_wconf 88' lang='lat' dir='ltr'><strong>in</strong></span> <span class='ocrx_word' id='word_1_188' title='bbox 1496 1764 1721 1835; x_wconf 67' lang='lat' dir='ltr'><strong>Paralipomenon</strong></span> <span class='ocrx_word' id='word_1_189' title='bbox 1749 1764 1786 1837; x_wconf 80' lang='lat' dir='ltr'><strong>(l,</strong></span> <span class='ocrx_word' id='word_1_190' title='bbox 1809 1763 1845 1836; x_wconf 77' lang='lat' dir='ltr'><strong>n)</strong></span> <span class='ocrx_word' id='word_1_191' title='bbox 1868 1780 1922 1819; x_wconf 90' lang='lat' dir='ltr'><strong>non</strong></span> <span class='ocrx_word' id='word_1_192' title='bbox 1948 1781 2007 1820; x_wconf 86' lang='lat' dir='ltr'><strong>am·</strong></span> 
     </span>
     <span class='ocr_line' id='line_1_15' title="bbox 657 1856 2005 1930; baseline -0.003 -15"><span class='ocrx_word' id='word_1_193' title='bbox 657 1857 773 1915; x_wconf 72' lang='lat' dir='ltr'><strong>catur</strong></span> <span class='ocrx_word' id='word_1_194' title='bbox 797 1856 877 1915; x_wconf 84' lang='lat' dir='ltr'><strong>xvtt.</strong></span> <span class='ocrx_word' id='word_1_195' title='bbox 1213 1859 1285 1930; x_wconf 84' lang='lat' dir='ltr'><strong>plius</strong></span> <span class='ocrx_word' id='word_1_196' title='bbox 1306 1874 1389 1929; x_wconf 86' lang='lat' dir='ltr'><strong>quana</strong></span> <span class='ocrx_word' id='word_1_197' title='bbox 1414 1866 1517 1929; x_wconf 87' lang='lat' dir='ltr'><strong>septem</strong></span> <span class='ocrx_word' id='word_1_198' title='bbox 1542 1857 1687 1930; x_wconf 72' lang='lat' dir='ltr'><strong>legantur?</strong></span> <span class='ocrx_word' id='word_1_199' title='bbox 1714 1856 1791 1924; x_wconf 81' lang='lat' dir='ltr'><strong>viod</strong></span> <span class='ocrx_word' id='word_1_200' title='bbox 1820 1858 1857 1913; x_wconf 89' lang='lat' dir='ltr'><strong>ita</strong></span> <span class='ocrx_word' id='word_1_201' title='bbox 1879 1857 2005 1913; x_wconf 85' lang='lat' dir='ltr'><strong>solvitur.</strong></span> 
     </span>
     <span class='ocr_line' id='line_1_16' title="bbox 375 1945 2005 2031; baseline -0.002 -28"><span class='ocrx_word' id='word_1_202' title='bbox 375 1948 414 2003; x_wconf 79' lang='lat' dir='ltr'><strong>lla</strong></span> <span class='ocrx_word' id='word_1_203' title='bbox 429 1963 518 2020; x_wconf 67' lang='lat' dir='ltr'><strong>popu</strong></span> <span class='ocrx_word' id='word_1_204' title='bbox 535 1947 620 2031; x_wconf 68' lang='lat' dir='ltr'><strong>ilarii</strong></span> <span class='ocrx_word' id='word_1_205' title='bbox 638 1957 729 2031; x_wconf 73' lang='lat' dir='ltr'><strong>rantra</strong></span> <span class='ocrx_word' id='word_1_206' title='bbox 747 1945 853 2031; x_wconf 58' lang='lat' dir='ltr'><strong>§quart</strong></span> <span class='ocrx_word' id='word_1_207' title='bbox 869 1945 1067 2031; x_wconf 68' lang='lat' dir='ltr'><strong>Plilirtloeam,</strong></span> <span class='ocrx_word' id='word_1_208' title='bbox 1088 1961 1165 2017; x_wconf 75' lang='lat' dir='ltr'><strong>queat</strong></span> <span class='ocrx_word' id='word_1_209' title='bbox 1214 1949 1322 2005; x_wconf 82' lang='lat' dir='ltr'><strong>Nathan</strong></span> <span class='ocrx_word' id='word_1_210' title='bbox 1340 1949 1432 2018; x_wconf 87' lang='lat' dir='ltr'><strong>ltaque</strong></span> <span class='ocrx_word' id='word_1_211' title='bbox 1449 1948 1609 2019; x_wconf 75' lang='lat' dir='ltr'><strong>proplietam</strong></span> <span class='ocrx_word' id='word_1_212' title='bbox 1629 1947 1715 2002; x_wconf 88' lang='lat' dir='ltr'><strong>lilium</strong></span> <span class='ocrx_word' id='word_1_213' title='bbox 1737 1946 1850 2011; x_wconf 82' lang='lat' dir='ltr'><strong>semaa,</strong></span> <span class='ocrx_word' id='word_1_214' title='bbox 1880 1946 1928 2000; x_wconf 85' lang='lat' dir='ltr'><strong>dlii</strong></span> <span class='ocrx_word' id='word_1_215' title='bbox 1953 1946 2005 2000; x_wconf 89' lang='lat' dir='ltr'><strong>sui.</strong></span> 
     </span>
     <span class='ocr_line' id='line_1_17' title="bbox 579 2017 2006 2097; baseline -0.004 1"><span class='ocrx_word' id='word_1_216' title='bbox 579 2028 656 2089; x_wconf 58' lang='lat'><strong><em>1⁰⁶¹*</em></strong></span> <span class='ocrx_word' id='word_1_217' title='bbox 671 2017 766 2089; x_wconf 50' lang='grc' dir='ltr'><strong>ΜΨ*</strong></span> <span class='ocrx_word' id='word_1_218' title='bbox 778 2034 833 2088; x_wconf 68' lang='lat' dir='ltr'><strong>‘W</strong></span> <span class='ocrx_word' id='word_1_219' title='bbox 848 2018 954 2073; x_wconf 55' lang='grc' dir='ltr'><strong>Μ·</strong></span> <span class='ocrx_word' id='word_1_220' title='bbox 1216 2042 1244 2097; x_wconf 86' lang='grc' dir='ltr'><strong>ἱιι</strong></span> <span class='ocrx_word' id='word_1_221' title='bbox 1263 2041 1322 2096; x_wconf 85' lang='lat' dir='ltr'><strong>loeo</strong></span> <span class='ocrx_word' id='word_1_222' title='bbox 1340 2040 1389 2095; x_wconf 83' lang='lat' dir='ltr'><strong>lilii</strong></span> <span class='ocrx_word' id='word_1_223' title='bbox 1409 2040 1572 2095; x_wconf 70' lang='lat' dir='ltr'><strong>adunaverat</strong></span> <span class='ocrx_word' id='word_1_224' title='bbox 1597 2047 1626 2093; x_wconf 81' lang='lat' dir='ltr'><strong>et</strong></span> <span class='ocrx_word' id='word_1_225' title='bbox 1642 2039 1801 2093; x_wconf 84' lang='lat' dir='ltr'><strong>nutn’verat.</strong></span> <span class='ocrx_word' id='word_1_226' title='bbox 1822 2038 1890 2092; x_wconf 86' lang='lat' dir='ltr'><strong>Nam</strong></span> <span class='ocrx_word' id='word_1_227' title='bbox 1914 2052 2006 2093; x_wconf 86' lang='lat' dir='ltr'><strong>eoram</strong></span> 
     </span>
     <span class='ocr_line' id='line_1_18' title="bbox 409 2103 2006 2202; baseline -0.001 -17"><span class='ocrx_word' id='word_1_228' title='bbox 409 2127 486 2202; x_wconf 80' lang='lat' dir='ltr'><strong>(Gan.</strong></span> <span class='ocrx_word' id='word_1_229' title='bbox 503 2128 583 2201; x_wconf 57' lang='grc' dir='ltr'><strong>χιιι.)</strong></span> <span class='ocrx_word' id='word_1_230' title='bbox 600 2148 611 2182; x_wconf 89' lang='grc' dir='ltr'><strong>ι</strong></span> <span class='ocrx_word' id='word_1_231' title='bbox 632 2127 698 2185; x_wconf 79' lang='lat' dir='ltr'><strong>Post</strong></span> <span class='ocrx_word' id='word_1_232' title='bbox 717 2130 791 2195; x_wconf 85' lang='lat' dir='ltr'><strong>baee,</strong></span> <span class='ocrx_word' id='word_1_233' title='bbox 807 2128 971 2186; x_wconf 80' lang='lat' dir='ltr'><strong>Philisthiiua</strong></span> <span class='ocrx_word' id='word_1_234' title='bbox 985 2129 1093 2201; x_wconf 68' lang='lat' dir='ltr'><strong>agmina</strong></span> <span class='ocrx_word' id='word_1_235' title='bbox 1113 2144 1162 2184; x_wconf 90' lang='lat' dir='ltr'><strong>sua</strong></span> <span class='ocrx_word' id='word_1_236' title='bbox 1179 2103 1342 2189; x_wconf 74' lang='lat' dir='ltr'><strong>l3Savuuele</strong></span> <span class='ocrx_word' id='word_1_237' title='bbox 1364 2138 1469 2201; x_wconf 85' lang='lat' dir='ltr'><strong>septem</strong></span> <span class='ocrx_word' id='word_1_238' title='bbox 1495 2128 1555 2199; x_wconf 82' lang='lat' dir='ltr'><strong>eius</strong></span> <span class='ocrx_word' id='word_1_239' title='bbox 1582 2128 1630 2185; x_wconf 78' lang='lat' dir='ltr'><strong>ulit</strong></span> <span class='ocrx_word' id='word_1_240' title='bbox 1658 2129 1784 2200; x_wconf 74' lang='lat' dir='ltr'><strong>loquutur</strong></span> <span class='ocrx_word' id='word_1_241' title='bbox 1810 2129 1919 2185; x_wconf 82' lang='lat' dir='ltr'><strong>adducti</strong></span> <span class='ocrx_word' id='word_1_242' title='bbox 1939 2129 2006 2184; x_wconf 89' lang='lat' dir='ltr'><strong>luis-</strong></span> 
     </span>
     <span class='ocr_line' id='line_1_19' title="bbox 377 2218 2008 2292; baseline 0.001 -18"><span class='ocrx_word' id='word_1_243' title='bbox 377 2221 433 2276; x_wconf 84' lang='lat' dir='ltr'><strong>rin</strong></span> <span class='ocrx_word' id='word_1_244' title='bbox 446 2220 570 2292; x_wconf 75' lang='lat' dir='ltr'><strong>praelium</strong></span> <span class='ocrx_word' id='word_1_245' title='bbox 581 2219 770 2277; x_wconf 77' lang='lat' dir='ltr'><strong>enodaverunt</strong></span> <span class='ocrx_word' id='word_1_246' title='bbox 782 2221 809 2275; x_wconf 90' lang='lat' dir='ltr'><strong>iu</strong></span> <span class='ocrx_word' id='word_1_247' title='bbox 825 2218 1007 2285; x_wconf 81' lang='lat' dir='ltr'><strong>Soelaoludaa,</strong></span> <span class='ocrx_word' id='word_1_248' title='bbox 1023 2229 1052 2277; x_wconf 86' lang='lat' dir='ltr'><strong>et</strong></span> <span class='ocrx_word' id='word_1_249' title='bbox 1061 2228 1164 2276; x_wconf 67' lang='lat' dir='ltr'><strong>trustra·⁴</strong></span> <span class='ocrx_word' id='word_1_250' title='bbox 1213 2239 1263 2291; x_wconf 87' lang='lat' dir='ltr'><strong>se,</strong></span> <span class='ocrx_word' id='word_1_251' title='bbox 1291 2230 1320 2279; x_wconf 90' lang='lat' dir='ltr'><strong>et</strong></span> <span class='ocrx_word' id='word_1_252' title='bbox 1341 2231 1454 2280; x_wconf 85' lang='lat' dir='ltr'><strong>octavus</strong></span> <span class='ocrx_word' id='word_1_253' title='bbox 1478 2237 1541 2278; x_wconf 84' lang='lat' dir='ltr'><strong>esse</strong></span> <span class='ocrx_word' id='word_1_254' title='bbox 1563 2222 1591 2276; x_wconf 90' lang='lat' dir='ltr'><strong>in</strong></span> <span class='ocrx_word' id='word_1_255' title='bbox 1611 2222 1739 2291; x_wconf 82' lang='lat' dir='ltr'><strong>pascuis,</strong></span> <span class='ocrx_word' id='word_1_256' title='bbox 1763 2222 1834 2277; x_wconf 88' lang='lat' dir='ltr'><strong>inter</strong></span> <span class='ocrx_word' id='word_1_257' title='bbox 1858 2237 1927 2291; x_wconf 84' lang='lat' dir='ltr'><strong>quos</strong></span> <span class='ocrx_word' id='word_1_258' title='bbox 1954 2222 2008 2276; x_wconf 87' lang='lat' dir='ltr'><strong>Na·</strong></span> 
     </span>
     <span class='ocr_line' id='line_1_20' title="bbox 376 2310 2007 2382; baseline 0.002 -17"><span class='ocrx_word' id='word_1_259' title='bbox 376 2311 652 2368; x_wconf 61' lang='lat' dir='ltr'><strong>emendicantium</strong></span> <span class='ocrx_word' id='word_1_260' title='bbox 662 2310 920 2378; x_wconf 71' lang='lat' dir='ltr'><strong>Sueboetnaeclva,</strong></span> <span class='ocrx_word' id='word_1_261' title='bbox 935 2312 963 2366; x_wconf 92' lang='lat' dir='ltr'><strong>iu</strong></span> <span class='ocrx_word' id='word_1_262' title='bbox 978 2312 1165 2369; x_wconf 83' lang='lat' dir='ltr'><strong>linibusllom·</strong></span> <span class='ocrx_word' id='word_1_263' title='bbox 1213 2317 1279 2374; x_wconf 80' lang='lat' dir='ltr'><strong>alvan</strong></span> <span class='ocrx_word' id='word_1_264' title='bbox 1301 2315 1446 2372; x_wconf 84' lang='lat' dir='ltr'><strong>adductum</strong></span> <span class='ocrx_word' id='word_1_265' title='bbox 1472 2313 1557 2369; x_wconf 86' lang='lat' dir='ltr'><strong>luisse</strong></span> <span class='ocrx_word' id='word_1_266' title='bbox 1575 2311 1750 2368; x_wconf 78' lang='lat' dir='ltr'><strong>manifestum</strong></span> <span class='ocrx_word' id='word_1_267' title='bbox 1772 2321 1834 2377; x_wconf 86' lang='lat' dir='ltr'><strong>est,</strong></span> <span class='ocrx_word' id='word_1_268' title='bbox 1848 2314 1895 2382; x_wconf 93' lang='lat' dir='ltr'><strong>qui</strong></span> <span class='ocrx_word' id='word_1_269' title='bbox 1911 2321 1940 2368; x_wconf 92' lang='lat' dir='ltr'><strong>et</strong></span> <span class='ocrx_word' id='word_1_270' title='bbox 1959 2310 2007 2367; x_wconf 81' lang='lat' dir='ltr'><strong>lo-</strong></span> 
     </span>
     <span class='ocr_line' id='line_1_21' title="bbox 376 2399 2008 2473; baseline 0.003 -19"><span class='ocrx_word' id='word_1_271' title='bbox 376 2418 387 2454; x_wconf 80' lang='lat' dir='ltr'><strong>r</strong></span> <span class='ocrx_word' id='word_1_272' title='bbox 405 2400 482 2458; x_wconf 84' lang='lat' dir='ltr'><strong>mian.</strong></span> <span class='ocrx_word' id='word_1_273' title='bbox 500 2419 511 2453; x_wconf 83' lang='grc' dir='ltr'><strong>ι</strong></span> <span class='ocrx_word' id='word_1_274' title='bbox 525 2400 580 2473; x_wconf 78' lang='lat' dir='ltr'><strong>(Eat</strong></span> <span class='ocrx_word' id='word_1_275' title='bbox 603 2399 787 2473; x_wconf 71' lang='lat' dir='ltr'><strong>Hieronymo.)</strong></span> <span class='ocrx_word' id='word_1_276' title='bbox 807 2400 897 2457; x_wconf 84' lang='lat' dir='ltr'><strong>Socho</strong></span> <span class='ocrx_word' id='word_1_277' title='bbox 915 2410 957 2457; x_wconf 89' lang='lat' dir='ltr'><strong>est</strong></span> <span class='ocrx_word' id='word_1_278' title='bbox 982 2402 1108 2472; x_wconf 87' lang='lat' dir='ltr'><strong>oppidum</strong></span> <span class='ocrx_word' id='word_1_279' title='bbox 1136 2402 1164 2457; x_wconf 91' lang='lat' dir='ltr'><strong>in</strong></span> <span class='ocrx_word' id='word_1_280' title='bbox 1214 2406 1315 2462; x_wconf 81' lang='lat' dir='ltr'><strong>nathan</strong></span> <span class='ocrx_word' id='word_1_281' title='bbox 1330 2412 1454 2460; x_wconf 89' lang='lat' dir='ltr'><strong>vocatur.</strong></span> <span class='ocrx_word' id='word_1_282' title='bbox 1480 2402 1519 2457; x_wconf 81' lang='lat' dir='ltr'><strong>lle</strong></span> <span class='ocrx_word' id='word_1_283' title='bbox 1536 2417 1590 2473; x_wconf 90' lang='lat' dir='ltr'><strong>qno</strong></span> <span class='ocrx_word' id='word_1_284' title='bbox 1602 2401 1629 2456; x_wconf 89' lang='lat' dir='ltr'><strong>iu</strong></span> <span class='ocrx_word' id='word_1_285' title='bbox 1642 2410 1763 2457; x_wconf 83' lang='lat' dir='ltr'><strong>extrema</strong></span> <span class='ocrx_word' id='word_1_286' title='bbox 1782 2412 1862 2471; x_wconf 88' lang='lat' dir='ltr'><strong>parte</strong></span> <span class='ocrx_word' id='word_1_287' title='bbox 1872 2401 2008 2460; x_wconf 77' lang='lat' dir='ltr'><strong>Samuelis</strong></span> 
     </span>
     <span class='ocr_line' id='line_1_22' title="bbox 375 2488 2008 2563; baseline 0.001 -16"><span class='ocrx_word' id='word_1_288' title='bbox 375 2491 448 2547; x_wconf 85' lang='lat' dir='ltr'><strong>triba</strong></span> <span class='ocrx_word' id='word_1_289' title='bbox 461 2488 540 2549; x_wconf 83' lang='lat' dir='ltr'><strong>luda.</strong></span> <span class='ocrx_word' id='word_1_290' title='bbox 557 2490 627 2548; x_wconf 81' lang='lat' dir='ltr'><strong>Sunt</strong></span> <span class='ocrx_word' id='word_1_291' title='bbox 638 2500 728 2548; x_wconf 88' lang='lat' dir='ltr'><strong>autem</strong></span> <span class='ocrx_word' id='word_1_292' title='bbox 742 2505 829 2563; x_wconf 89' lang='lat' dir='ltr'><strong>usque</strong></span> <span class='ocrx_word' id='word_1_293' title='bbox 845 2492 925 2548; x_wconf 85' lang='lat' dir='ltr'><strong>bodie</strong></span> <span class='ocrx_word' id='word_1_294' title='bbox 940 2492 1020 2548; x_wconf 82' lang='lat' dir='ltr'><strong>viculi</strong></span> <span class='ocrx_word' id='word_1_295' title='bbox 1038 2492 1091 2548; x_wconf 91' lang='lat' dir='ltr'><strong>duo</strong></span> <span class='ocrx_word' id='word_1_296' title='bbox 1103 2507 1166 2563; x_wconf 91' lang='lat' dir='ltr'><strong>per-</strong></span> <span class='ocrx_word' id='word_1_297' title='bbox 1215 2494 1315 2554; x_wconf 80' lang='lat' dir='ltr'><strong>dieitur</strong></span> <span class='ocrx_word' id='word_1_298' title='bbox 1342 2512 1349 2548; x_wconf 92' lang='lat'><strong>:</strong></span> <span class='ocrx_word' id='word_1_299' title='bbox 1366 2511 1378 2545; x_wconf 85' lang='grc' dir='ltr'><strong>ι</strong></span> <span class='ocrx_word' id='word_1_300' title='bbox 1400 2492 1539 2548; x_wconf 79' lang='lat' dir='ltr'><strong>Percussit</strong></span> <span class='ocrx_word' id='word_1_301' title='bbox 1563 2498 1653 2546; x_wconf 87' lang='lat' dir='ltr'><strong>autem</strong></span> <span class='ocrx_word' id='word_1_302' title='bbox 1678 2504 1742 2546; x_wconf 87' lang='lat' dir='ltr'><strong>eum</strong></span> <span class='ocrx_word' id='word_1_303' title='bbox 1764 2489 1910 2557; x_wconf 82' lang='lat' dir='ltr'><strong>lonatluan,</strong></span> <span class='ocrx_word' id='word_1_304' title='bbox 1935 2492 2008 2549; x_wconf 86' lang='lat' dir='ltr'><strong>iilius</strong></span> 
     </span>
     <span class='ocr_line' id='line_1_23' title="bbox 375 2576 2006 2659; baseline -0.001 -18"><span class='ocrx_word' id='word_1_305' title='bbox 375 2576 500 2656; x_wconf 65' lang='lat' dir='ltr'><strong>&#39;genubus</strong></span> <span class='ocrx_word' id='word_1_306' title='bbox 513 2585 615 2643; x_wconf 75' lang='lat' dir='ltr'><strong>AElla·</strong></span> <span class='ocrx_word' id='word_1_307' title='bbox 638 2588 672 2644; x_wconf 79' lang='lat' dir='ltr'><strong>do</strong></span> <span class='ocrx_word' id='word_1_308' title='bbox 688 2587 888 2659; x_wconf 86' lang='lat' dir='ltr'><strong>Eleutheropoli</strong></span> <span class='ocrx_word' id='word_1_309' title='bbox 910 2589 938 2645; x_wconf 91' lang='lat' dir='ltr'><strong>in</strong></span> <span class='ocrx_word' id='word_1_310' title='bbox 950 2603 1020 2645; x_wconf 88' lang='lat' dir='ltr'><strong>novo</strong></span> <span class='ocrx_word' id='word_1_311' title='bbox 1038 2589 1167 2645; x_wconf 89' lang='lat' dir='ltr'><strong>milliario</strong></span> <span class='ocrx_word' id='word_1_312' title='bbox 1216 2586 1352 2650; x_wconf 86' lang='lat' dir='ltr'><strong>Sammaa,</strong></span> <span class='ocrx_word' id='word_1_313' title='bbox 1368 2586 1461 2641; x_wconf 84' lang='lat' dir='ltr'><strong>iratris</strong></span> <span class='ocrx_word' id='word_1_314' title='bbox 1472 2585 1556 2640; x_wconf 84' lang='lat' dir='ltr'><strong>David</strong></span> <span class='ocrx_word' id='word_1_315' title='bbox 1566 2582 1608 2656; x_wconf 82' lang='lat' dir='ltr'><strong>(ll</strong></span> <span class='ocrx_word' id='word_1_316' title='bbox 1627 2582 2006 2655; x_wconf 72' lang='lat' dir='ltr'><strong>tteq.1x1).»ntnotandam</strong></span> 
     </span>
     <span class='ocr_line' id='line_1_24' title="bbox 374 2675 2008 2750; baseline -0.001 -17"><span class='ocrx_word' id='word_1_317' title='bbox 374 2677 426 2734; x_wconf 82' lang='lat' dir='ltr'><strong>viae</strong></span> <span class='ocrx_word' id='word_1_318' title='bbox 438 2677 574 2748; x_wconf 84' lang='lat' dir='ltr'><strong>publieae:</strong></span> <span class='ocrx_word' id='word_1_319' title='bbox 589 2693 660 2735; x_wconf 89' lang='lat' dir='ltr'><strong>unus</strong></span> <span class='ocrx_word' id='word_1_320' title='bbox 673 2679 701 2734; x_wconf 88' lang='lat' dir='ltr'><strong>in</strong></span> <span class='ocrx_word' id='word_1_321' title='bbox 715 2686 823 2745; x_wconf 84' lang='lat' dir='ltr'><strong>monte,</strong></span> <span class='ocrx_word' id='word_1_322' title='bbox 841 2688 870 2736; x_wconf 90' lang='lat' dir='ltr'><strong>et</strong></span> <span class='ocrx_word' id='word_1_323' title='bbox 886 2679 955 2736; x_wconf 90' lang='lat' dir='ltr'><strong>alter</strong></span> <span class='ocrx_word' id='word_1_324' title='bbox 973 2680 1000 2734; x_wconf 89' lang='lat' dir='ltr'><strong>lu</strong></span> <span class='ocrx_word' id='word_1_325' title='bbox 1019 2695 1116 2750; x_wconf 85' lang='lat' dir='ltr'><strong>eampo</strong></span> <span class='ocrx_word' id='word_1_326' title='bbox 1128 2679 1166 2735; x_wconf 90' lang='lat' dir='ltr'><strong>si·</strong></span> <span class='ocrx_word' id='word_1_327' title='bbox 1215 2679 1288 2749; x_wconf 90' lang='lat' dir='ltr'><strong>quod</strong></span> <span class='ocrx_word' id='word_1_328' title='bbox 1304 2678 1457 2747; x_wconf 79' lang='lat' dir='ltr'><strong>ulricunque</strong></span> <span class='ocrx_word' id='word_1_329' title='bbox 1477 2677 1609 2746; x_wconf 74' lang='lat' dir='ltr'><strong>propheta</strong></span> <span class='ocrx_word' id='word_1_330' title='bbox 1634 2683 1757 2740; x_wconf 83' lang='lat' dir='ltr'><strong>vocatur,</strong></span> <span class='ocrx_word' id='word_1_331' title='bbox 1783 2675 1892 2730; x_wconf 81' lang='lat' dir='ltr'><strong>Narbon</strong></span> <span class='ocrx_word' id='word_1_332' title='bbox 1910 2676 2008 2731; x_wconf 81' lang='lat' dir='ltr'><strong>scribi-</strong></span> 
     </span>
     <span class='ocr_line' id='line_1_25' title="bbox 376 2763 2006 2842; baseline 0.001 -18"><span class='ocrx_word' id='word_1_333' title='bbox 376 2778 430 2832; x_wconf 85' lang='lat' dir='ltr'><strong>tna,</strong></span> <span class='ocrx_word' id='word_1_334' title='bbox 447 2769 495 2840; x_wconf 89' lang='lat' dir='ltr'><strong>qni</strong></span> <span class='ocrx_word' id='word_1_335' title='bbox 510 2768 601 2826; x_wconf 80' lang='lat' dir='ltr'><strong>Socho</strong></span> <span class='ocrx_word' id='word_1_336' title='bbox 611 2779 813 2840; x_wconf 79' lang='lat' dir='ltr'><strong>nuncupantur.</strong></span> <span class='ocrx_word' id='word_1_337' title='bbox 828 2771 1026 2842; x_wconf 83' lang='lat' dir='ltr'><strong>Interpretatur</strong></span> <span class='ocrx_word' id='word_1_338' title='bbox 1039 2785 1104 2827; x_wconf 89' lang='lat' dir='ltr'><strong>vero</strong></span> <span class='ocrx_word' id='word_1_339' title='bbox 1121 2786 1166 2825; x_wconf 83' lang='lat' dir='ltr'><strong>ra·</strong></span> <span class='ocrx_word' id='word_1_340' title='bbox 1216 2776 1272 2835; x_wconf 87' lang='lat' dir='ltr'><strong>tur,</strong></span> <span class='ocrx_word' id='word_1_341' title='bbox 1299 2783 1353 2824; x_wconf 92' lang='lat' dir='ltr'><strong>non</strong></span> <span class='ocrx_word' id='word_1_342' title='bbox 1376 2766 1521 2822; x_wconf 65' lang='lat' dir='ltr'><strong>hoamen.</strong></span> <span class='ocrx_word' id='word_1_343' title='bbox 1545 2763 1662 2837; x_wconf 78' lang='lat' dir='ltr'><strong>aPuqua</strong></span> <span class='ocrx_word' id='word_1_344' title='bbox 1687 2780 1753 2820; x_wconf 89' lang='lat' dir='ltr'><strong>vero</strong></span> <span class='ocrx_word' id='word_1_345' title='bbox 1778 2764 2006 2825; x_wconf 82' lang='lat' dir='ltr'><strong>Pluilistlrinovutu</strong></span> 
     </span>
     <span class='ocr_line' id='line_1_26' title="bbox 374 2854 2006 2927; baseline -0.001 -15"><span class='ocrx_word' id='word_1_346' title='bbox 374 2872 436 2912; x_wconf 73' lang='lat' dir='ltr'><strong>m</strong></span> <span class='ocrx_word' id='word_1_347' title='bbox 452 2855 775 2915; x_wconf 63' lang='lat' dir='ltr'><strong>submurmurata</strong></span> <span class='ocrx_word' id='word_1_348' title='bbox 789 2859 886 2916; x_wconf 85' lang='lat' dir='ltr'><strong>eivitas</strong></span> <span class='ocrx_word' id='word_1_349' title='bbox 898 2867 941 2915; x_wconf 84' lang='lat' dir='ltr'><strong>est</strong></span> <span class='ocrx_word' id='word_1_350' title='bbox 950 2860 1165 2915; x_wconf 68' lang='lat' dir='ltr'><strong>chananeorum</strong></span> <span class='ocrx_word' id='word_1_351' title='bbox 1215 2865 1310 2913; x_wconf 83' lang='lat' dir='ltr'><strong>eontra</strong></span> <span class='ocrx_word' id='word_1_352' title='bbox 1322 2856 1415 2923; x_wconf 89' lang='lat' dir='ltr'><strong>lsrael,</strong></span> <span class='ocrx_word' id='word_1_353' title='bbox 1433 2871 1511 2912; x_wconf 83' lang='lat' dir='ltr'><strong>anon</strong></span> <span class='ocrx_word' id='word_1_354' title='bbox 1522 2854 1744 2911; x_wconf 86' lang='lat' dir='ltr'><strong>iueonvenienter</strong></span> <span class='ocrx_word' id='word_1_355' title='bbox 1756 2855 1936 2927; x_wconf 73' lang='lat' dir='ltr'><strong>malignorum</strong></span> <span class='ocrx_word' id='word_1_356' title='bbox 1950 2856 2006 2925; x_wconf 89' lang='lat' dir='ltr'><strong>spi-</strong></span> 
     </span>
     <span class='ocr_line' id='line_1_27' title="bbox 375 2945 2006 3022; baseline -0.004 -16"><span class='ocrx_word' id='word_1_357' title='bbox 375 2947 692 3019; x_wconf 80' lang='lat' dir='ltr'><strong>inpartetribusludae,</strong></span> <span class='ocrx_word' id='word_1_358' title='bbox 708 2950 837 3021; x_wconf 90' lang='lat' dir='ltr'><strong>adquam</strong></span> <span class='ocrx_word' id='word_1_359' title='bbox 853 2957 1167 3022; x_wconf 83' lang='lat' dir='ltr'><strong>usqueperseeutusest</strong></span> <span class='ocrx_word' id='word_1_360' title='bbox 1216 2948 1316 3004; x_wconf 86' lang='lat' dir='ltr'><strong>rituum</strong></span> <span class='ocrx_word' id='word_1_361' title='bbox 1338 2946 1461 3017; x_wconf 81' lang='lat' dir='ltr'><strong>praelium</strong></span> <span class='ocrx_word' id='word_1_362' title='bbox 1482 2946 1612 3002; x_wconf 84' lang='lat' dir='ltr'><strong>adversus</strong></span> <span class='ocrx_word' id='word_1_363' title='bbox 1627 2945 1773 3001; x_wconf 84' lang='lat' dir='ltr'><strong>Ecclesiam</strong></span> <span class='ocrx_word' id='word_1_364' title='bbox 1795 2946 1845 3001; x_wconf 84' lang='lat' dir='ltr'><strong>llei·</strong></span> <span class='ocrx_word' id='word_1_365' title='bbox 1857 2946 1944 3015; x_wconf 85' lang='lat' dir='ltr'><strong>accipi</strong></span> <span class='ocrx_word' id='word_1_366' title='bbox 1959 2962 2006 3017; x_wconf 80' lang='lat' dir='ltr'><strong>po</strong></span> 
     </span>
     <span class='ocr_line' id='line_1_28' title="bbox 374 3036 2007 3115; baseline -0.001 -21"><span class='ocrx_word' id='word_1_367' title='bbox 374 3037 455 3096; x_wconf 80' lang='lat' dir='ltr'><strong>lerna</strong></span> <span class='ocrx_word' id='word_1_368' title='bbox 464 3039 584 3111; x_wconf 87' lang='lat' dir='ltr'><strong>quinque</strong></span> <span class='ocrx_word' id='word_1_369' title='bbox 602 3054 682 3111; x_wconf 72' lang='lat' dir='ltr'><strong>reges</strong></span> <span class='ocrx_word' id='word_1_370' title='bbox 696 3040 767 3112; x_wconf 77' lang='lat' dir='ltr'><strong>(ior.</strong></span> <span class='ocrx_word' id='word_1_371' title='bbox 784 3041 823 3115; x_wconf 81' lang='lat' dir='ltr'><strong>x).</strong></span> <span class='ocrx_word' id='word_1_372' title='bbox 839 3040 937 3098; x_wconf 82' lang='lat' dir='ltr'><strong>Sedet</strong></span> <span class='ocrx_word' id='word_1_373' title='bbox 954 3041 1036 3097; x_wconf 84' lang='lat' dir='ltr'><strong>bodie</strong></span> <span class='ocrx_word' id='word_1_374' title='bbox 1053 3048 1167 3096; x_wconf 80' lang='lat' dir='ltr'><strong>vocatur</strong></span> <span class='ocrx_word' id='word_1_375' title='bbox 1216 3046 1280 3096; x_wconf 82' lang='lat' dir='ltr'><strong>aest</strong></span> <span class='ocrx_word' id='word_1_376' title='bbox 1295 3038 1360 3094; x_wconf 89' lang='lat' dir='ltr'><strong>lude</strong></span> <span class='ocrx_word' id='word_1_377' title='bbox 1372 3038 1520 3110; x_wconf 71' lang='lat' dir='ltr'><strong>egreditur,</strong></span> <span class='ocrx_word' id='word_1_378' title='bbox 1544 3037 1578 3092; x_wconf 87' lang='lat' dir='ltr'><strong>de</strong></span> <span class='ocrx_word' id='word_1_379' title='bbox 1591 3037 1690 3093; x_wconf 86' lang='lat' dir='ltr'><strong>eastris</strong></span> <span class='ocrx_word' id='word_1_380' title='bbox 1711 3036 1815 3093; x_wconf 84' lang='lat' dir='ltr'><strong>scilieet</strong></span> <span class='ocrx_word' id='word_1_381' title='bbox 1830 3036 2007 3092; x_wconf 77' lang='lat' dir='ltr'><strong>Pbilistbiuo</strong></span> 
     </span>
     <span class='ocr_line' id='line_1_29' title="bbox 376 3127 2007 3202; baseline 0 -20"><span class='ocrx_word' id='word_1_382' title='bbox 376 3127 560 3185; x_wconf 68' lang='lat' dir='ltr'><strong>amazonia</strong></span> <span class='ocrx_word' id='word_1_383' title='bbox 574 3129 649 3187; x_wconf 85' lang='lat' dir='ltr'><strong>inter</strong></span> <span class='ocrx_word' id='word_1_384' title='bbox 656 3130 884 3202; x_wconf 79' lang='lat' dir='ltr'><strong>Eleutheropolim</strong></span> <span class='ocrx_word' id='word_1_385' title='bbox 895 3139 924 3188; x_wconf 86' lang='lat' dir='ltr'><strong>et</strong></span> <span class='ocrx_word' id='word_1_386' title='bbox 934 3130 1046 3187; x_wconf 80' lang='lat' dir='ltr'><strong>AEliara.</strong></span> <span class='ocrx_word' id='word_1_387' title='bbox 1057 3129 1166 3187; x_wconf 75' lang='lat' dir='ltr'><strong>Azeelaa</strong></span> <span class='ocrx_word' id='word_1_388' title='bbox 1217 3146 1289 3198; x_wconf 80' lang='lat' dir='ltr'><strong>mm,</strong></span> <span class='ocrx_word' id='word_1_389' title='bbox 1301 3130 1346 3186; x_wconf 86' lang='lat' dir='ltr'><strong>vir</strong></span> <span class='ocrx_word' id='word_1_390' title='bbox 1360 3130 1485 3201; x_wconf 86' lang='lat' dir='ltr'><strong>spurius,</strong></span> <span class='ocrx_word' id='word_1_391' title='bbox 1502 3130 1613 3184; x_wconf 87' lang='lat' dir='ltr'><strong>nornine</strong></span> <span class='ocrx_word' id='word_1_392' title='bbox 1632 3127 1749 3195; x_wconf 86' lang='lat' dir='ltr'><strong>Goliatb,</strong></span> <span class='ocrx_word' id='word_1_393' title='bbox 1760 3127 1851 3183; x_wconf 77' lang='lat' dir='ltr'><strong>nimiae</strong></span> <span class='ocrx_word' id='word_1_394' title='bbox 1869 3128 2007 3199; x_wconf 79' lang='lat' dir='ltr'><strong>maguitu-</strong></span> 
     </span>
     <span class='ocr_line' id='line_1_30' title="bbox 377 3214 2012 3294; baseline 0.001 -22"><span class='ocrx_word' id='word_1_395' title='bbox 377 3218 573 3288; x_wconf 81' lang='lat' dir='ltr'><strong>interpretatur</strong></span> <span class='ocrx_word' id='word_1_396' title='bbox 595 3219 723 3291; x_wconf 66' lang='lat' dir='ltr'><strong>tenuato</strong></span> <span class='ocrx_word' id='word_1_397' title='bbox 759 3220 831 3278; x_wconf 43' lang='lat' dir='ltr'><strong>sive*</strong></span> <span class='ocrx_word' id='word_1_398' title='bbox 845 3220 975 3294; x_wconf 70' lang='lat' dir='ltr'><strong>decipulo</strong></span> <span class='ocrx_word' id='word_1_399' title='bbox 1000 3220 1085 3276; x_wconf 79' lang='lat' dir='ltr'><strong>numa</strong></span> <span class='ocrx_word' id='word_1_400' title='bbox 1108 3221 1167 3278; x_wconf 88' lang='lat' dir='ltr'><strong>sive</strong></span> <span class='ocrx_word' id='word_1_401' title='bbox 1216 3214 1298 3287; x_wconf 89' lang='lat' dir='ltr'><strong>diuis,</strong></span> <span class='ocrx_word' id='word_1_402' title='bbox 1315 3221 1362 3292; x_wconf 90' lang='lat' dir='ltr'><strong>qui</strong></span> <span class='ocrx_word' id='word_1_403' title='bbox 1374 3221 1445 3277; x_wconf 88' lang='lat' dir='ltr'><strong>bene</strong></span> <span class='ocrx_word' id='word_1_404' title='bbox 1456 3228 1547 3291; x_wconf 86' lang='lat' dir='ltr'><strong>potest</strong></span> <span class='ocrx_word' id='word_1_405' title='bbox 1559 3220 1714 3293; x_wconf 68' lang='lat' dir='ltr'><strong>siguificare</strong></span> <span class='ocrx_word' id='word_1_406' title='bbox 1726 3219 1825 3276; x_wconf 91' lang='lat' dir='ltr'><strong>diaboli</strong></span> <span class='ocrx_word' id='word_1_407' title='bbox 1837 3220 2012 3292; x_wconf 86' lang='lat' dir='ltr'><strong>superbiam,</strong></span> 
     </span>
     <span class='ocr_line' id='line_1_31' title="bbox 378 3307 2009 3385; baseline 0.001 -22"><span class='ocrx_word' id='word_1_408' title='bbox 378 3307 511 3364; x_wconf 79' lang='lat' dir='ltr'><strong>bommim</strong></span> <span class='ocrx_word' id='word_1_409' title='bbox 523 3309 551 3366; x_wconf 82' lang='lat' dir='ltr'><strong>la</strong></span> <span class='ocrx_word' id='word_1_410' title='bbox 569 3308 640 3365; x_wconf 89' lang='lat' dir='ltr'><strong>triba</strong></span> <span class='ocrx_word' id='word_1_411' title='bbox 650 3307 720 3366; x_wconf 89' lang='lat' dir='ltr'><strong>luda</strong></span> <span class='ocrx_word' id='word_1_412' title='bbox 729 3310 807 3367; x_wconf 73' lang='lat' dir='ltr'><strong>mous</strong></span> <span class='ocrx_word' id='word_1_413' title='bbox 821 3312 931 3384; x_wconf 72' lang='lat' dir='ltr'><strong>grandis</strong></span> <span class='ocrx_word' id='word_1_414' title='bbox 941 3319 984 3368; x_wconf 86' lang='lat' dir='ltr'><strong>est</strong></span> <span class='ocrx_word' id='word_1_415' title='bbox 996 3312 1024 3367; x_wconf 90' lang='lat' dir='ltr'><strong>ln</strong></span> <span class='ocrx_word' id='word_1_416' title='bbox 1037 3312 1164 3380; x_wconf 62' lang='lat' dir='ltr'><strong>baromu</strong></span> <span class='ocrx_word' id='word_1_417' title='bbox 1215 3329 1297 3385; x_wconf 90' lang='lat' dir='ltr'><strong>qnem</strong></span> <span class='ocrx_word' id='word_1_418' title='bbox 1311 3314 1396 3370; x_wconf 82' lang='lat' dir='ltr'><strong>David</strong></span> <span class='ocrx_word' id='word_1_419' title='bbox 1416 3321 1509 3369; x_wconf 73' lang='lat' dir='ltr'><strong>nister</strong></span> <span class='ocrx_word' id='word_1_420' title='bbox 1529 3312 1659 3385; x_wconf 74' lang='lat' dir='ltr'><strong>singulari</strong></span> <span class='ocrx_word' id='word_1_421' title='bbox 1679 3312 1828 3368; x_wconf 88' lang='lat' dir='ltr'><strong>oertamine</strong></span> <span class='ocrx_word' id='word_1_422' title='bbox 1842 3325 2009 3382; x_wconf 80' lang='lat' dir='ltr'><strong>oouqressus</strong></span> 
     </span>
     <span class='ocr_line' id='line_1_32' title="bbox 376 3397 2010 3478; baseline 0.001 -24"><span class='ocrx_word' id='word_1_423' title='bbox 376 3397 428 3454; x_wconf 82' lang='lat' dir='ltr'><strong>boo</strong></span> <span class='ocrx_word' id='word_1_424' title='bbox 442 3407 486 3455; x_wconf 86' lang='lat' dir='ltr'><strong>est</strong></span> <span class='ocrx_word' id='word_1_425' title='bbox 500 3400 536 3456; x_wconf 82' lang='lat' dir='ltr'><strong>ad</strong></span> <span class='ocrx_word' id='word_1_426' title='bbox 549 3402 698 3462; x_wconf 81' lang='lat' dir='ltr'><strong>anatratnu</strong></span> <span class='ocrx_word' id='word_1_427' title='bbox 714 3401 838 3475; x_wconf 68' lang='lat' dir='ltr'><strong>plagam,</strong></span> <span class='ocrx_word' id='word_1_428' title='bbox 852 3403 880 3459; x_wconf 80' lang='lat' dir='ltr'><strong>ia</strong></span> <span class='ocrx_word' id='word_1_429' title='bbox 895 3402 995 3461; x_wconf 79' lang='lat' dir='ltr'><strong>deibus</strong></span> <span class='ocrx_word' id='word_1_430' title='bbox 1007 3405 1166 3462; x_wconf 81' lang='lat' dir='ltr'><strong>Eleuthero-</strong></span> <span class='ocrx_word' id='word_1_431' title='bbox 1218 3405 1375 3478; x_wconf 86' lang='lat' dir='ltr'><strong>prostravit,</strong></span> <span class='ocrx_word' id='word_1_432' title='bbox 1390 3402 1559 3475; x_wconf 84' lang='lat' dir='ltr'><strong>aepopulnm</strong></span> <span class='ocrx_word' id='word_1_433' title='bbox 1570 3404 1617 3459; x_wconf 82' lang='lat' dir='ltr'><strong>bei</strong></span> <span class='ocrx_word' id='word_1_434' title='bbox 1630 3418 1646 3457; x_wconf 88' lang='lat' dir='ltr'><strong>a</strong></span> <span class='ocrx_word' id='word_1_435' title='bbox 1657 3404 1754 3458; x_wconf 89' lang='lat' dir='ltr'><strong>timore</strong></span> <span class='ocrx_word' id='word_1_436' title='bbox 1768 3402 1828 3473; x_wconf 83' lang='lat' dir='ltr'><strong>ejus</strong></span> <span class='ocrx_word' id='word_1_437' title='bbox 1838 3402 1950 3472; x_wconf 87' lang='lat' dir='ltr'><strong>eripuit,</strong></span> <span class='ocrx_word' id='word_1_438' title='bbox 1961 3401 2010 3472; x_wconf 88' lang='lat' dir='ltr'><strong>qui</strong></span> 
     </span>
     <span class='ocr_line' id='line_1_33' title="bbox 375 3451 2009 3565; baseline -0.002 -17"><span class='ocrx_word' id='word_1_439' title='bbox 375 3488 484 3559; x_wconf 78' lang='lat' dir='ltr'><strong>poleos,</strong></span> <span class='ocrx_word' id='word_1_440' title='bbox 504 3490 600 3548; x_wconf 77' lang='lat' dir='ltr'><strong>danen</strong></span> <span class='ocrx_word' id='word_1_441' title='bbox 621 3499 650 3548; x_wconf 84' lang='lat' dir='ltr'><strong>et</strong></span> <span class='ocrx_word' id='word_1_442' title='bbox 670 3502 774 3565; x_wconf 83' lang='lat' dir='ltr'><strong>septena</strong></span> <span class='ocrx_word' id='word_1_443' title='bbox 796 3494 831 3551; x_wconf 88' lang='lat' dir='ltr'><strong>ad</strong></span> <span class='ocrx_word' id='word_1_444' title='bbox 853 3509 886 3551; x_wconf 83' lang='lat' dir='ltr'><strong>ea</strong></span> <span class='ocrx_word' id='word_1_445' title='bbox 909 3494 1029 3552; x_wconf 83' lang='lat' dir='ltr'><strong>millibus</strong></span> <span class='ocrx_word' id='word_1_446' title='bbox 1050 3496 1164 3553; x_wconf 88' lang='lat' dir='ltr'><strong>distans.</strong></span> <span class='ocrx_word' id='word_1_447' title='bbox 1180 3451 1204 3515; x_wconf 69' lang='lat' dir='ltr'><strong>c</strong></span> <span class='ocrx_word' id='word_1_448' title='bbox 1218 3496 1324 3552; x_wconf 89' lang='lat' dir='ltr'><strong>leonem</strong></span> <span class='ocrx_word' id='word_1_449' title='bbox 1341 3503 1370 3551; x_wconf 93' lang='lat' dir='ltr'><strong>et</strong></span> <span class='ocrx_word' id='word_1_450' title='bbox 1385 3510 1479 3551; x_wconf 83' lang='lat' dir='ltr'><strong>ursum</strong></span> <span class='ocrx_word' id='word_1_451' title='bbox 1492 3495 1615 3560; x_wconf 77' lang='lat' dir='ltr'><strong>necavit3</strong></span> <span class='ocrx_word' id='word_1_452' title='bbox 1633 3508 1737 3559; x_wconf 77' lang='lat' dir='ltr'><strong>ursum</strong></span> <span class='ocrx_word' id='word_1_453' title='bbox 1761 3491 1886 3548; x_wconf 84' lang='lat' dir='ltr'><strong>videlieet</strong></span> <span class='ocrx_word' id='word_1_454' title='bbox 1910 3490 2009 3546; x_wconf 84' lang='lat' dir='ltr'><strong>diabo-</strong></span> 
     </span>
     <span class='ocr_line' id='line_1_34' title="bbox 377 3580 2010 3657; baseline -0.001 -21"><span class='ocrx_word' id='word_1_455' title='bbox 377 3580 464 3636; x_wconf 72' lang='lat' dir='ltr'><strong>bana</strong></span> <span class='ocrx_word' id='word_1_456' title='bbox 479 3580 678 3652; x_wconf 52' lang='lat' dir='ltr'><strong>interpretatur.</strong></span> <span class='ocrx_word' id='word_1_457' title='bbox 690 3584 824 3640; x_wconf 80' lang='lat' dir='ltr'><strong>silentiam</strong></span> <span class='ocrx_word' id='word_1_458' title='bbox 842 3586 901 3641; x_wconf 85' lang='lat' dir='ltr'><strong>sive</strong></span> <span class='ocrx_word' id='word_1_459' title='bbox 916 3586 1054 3657; x_wconf 75' lang='lat' dir='ltr'><strong>prndium.</strong></span> <span class='ocrx_word' id='word_1_460' title='bbox 1216 3586 1289 3652; x_wconf 89' lang='lat' dir='ltr'><strong>lum;</strong></span> <span class='ocrx_word' id='word_1_461' title='bbox 1304 3585 1419 3651; x_wconf 74' lang='lat' dir='ltr'><strong>nonem</strong></span> <span class='ocrx_word' id='word_1_462' title='bbox 1436 3583 1652 3639; x_wconf 63' lang='lat' dir='ltr'><strong>antichristum:</strong></span> <span class='ocrx_word' id='word_1_463' title='bbox 1668 3582 1783 3637; x_wconf 86' lang='lat' dir='ltr'><strong>alterum</strong></span> <span class='ocrx_word' id='word_1_464' title='bbox 1803 3596 1876 3642; x_wconf 82' lang='lat' dir='ltr'><strong>vavrae</strong></span> <span class='ocrx_word' id='word_1_465' title='bbox 1891 3581 2010 3636; x_wconf 88' lang='lat' dir='ltr'><strong>bomini-</strong></span> 
     </span>
     <span class='ocr_line' id='line_1_35' title="bbox 415 3669 2010 3747; baseline 0.001 -24"><span class='ocrx_word' id='word_1_466' title='bbox 415 3689 426 3723; x_wconf 83' lang='grc' dir='ltr'><strong>ι</strong></span> <span class='ocrx_word' id='word_1_467' title='bbox 446 3669 534 3728; x_wconf 79' lang='lat' dir='ltr'><strong>Porro</strong></span> <span class='ocrx_word' id='word_1_468' title='bbox 544 3670 611 3728; x_wconf 82' lang='lat' dir='ltr'><strong>Saul</strong></span> <span class='ocrx_word' id='word_1_469' title='bbox 621 3681 650 3728; x_wconf 87' lang='lat' dir='ltr'><strong>ot</strong></span> <span class='ocrx_word' id='word_1_470' title='bbox 661 3673 714 3729; x_wconf 91' lang='lat' dir='ltr'><strong>viri</strong></span> <span class='ocrx_word' id='word_1_471' title='bbox 729 3673 813 3730; x_wconf 72' lang='lat' dir='ltr'><strong>bruel</strong></span> <span class='ocrx_word' id='word_1_472' title='bbox 825 3677 980 3747; x_wconf 73' lang='lat' dir='ltr'><strong>muqreqati</strong></span> <span class='ocrx_word' id='word_1_473' title='bbox 996 3676 1024 3731; x_wconf 87' lang='lat' dir='ltr'><strong>ln</strong></span> <span class='ocrx_word' id='word_1_474' title='bbox 1036 3676 1106 3732; x_wconf 90' lang='lat' dir='ltr'><strong>valle</strong></span> <span class='ocrx_word' id='word_1_475' title='bbox 1116 3675 1168 3733; x_wconf 83' lang='lat' dir='ltr'><strong>Te·</strong></span> <span class='ocrx_word' id='word_1_476' title='bbox 1216 3674 1268 3730; x_wconf 83' lang='lat' dir='ltr'><strong>bus</strong></span> <span class='ocrx_word' id='word_1_477' title='bbox 1281 3673 1397 3729; x_wconf 89' lang='lat' dir='ltr'><strong>latenter</strong></span> <span class='ocrx_word' id='word_1_478' title='bbox 1408 3673 1594 3739; x_wconf 75' lang='lat' dir='ltr'><strong>insidiantem,</strong></span> <span class='ocrx_word' id='word_1_479' title='bbox 1605 3672 1720 3728; x_wconf 88' lang='lat' dir='ltr'><strong>alteram</strong></span> <span class='ocrx_word' id='word_1_480' title='bbox 1732 3672 1906 3741; x_wconf 83' lang='lat' dir='ltr'><strong>inposterum</strong></span> <span class='ocrx_word' id='word_1_481' title='bbox 1920 3670 2010 3725; x_wconf 87' lang='lat' dir='ltr'><strong>maui-</strong></span> 
     </span>
     <span class='ocr_line' id='line_1_36' title="bbox 379 3759 2009 3838; baseline 0.002 -26"><span class='ocrx_word' id='word_1_482' title='bbox 379 3759 534 3816; x_wconf 79' lang='lat' dir='ltr'><strong>arabimli.</strong></span> <span class='ocrx_word' id='word_1_483' title='bbox 552 3779 565 3814; x_wconf 83' lang='grc' dir='ltr'><strong>ι</strong></span> <span class='ocrx_word' id='word_1_484' title='bbox 580 3761 764 3821; x_wconf 78' lang='lat' dir='ltr'><strong>Terebintbus</strong></span> <span class='ocrx_word' id='word_1_485' title='bbox 778 3774 821 3821; x_wconf 87' lang='lat' dir='ltr'><strong>est</strong></span> <span class='ocrx_word' id='word_1_486' title='bbox 833 3766 860 3821; x_wconf 93' lang='lat' dir='ltr'><strong>iu</strong></span> <span class='ocrx_word' id='word_1_487' title='bbox 880 3765 1024 3834; x_wconf 73' lang='lat' dir='ltr'><strong>Siebimie,</strong></span> <span class='ocrx_word' id='word_1_488' title='bbox 1043 3769 1095 3824; x_wconf 83' lang='lat' dir='ltr'><strong>&#39;sub</strong></span> <span class='ocrx_word' id='word_1_489' title='bbox 1112 3782 1167 3838; x_wconf 90' lang='lat' dir='ltr'><strong>qua</strong></span> <span class='ocrx_word' id='word_1_490' title='bbox 1218 3761 1363 3819; x_wconf 69' lang='lat' dir='ltr'><strong>tentissime</strong></span> <span class='ocrx_word' id='word_1_491' title='bbox 1389 3764 1557 3820; x_wconf 65' lang='lat' dir='ltr'><strong>sanentem.</strong></span> <span class='ocrx_word' id='word_1_492' title='bbox 1579 3761 1639 3835; x_wconf 67' lang='lat' dir='ltr'><strong>(ue</strong></span> <span class='ocrx_word' id='word_1_493' title='bbox 1650 3761 1778 3833; x_wconf 69' lang='lat' dir='ltr'><strong>induro.)</strong></span> <span class='ocrx_word' id='word_1_494' title='bbox 1805 3761 1859 3817; x_wconf 90' lang='lat' dir='ltr'><strong>lste</strong></span> <span class='ocrx_word' id='word_1_495' title='bbox 1872 3760 1958 3815; x_wconf 86' lang='lat' dir='ltr'><strong>llavid</strong></span> <span class='ocrx_word' id='word_1_496' title='bbox 1980 3762 2009 3816; x_wconf 91' lang='lat' dir='ltr'><strong>in</strong></span> 
     </span>
     <span class='ocr_line' id='line_1_37' title="bbox 375 3848 2010 3932; baseline -0.002 -24"><span class='ocrx_word' id='word_1_497' title='bbox 375 3849 520 3908; x_wconf 74' lang='lat' dir='ltr'><strong>almondit</strong></span> <span class='ocrx_word' id='word_1_498' title='bbox 534 3848 624 3909; x_wconf 79' lang='lat' dir='ltr'><strong>laoou</strong></span> <span class='ocrx_word' id='word_1_499' title='bbox 636 3854 707 3910; x_wconf 83' lang='lat' dir='ltr'><strong>idola</strong></span> <span class='ocrx_word' id='word_1_500' title='bbox 723 3852 800 3926; x_wconf 78' lang='lat' dir='ltr'><strong>(Gerr.</strong></span> <span class='ocrx_word' id='word_1_501' title='bbox 822 3857 907 3932; x_wconf 79' lang='lat' dir='ltr'><strong>xxxv)</strong></span> <span class='ocrx_word' id='word_1_502' title='bbox 918 3858 996 3929; x_wconf 80' lang='lat' dir='ltr'><strong>juxta</strong></span> <span class='ocrx_word' id='word_1_503' title='bbox 1015 3857 1165 3929; x_wconf 86' lang='lat' dir='ltr'><strong>Neapolim.</strong></span> <span class='ocrx_word' id='word_1_504' title='bbox 1216 3853 1310 3923; x_wconf 83' lang='lat' dir='ltr'><strong>praetio</strong></span> <span class='ocrx_word' id='word_1_505' title='bbox 1329 3853 1465 3926; x_wconf 72' lang='lat' dir='ltr'><strong>gigantem</strong></span> <span class='ocrx_word' id='word_1_506' title='bbox 1478 3853 1628 3924; x_wconf 84' lang='lat' dir='ltr'><strong>superavit,</strong></span> <span class='ocrx_word' id='word_1_507' title='bbox 1649 3867 1712 3908; x_wconf 77' lang='lat' dir='ltr'><strong>nrm</strong></span> <span class='ocrx_word' id='word_1_508' title='bbox 1734 3852 1863 3906; x_wconf 85' lang='lat' dir='ltr'><strong>adversus</strong></span> <span class='ocrx_word' id='word_1_509' title='bbox 1880 3849 2010 3920; x_wconf 87' lang='lat' dir='ltr'><strong>populum</strong></span> 
     </span>
     <span class='ocr_line' id='line_1_38' title="bbox 414 3938 2011 4015; baseline 0.001 -23"><span class='ocrx_word' id='word_1_510' title='bbox 414 3958 425 3992; x_wconf 83' lang='grc' dir='ltr'><strong>ι</strong></span> <span class='ocrx_word' id='word_1_511' title='bbox 446 3938 481 3995; x_wconf 82' lang='lat' dir='ltr'><strong>Et</strong></span> <span class='ocrx_word' id='word_1_512' title='bbox 492 3939 652 4008; x_wconf 75' lang='lat' dir='ltr'><strong>direxerant</strong></span> <span class='ocrx_word' id='word_1_513' title='bbox 664 3943 750 3999; x_wconf 88' lang='lat' dir='ltr'><strong>aeiem</strong></span> <span class='ocrx_word' id='word_1_514' title='bbox 762 3945 797 4001; x_wconf 90' lang='lat' dir='ltr'><strong>ad</strong></span> <span class='ocrx_word' id='word_1_515' title='bbox 809 3946 984 4015; x_wconf 73' lang='lat' dir='ltr'><strong>pugnandum</strong></span> <span class='ocrx_word' id='word_1_516' title='bbox 998 3954 1092 4002; x_wconf 84' lang='lat' dir='ltr'><strong>eontra</strong></span> <span class='ocrx_word' id='word_1_517' title='bbox 1105 3944 1171 4000; x_wconf 69' lang='lat' dir='ltr'><strong>Phi.</strong></span> <span class='ocrx_word' id='word_1_518' title='bbox 1218 3943 1265 3999; x_wconf 87' lang='lat' dir='ltr'><strong>llei</strong></span> <span class='ocrx_word' id='word_1_519' title='bbox 1277 3943 1434 4014; x_wconf 72' lang='lat' dir='ltr'><strong>alienigena·</strong></span> <span class='ocrx_word' id='word_1_520' title='bbox 1448 3943 1617 4000; x_wconf 84' lang='lat' dir='ltr'><strong>dimicarent.</strong></span> <span class='ocrx_word' id='word_1_521' title='bbox 1640 3939 1802 3996; x_wconf 84' lang='lat' dir='ltr'><strong>Provocavit</strong></span> <span class='ocrx_word' id='word_1_522' title='bbox 1819 3939 1946 4009; x_wconf 86' lang='lat' dir='ltr'><strong>superbia</strong></span> <span class='ocrx_word' id='word_1_523' title='bbox 1958 3940 2011 3994; x_wconf 78' lang='lat' dir='ltr'><strong>luu-</strong></span> 
     </span>
     <span class='ocr_line' id='line_1_39' title="bbox 378 4029 2010 4107; baseline 0.001 -23"><span class='ocrx_word' id='word_1_524' title='bbox 378 4048 388 4084; x_wconf 75' lang='grc' dir='ltr'><strong>ι</strong></span> <span class='ocrx_word' id='word_1_525' title='bbox 409 4029 534 4096; x_wconf 84' lang='lat' dir='ltr'><strong>lirtlviiru,</strong></span> <span class='ocrx_word' id='word_1_526' title='bbox 548 4048 560 4084; x_wconf 87' lang='grc' dir='ltr'><strong>ι</strong></span> <span class='ocrx_word' id='word_1_527' title='bbox 574 4039 629 4090; x_wconf 77' lang='lat' dir='ltr'><strong>etc.</strong></span> <span class='ocrx_word' id='word_1_528' title='bbox 643 4032 713 4089; x_wconf 87' lang='lat' dir='ltr'><strong>llino</strong></span> <span class='ocrx_word' id='word_1_529' title='bbox 725 4034 860 4105; x_wconf 88' lang='lat' dir='ltr'><strong>losepbus</strong></span> <span class='ocrx_word' id='word_1_530' title='bbox 878 4052 886 4089; x_wconf 77' lang='grc' dir='ltr'><strong><em>ε</em></strong></span> <span class='ocrx_word' id='word_1_531' title='bbox 908 4053 920 4089; x_wconf 83' lang='lat' dir='ltr'><strong>r</strong></span> <span class='ocrx_word' id='word_1_532' title='bbox 932 4035 998 4091; x_wconf 87' lang='lat' dir='ltr'><strong>Post</strong></span> <span class='ocrx_word' id='word_1_533' title='bbox 1013 4052 1068 4091; x_wconf 89' lang='lat' dir='ltr'><strong>uon</strong></span> <span class='ocrx_word' id='word_1_534' title='bbox 1082 4037 1167 4093; x_wconf 90' lang='lat' dir='ltr'><strong>multa</strong></span> <span class='ocrx_word' id='word_1_535' title='bbox 1218 4036 1370 4103; x_wconf 87' lang='lat' dir='ltr'><strong>militatem,</strong></span> <span class='ocrx_word' id='word_1_536' title='bbox 1395 4036 1554 4107; x_wconf 82' lang='lat' dir='ltr'><strong>provocavit</strong></span> <span class='ocrx_word' id='word_1_537' title='bbox 1579 4033 1702 4090; x_wconf 84' lang='lat' dir='ltr'><strong>diabolus</strong></span> <span class='ocrx_word' id='word_1_538' title='bbox 1726 4031 1875 4088; x_wconf 86' lang='lat' dir='ltr'><strong>Christum.</strong></span> <span class='ocrx_word' id='word_1_539' title='bbox 1897 4030 2010 4101; x_wconf 73' lang='lat' dir='ltr'><strong>Accepit</strong></span> 
     </span>
     <span class='ocr_line' id='line_1_40' title="bbox 376 4121 2010 4198; baseline 0.001 -20"><span class='ocrx_word' id='word_1_540' title='bbox 376 4121 510 4191; x_wconf 83' lang='lat' dir='ltr'><strong>siquidem</strong></span> <span class='ocrx_word' id='word_1_541' title='bbox 532 4130 655 4194; x_wconf 70' lang='lat' dir='ltr'><strong>tanmem</strong></span> <span class='ocrx_word' id='word_1_542' title='bbox 677 4123 818 4181; x_wconf 72' lang='lat' dir='ltr'><strong>Palaestini</strong></span> <span class='ocrx_word' id='word_1_543' title='bbox 832 4126 921 4182; x_wconf 80' lang='lat' dir='ltr'><strong>denuo</strong></span> <span class='ocrx_word' id='word_1_544' title='bbox 942 4128 1119 4198; x_wconf 73' lang='lat' dir='ltr'><strong>congregati,</strong></span> <span class='ocrx_word' id='word_1_545' title='bbox 1138 4136 1169 4184; x_wconf 89' lang='lat' dir='ltr'><strong>et</strong></span> <span class='ocrx_word' id='word_1_546' title='bbox 1218 4145 1293 4186; x_wconf 78' lang='lat' dir='ltr'><strong>amna</strong></span> <span class='ocrx_word' id='word_1_547' title='bbox 1306 4130 1403 4186; x_wconf 81' lang='lat' dir='ltr'><strong>bellioa</strong></span> <span class='ocrx_word' id='word_1_548' title='bbox 1417 4139 1527 4186; x_wconf 85' lang='lat' dir='ltr'><strong>sanotvu</strong></span> <span class='ocrx_word' id='word_1_549' title='bbox 1539 4128 1635 4192; x_wconf 84' lang='lat' dir='ltr'><strong>David,</strong></span> <span class='ocrx_word' id='word_1_550' title='bbox 1649 4136 1681 4183; x_wconf 92' lang='lat' dir='ltr'><strong>ut</strong></span> <span class='ocrx_word' id='word_1_551' title='bbox 1689 4127 1819 4182; x_wconf 85' lang='lat' dir='ltr'><strong>adversus</strong></span> <span class='ocrx_word' id='word_1_552' title='bbox 1829 4124 1935 4181; x_wconf 84' lang='lat' dir='ltr'><strong>Goliam</strong></span> <span class='ocrx_word' id='word_1_553' title='bbox 1947 4141 2010 4196; x_wconf 90' lang='lat' dir='ltr'><strong>pro-</strong></span> 
     </span>
     <span class='ocr_line' id='line_1_41' title="bbox 377 4213 2011 4293; baseline -0.006 -13"><span class='ocrx_word' id='word_1_554' title='bbox 377 4223 503 4284; x_wconf 57' lang='lat' dir='ltr'><strong>”wilm</strong></span> <span class='ocrx_word' id='word_1_555' title='bbox 520 4226 606 4282; x_wconf 59' lang='grc' dir='ltr'><strong>ΝΜ</strong></span> <span class='ocrx_word' id='word_1_556' title='bbox 613 4228 710 4270; x_wconf 65' lang='grc'><strong>01111108</strong></span> <span class='ocrx_word' id='word_1_557' title='bbox 728 4213 863 4281; x_wconf 54' lang='lat' dir='ltr'><strong>hildelini</strong></span> <span class='ocrx_word' id='word_1_558' title='bbox 880 4216 1029 4271; x_wconf 82' lang='lat' dir='ltr'><strong>exereitum</strong></span> <span class='ocrx_word' id='word_1_559' title='bbox 1044 4217 1169 4290; x_wconf 74' lang='lat' dir='ltr'><strong>colligen-</strong></span> <span class='ocrx_word' id='word_1_560' title='bbox 1217 4224 1336 4279; x_wconf 84' lang='lat' dir='ltr'><strong>eederet.</strong></span> <span class='ocrx_word' id='word_1_561' title='bbox 1359 4223 1422 4279; x_wconf 81' lang='lat' dir='ltr'><strong>liaeo</strong></span> <span class='ocrx_word' id='word_1_562' title='bbox 1435 4236 1509 4277; x_wconf 87' lang='lat' dir='ltr'><strong>arma</strong></span> <span class='ocrx_word' id='word_1_563' title='bbox 1523 4237 1572 4293; x_wconf 84' lang='lat' dir='ltr'><strong>per</strong></span> <span class='ocrx_word' id='word_1_564' title='bbox 1585 4227 1693 4276; x_wconf 86' lang='lat' dir='ltr'><strong>aetatem</strong></span> <span class='ocrx_word' id='word_1_565' title='bbox 1706 4227 1734 4275; x_wconf 92' lang='lat' dir='ltr'><strong>et</strong></span> <span class='ocrx_word' id='word_1_566' title='bbox 1745 4234 1857 4289; x_wconf 91' lang='lat' dir='ltr'><strong>parvam</strong></span> <span class='ocrx_word' id='word_1_567' title='bbox 1872 4226 2011 4274; x_wconf 85' lang='lat' dir='ltr'><strong>staturam</strong></span> 
     </span>
     <span class='ocr_line' id='line_1_42' title="bbox 375 4304 2011 4383; baseline 0.001 -23"><span class='ocrx_word' id='word_1_568' title='bbox 375 4312 417 4359; x_wconf 87' lang='lat' dir='ltr'><strong>tes</strong></span> <span class='ocrx_word' id='word_1_569' title='bbox 428 4304 501 4361; x_wconf 84' lang='lat' dir='ltr'><strong>inter</strong></span> <span class='ocrx_word' id='word_1_570' title='bbox 511 4304 601 4362; x_wconf 60' lang='lat' dir='ltr'><strong>&amp;aba</strong></span> <span class='ocrx_word' id='word_1_571' title='bbox 616 4305 763 4362; x_wconf 60' lang='lat' dir='ltr'><strong>“hecha</strong></span> <span class='ocrx_word' id='word_1_572' title='bbox 779 4308 964 4368; x_wconf 76' lang='lat' dir='ltr'><strong>castrametati</strong></span> <span class='ocrx_word' id='word_1_573' title='bbox 978 4317 1051 4365; x_wconf 86' lang='lat' dir='ltr'><strong>sant.</strong></span> <span class='ocrx_word' id='word_1_574' title='bbox 1066 4309 1170 4368; x_wconf 79' lang='lat' dir='ltr'><strong>Contra</strong></span> <span class='ocrx_word' id='word_1_575' title='bbox 1218 4313 1340 4383; x_wconf 75' lang='lat' dir='ltr'><strong>nemoris</strong></span> <span class='ocrx_word' id='word_1_576' title='bbox 1351 4321 1464 4383; x_wconf 90' lang='lat' dir='ltr'><strong>portare</strong></span> <span class='ocrx_word' id='word_1_577' title='bbox 1473 4326 1527 4367; x_wconf 90' lang='lat' dir='ltr'><strong>uon</strong></span> <span class='ocrx_word' id='word_1_578' title='bbox 1538 4311 1634 4374; x_wconf 85' lang='lat' dir='ltr'><strong>valuit,</strong></span> <span class='ocrx_word' id='word_1_579' title='bbox 1655 4308 1755 4377; x_wconf 81' lang='lat' dir='ltr'><strong>ableeit</strong></span> <span class='ocrx_word' id='word_1_580' title='bbox 1765 4308 2011 4372; x_wconf 64' lang='lat' dir='ltr'><strong>onerantia-acoe-</strong></span> 
     </span>
     <span class='ocr_line' id='line_1_43' title="bbox 376 4392 2013 4475; baseline 0.002 -25"><span class='ocrx_word' id='word_1_581' title='bbox 376 4407 445 4463; x_wconf 76' lang='lat' dir='ltr'><strong>quos</strong></span> <span class='ocrx_word' id='word_1_582' title='bbox 455 4394 544 4451; x_wconf 61' lang='lat' dir='ltr'><strong>&amp;ntro</strong></span> <span class='ocrx_word' id='word_1_583' title='bbox 554 4392 622 4453; x_wconf 83' lang='lat' dir='ltr'><strong>Saul</strong></span> <span class='ocrx_word' id='word_1_584' title='bbox 629 4396 756 4466; x_wconf 83' lang='lat' dir='ltr'><strong>produxit</strong></span> <span class='ocrx_word' id='word_1_585' title='bbox 764 4398 925 4463; x_wconf 79' lang='lat' dir='ltr'><strong>exereitum,</strong></span> <span class='ocrx_word' id='word_1_586' title='bbox 939 4405 968 4454; x_wconf 90' lang='lat' dir='ltr'><strong>et</strong></span> <span class='ocrx_word' id='word_1_587' title='bbox 979 4413 1061 4470; x_wconf 88' lang='lat' dir='ltr'><strong>super</strong></span> <span class='ocrx_word' id='word_1_588' title='bbox 1073 4416 1167 4471; x_wconf 87' lang='lat' dir='ltr'><strong>quem·</strong></span> <span class='ocrx_word' id='word_1_589' title='bbox 1217 4404 1258 4475; x_wconf 87' lang='lat' dir='ltr'><strong>pit</strong></span> <span class='ocrx_word' id='word_1_590' title='bbox 1280 4404 1401 4473; x_wconf 87' lang='lat' dir='ltr'><strong>quinque</strong></span> <span class='ocrx_word' id='word_1_591' title='bbox 1423 4402 1527 4471; x_wconf 89' lang='lat' dir='ltr'><strong>lapides</strong></span> <span class='ocrx_word' id='word_1_592' title='bbox 1543 4402 1577 4456; x_wconf 88' lang='lat' dir='ltr'><strong>de</strong></span> <span class='ocrx_word' id='word_1_593' title='bbox 1600 4400 1721 4467; x_wconf 83' lang='lat' dir='ltr'><strong>duratae,</strong></span> <span class='ocrx_word' id='word_1_594' title='bbox 1748 4408 1777 4457; x_wconf 85' lang='lat' dir='ltr'><strong>ot</strong></span> <span class='ocrx_word' id='word_1_595' title='bbox 1791 4399 1881 4470; x_wconf 81' lang='lat' dir='ltr'><strong>pontit</strong></span> <span class='ocrx_word' id='word_1_596' title='bbox 1903 4400 1930 4453; x_wconf 90' lang='lat' dir='ltr'><strong>ln</strong></span> <span class='ocrx_word' id='word_1_597' title='bbox 1945 4414 2013 4454; x_wconf 84' lang='lat' dir='ltr'><strong>vase</strong></span> 
     </span>
     <span class='ocr_line' id='line_1_44' title="bbox 375 4484 2011 4565; baseline 0.002 -26"><span class='ocrx_word' id='word_1_598' title='bbox 375 4484 438 4538; x_wconf 85' lang='lat' dir='ltr'><strong>dara</strong></span> <span class='ocrx_word' id='word_1_599' title='bbox 448 4494 569 4542; x_wconf 71' lang='lat' dir='ltr'><strong>marm</strong></span> <span class='ocrx_word' id='word_1_600' title='bbox 579 4494 673 4542; x_wconf 80' lang='lat' dir='ltr'><strong>eastra</strong></span> <span class='ocrx_word' id='word_1_601' title='bbox 680 4502 797 4557; x_wconf 65' lang='lat' dir='ltr'><strong>munus,</strong></span> <span class='ocrx_word' id='word_1_602' title='bbox 807 4490 898 4560; x_wconf 77' lang='lat' dir='ltr'><strong>ooeqit</strong></span> <span class='ocrx_word' id='word_1_603' title='bbox 907 4489 1067 4546; x_wconf 82' lang='lat' dir='ltr'><strong>Palaestinos</strong></span> <span class='ocrx_word' id='word_1_604' title='bbox 1075 4493 1169 4562; x_wconf 91' lang='lat' dir='ltr'><strong>priora</strong></span> <span class='ocrx_word' id='word_1_605' title='bbox 1218 4494 1359 4565; x_wconf 85' lang='lat' dir='ltr'><strong>pastorali.</strong></span> <span class='ocrx_word' id='word_1_606' title='bbox 1382 4493 1431 4547; x_wconf 85' lang='lat' dir='ltr'><strong>llis</strong></span> <span class='ocrx_word' id='word_1_607' title='bbox 1444 4499 1569 4547; x_wconf 86' lang='lat' dir='ltr'><strong>armatus</strong></span> <span class='ocrx_word' id='word_1_608' title='bbox 1582 4492 1717 4562; x_wconf 83' lang='lat' dir='ltr'><strong>prooessit</strong></span> <span class='ocrx_word' id='word_1_609' title='bbox 1736 4501 1764 4547; x_wconf 89' lang='lat' dir='ltr'><strong>et</strong></span> <span class='ocrx_word' id='word_1_610' title='bbox 1783 4492 1859 4545; x_wconf 86' lang='lat' dir='ltr'><strong>vicit.</strong></span> <span class='ocrx_word' id='word_1_611' title='bbox 1877 4490 1934 4545; x_wconf 89' lang='lat' dir='ltr'><strong>lloo</strong></span> <span class='ocrx_word' id='word_1_612' title='bbox 1951 4489 2011 4559; x_wconf 91' lang='lat' dir='ltr'><strong>qui-</strong></span> 
     </span>
     <span class='ocr_line' id='line_1_45' title="bbox 376 4574 2012 4652; baseline 0.001 -21"><span class='ocrx_word' id='word_1_613' title='bbox 376 4574 485 4646; x_wconf 78' lang='lat' dir='ltr'><strong>quidem</strong></span> <span class='ocrx_word' id='word_1_614' title='bbox 504 4583 594 4633; x_wconf 87' lang='lat' dir='ltr'><strong>eastra</strong></span> <span class='ocrx_word' id='word_1_615' title='bbox 615 4577 783 4649; x_wconf 86' lang='lat' dir='ltr'><strong>relinquere,</strong></span> <span class='ocrx_word' id='word_1_616' title='bbox 805 4588 833 4635; x_wconf 87' lang='lat' dir='ltr'><strong>et</strong></span> <span class='ocrx_word' id='word_1_617' title='bbox 854 4595 888 4635; x_wconf 82' lang='lat' dir='ltr'><strong>ea</strong></span> <span class='ocrx_word' id='word_1_618' title='bbox 910 4580 1025 4635; x_wconf 82' lang='lat' dir='ltr'><strong>adverso</strong></span> <span class='ocrx_word' id='word_1_619' title='bbox 1046 4582 1166 4647; x_wconf 88' lang='lat' dir='ltr'><strong>montis,</strong></span> <span class='ocrx_word' id='word_1_620' title='bbox 1220 4584 1280 4640; x_wconf 84' lang='lat' dir='ltr'><strong>dena</strong></span> <span class='ocrx_word' id='word_1_621' title='bbox 1301 4583 1347 4638; x_wconf 84' lang='lat' dir='ltr'><strong>ille</strong></span> <span class='ocrx_word' id='word_1_622' title='bbox 1363 4582 1459 4636; x_wconf 77' lang='lat' dir='ltr'><strong>band.</strong></span> <span class='ocrx_word' id='word_1_623' title='bbox 1481 4581 1535 4636; x_wconf 91' lang='lat' dir='ltr'><strong>Sed</strong></span> <span class='ocrx_word' id='word_1_624' title='bbox 1553 4582 1576 4636; x_wconf 88' lang='lat' dir='ltr'><strong>si</strong></span> <span class='ocrx_word' id='word_1_625' title='bbox 1599 4581 1729 4652; x_wconf 81' lang='lat' dir='ltr'><strong>mysteria</strong></span> <span class='ocrx_word' id='word_1_626' title='bbox 1744 4587 1958 4652; x_wconf 81' lang='lat' dir='ltr'><strong>perscrutamur,</strong></span> <span class='ocrx_word' id='word_1_627' title='bbox 1981 4580 2012 4634; x_wconf 90' lang='lat' dir='ltr'><strong>io</strong></span> 
     </span>
     <span class='ocr_line' id='line_1_46' title="bbox 375 4665 2013 4743; baseline 0.001 -19"><span class='ocrx_word' id='word_1_628' title='bbox 375 4682 458 4740; x_wconf 82' lang='lat' dir='ltr'><strong>quana</strong></span> <span class='ocrx_word' id='word_1_629' title='bbox 479 4665 545 4724; x_wconf 80' lang='lat' dir='ltr'><strong>Saul</strong></span> <span class='ocrx_word' id='word_1_630' title='bbox 564 4669 778 4739; x_wconf 78' lang='lat' dir='ltr'><strong>aprolaeuderat,</strong></span> <span class='ocrx_word' id='word_1_631' title='bbox 798 4671 936 4727; x_wconf 82' lang='lat' dir='ltr'><strong>advenire.</strong></span> <span class='ocrx_word' id='word_1_632' title='bbox 949 4672 1100 4741; x_wconf 79' lang='lat' dir='ltr'><strong>Divisitque</strong></span> <span class='ocrx_word' id='word_1_633' title='bbox 1119 4687 1166 4727; x_wconf 88' lang='lat' dir='ltr'><strong>eo·</strong></span> <span class='ocrx_word' id='word_1_634' title='bbox 1219 4674 1303 4727; x_wconf 85' lang='lat' dir='ltr'><strong>llavid</strong></span> <span class='ocrx_word' id='word_1_635' title='bbox 1320 4673 1444 4728; x_wconf 78' lang='lat' dir='ltr'><strong>Christus</strong></span> <span class='ocrx_word' id='word_1_636' title='bbox 1465 4672 1634 4743; x_wconf 70' lang='lat' dir='ltr'><strong>intelligitur,</strong></span> <span class='ocrx_word' id='word_1_637' title='bbox 1657 4672 1704 4742; x_wconf 93' lang='lat' dir='ltr'><strong>qui</strong></span> <span class='ocrx_word' id='word_1_638' title='bbox 1730 4679 1851 4741; x_wconf 89' lang='lat' dir='ltr'><strong>ternpore</strong></span> <span class='ocrx_word' id='word_1_639' title='bbox 1869 4671 2013 4726; x_wconf 88' lang='lat' dir='ltr'><strong>revelatio-</strong></span> 
     </span>
     <span class='ocr_line' id='line_1_47' title="bbox 376 4758 2011 4833; baseline 0.002 -22"><span class='ocrx_word' id='word_1_640' title='bbox 376 4774 437 4816; x_wconf 78' lang='grc' dir='ltr'><strong>ιιιι</strong></span> <span class='ocrx_word' id='word_1_641' title='bbox 453 4758 592 4818; x_wconf 77' lang='lat' dir='ltr'><strong>exereitus</strong></span> <span class='ocrx_word' id='word_1_642' title='bbox 609 4759 714 4818; x_wconf 82' lang='lat' dir='ltr'><strong>medius</strong></span> <span class='ocrx_word' id='word_1_643' title='bbox 730 4763 885 4832; x_wconf 84' lang='lat' dir='ltr'><strong>anons,qui</strong></span> <span class='ocrx_word' id='word_1_644' title='bbox 903 4770 962 4817; x_wconf 88' lang='lat' dir='ltr'><strong>erat</strong></span> <span class='ocrx_word' id='word_1_645' title='bbox 974 4763 1079 4833; x_wconf 86' lang='lat' dir='ltr'><strong>positus</strong></span> <span class='ocrx_word' id='word_1_646' title='bbox 1096 4763 1169 4819; x_wconf 88' lang='lat' dir='ltr'><strong>inter</strong></span> <span class='ocrx_word' id='word_1_647' title='bbox 1220 4763 1264 4817; x_wconf 90' lang='lat' dir='ltr'><strong>nis</strong></span> <span class='ocrx_word' id='word_1_648' title='bbox 1278 4760 1344 4816; x_wconf 85' lang='lat' dir='ltr'><strong>Nori</strong></span> <span class='ocrx_word' id='word_1_649' title='bbox 1358 4761 1524 4817; x_wconf 81' lang='lat' dir='ltr'><strong>Testamenti</strong></span> <span class='ocrx_word' id='word_1_650' title='bbox 1547 4762 1717 4816; x_wconf 80' lang='lat' dir='ltr'><strong>insinuandae</strong></span> <span class='ocrx_word' id='word_1_651' title='bbox 1741 4769 1769 4815; x_wconf 92' lang='lat' dir='ltr'><strong>et</strong></span> <span class='ocrx_word' id='word_1_652' title='bbox 1790 4759 2011 4815; x_wconf 72' lang='lat' dir='ltr'><strong>commendandae</strong></span> 
     </span>
     <span class='ocr_line' id='line_1_48' title="bbox 376 4829 2012 4925; baseline -0.002 -19"><span class='ocrx_word' id='word_1_653' title='bbox 376 4865 465 4906; x_wconf 74' lang='lat' dir='ltr'><strong>eos.»</strong></span> <span class='ocrx_word' id='word_1_654' title='bbox 1180 4829 1314 4925; x_wconf 74' lang='lat' dir='ltr'><strong>quatiao</strong></span> <span class='ocrx_word' id='word_1_655' title='bbox 1332 4851 1499 4921; x_wconf 75' lang='lat' dir='ltr'><strong>previdens,</strong></span> <span class='ocrx_word' id='word_1_656' title='bbox 1526 4865 1602 4905; x_wconf 85' lang='lat' dir='ltr'><strong>arma</strong></span> <span class='ocrx_word' id='word_1_657' title='bbox 1614 4850 1754 4921; x_wconf 88' lang='lat' dir='ltr'><strong>deposuit,</strong></span> <span class='ocrx_word' id='word_1_658' title='bbox 1772 4850 1891 4919; x_wconf 88' lang='lat' dir='ltr'><strong>quinque</strong></span> <span class='ocrx_word' id='word_1_659' title='bbox 1909 4848 2012 4917; x_wconf 85' lang='lat' dir='ltr'><strong>lapidos</strong></span> 
     </span>
     <span class='ocr_line' id='line_1_49' title="bbox 414 4939 2011 5014; baseline 0.001 -21"><span class='ocrx_word' id='word_1_660' title='bbox 414 4961 424 4992; x_wconf 82' lang='grc' dir='ltr'><strong>ι</strong></span> <span class='ocrx_word' id='word_1_661' title='bbox 446 4940 481 4995; x_wconf 80' lang='lat' dir='ltr'><strong>Et</strong></span> <span class='ocrx_word' id='word_1_662' title='bbox 494 4954 621 5012; x_wconf 68' lang='lat' dir='ltr'><strong>egressus</strong></span> <span class='ocrx_word' id='word_1_663' title='bbox 637 4948 679 4995; x_wconf 87' lang='lat' dir='ltr'><strong>est</strong></span> <span class='ocrx_word' id='word_1_664' title='bbox 691 4940 734 4995; x_wconf 87' lang='lat' dir='ltr'><strong>vir</strong></span> <span class='ocrx_word' id='word_1_665' title='bbox 748 4942 857 5010; x_wconf 82' lang='lat' dir='ltr'><strong>spurius</strong></span> <span class='ocrx_word' id='word_1_666' title='bbox 870 4942 904 4998; x_wconf 92' lang='lat' dir='ltr'><strong>de</strong></span> <span class='ocrx_word' id='word_1_667' title='bbox 918 4943 1017 5014; x_wconf 80' lang='lat' dir='ltr'><strong>eastris</strong></span> <span class='ocrx_word' id='word_1_668' title='bbox 1027 4941 1167 5000; x_wconf 82' lang='lat' dir='ltr'><strong>Philisthi-</strong></span> <span class='ocrx_word' id='word_1_669' title='bbox 1220 4944 1292 5000; x_wconf 88' lang='lat' dir='ltr'><strong>tulit.</strong></span> <span class='ocrx_word' id='word_1_670' title='bbox 1318 4942 1446 5012; x_wconf 81' lang='lat' dir='ltr'><strong>Deposuit</strong></span> <span class='ocrx_word' id='word_1_671' title='bbox 1469 4956 1535 5012; x_wconf 77' lang='lat' dir='ltr'><strong>erqo</strong></span> <span class='ocrx_word' id='word_1_672' title='bbox 1561 4942 1713 5011; x_wconf 81' lang='lat' dir='ltr'><strong>corporalia</strong></span> <span class='ocrx_word' id='word_1_673' title='bbox 1736 4948 1904 4995; x_wconf 81' lang='lat' dir='ltr'><strong>sacramenta</strong></span> <span class='ocrx_word' id='word_1_674' title='bbox 1932 4939 2011 5009; x_wconf 70' lang='lat' dir='ltr'><strong>legis,</strong></span> 
     </span>
     <span class='ocr_line' id='line_1_50' title="bbox 379 5028 2011 5108; baseline 0.001 -26"><span class='ocrx_word' id='word_1_675' title='bbox 379 5029 640 5096; x_wconf 81' lang='lat' dir='ltr'><strong>rnoruua,nomina</strong></span> <span class='ocrx_word' id='word_1_676' title='bbox 663 5028 782 5098; x_wconf 77' lang='lat' dir='ltr'><strong>dolini,</strong></span> <span class='ocrx_word' id='word_1_677' title='bbox 808 5032 843 5087; x_wconf 86' lang='lat' dir='ltr'><strong>de</strong></span> <span class='ocrx_word' id='word_1_678' title='bbox 858 5030 940 5099; x_wconf 77' lang='lat' dir='ltr'><strong>ueta,</strong></span> <span class='ocrx_word' id='word_1_679' title='bbox 956 5032 1106 5090; x_wconf 86' lang='lat' dir='ltr'><strong>altitudinis</strong></span> <span class='ocrx_word' id='word_1_680' title='bbox 1119 5050 1166 5091; x_wconf 81' lang='lat' dir='ltr'><strong>sex</strong></span> <span class='ocrx_word' id='word_1_681' title='bbox 1220 5050 1281 5108; x_wconf 72' lang='lat' dir='ltr'><strong>quae</strong></span> <span class='ocrx_word' id='word_1_682' title='bbox 1295 5049 1348 5089; x_wconf 92' lang='lat' dir='ltr'><strong>uon</strong></span> <span class='ocrx_word' id='word_1_683' title='bbox 1363 5032 1563 5104; x_wconf 86' lang='lat' dir='ltr'><strong>suutimposita</strong></span> <span class='ocrx_word' id='word_1_684' title='bbox 1584 5032 1720 5102; x_wconf 76' lang='lat' dir='ltr'><strong>gentibus.</strong></span> <span class='ocrx_word' id='word_1_685' title='bbox 1736 5032 1865 5103; x_wconf 83' lang='lat' dir='ltr'><strong>Deposuit</strong></span> <span class='ocrx_word' id='word_1_686' title='bbox 1883 5046 2011 5102; x_wconf 80' lang='lat' dir='ltr'><strong>quoeuon</strong></span> 
     </span>
     <span class='ocr_line' id='line_1_51' title="bbox 378 5120 2009 5197; baseline 0.001 -23"><span class='ocrx_word' id='word_1_687' title='bbox 378 5122 730 5192; x_wconf 64' lang='lat' dir='ltr'><strong>«connuncupatus,</strong></span> <span class='ocrx_word' id='word_1_688' title='bbox 749 5125 1168 5197; x_wconf 74' lang='lat' dir='ltr'><strong>eleassistereasuporeaput</strong></span> <span class='ocrx_word' id='word_1_689' title='bbox 1220 5127 1407 5181; x_wconf 82' lang='lat' dir='ltr'><strong>observamus.</strong></span> <span class='ocrx_word' id='word_1_690' title='bbox 1427 5124 1495 5191; x_wconf 80' lang='lat' dir='ltr'><strong>Quia</strong></span> <span class='ocrx_word' id='word_1_691' title='bbox 1512 5123 1585 5179; x_wconf 84' lang='lat' dir='ltr'><strong>enirn</strong></span> <span class='ocrx_word' id='word_1_692' title='bbox 1604 5122 1632 5178; x_wconf 93' lang='lat' dir='ltr'><strong>iu</strong></span> <span class='ocrx_word' id='word_1_693' title='bbox 1646 5123 1731 5179; x_wconf 83' lang='lat' dir='ltr'><strong>veteri</strong></span> <span class='ocrx_word' id='word_1_694' title='bbox 1754 5122 1814 5193; x_wconf 72' lang='lat' dir='ltr'><strong>lego</strong></span> <span class='ocrx_word' id='word_1_695' title='bbox 1836 5130 1864 5176; x_wconf 89' lang='lat' dir='ltr'><strong>et</strong></span> <span class='ocrx_word' id='word_1_696' title='bbox 1882 5120 2009 5192; x_wconf 77' lang='lat' dir='ltr'><strong>legimus,</strong></span> 
     </span>
     <span class='ocr_line' id='line_1_52' title="bbox 378 5211 2010 5286; baseline 0.002 -23"><span class='ocrx_word' id='word_1_697' title='bbox 378 5230 389 5263; x_wconf 87' lang='grc' dir='ltr'><strong>ι</strong></span> <span class='ocrx_word' id='word_1_698' title='bbox 407 5212 483 5281; x_wconf 79' lang='lat' dir='ltr'><strong>ejus,</strong></span> <span class='ocrx_word' id='word_1_699' title='bbox 499 5220 528 5269; x_wconf 86' lang='lat' dir='ltr'><strong>et</strong></span> <span class='ocrx_word' id='word_1_700' title='bbox 547 5212 631 5268; x_wconf 89' lang='lat' dir='ltr'><strong>ioriea</strong></span> <span class='ocrx_word' id='word_1_701' title='bbox 655 5213 826 5270; x_wconf 87' lang='lat' dir='ltr'><strong>induebatur.</strong></span> <span class='ocrx_word' id='word_1_702' title='bbox 847 5214 932 5271; x_wconf 87' lang='lat' dir='ltr'><strong>Porro</strong></span> <span class='ocrx_word' id='word_1_703' title='bbox 954 5216 1060 5286; x_wconf 92' lang='lat' dir='ltr'><strong>pondus</strong></span> <span class='ocrx_word' id='word_1_704' title='bbox 1075 5217 1167 5274; x_wconf 71' lang='lat' dir='ltr'><strong>loricas</strong></span> <span class='ocrx_word' id='word_1_705' title='bbox 1220 5226 1248 5273; x_wconf 90' lang='lat' dir='ltr'><strong>et</strong></span> <span class='ocrx_word' id='word_1_706' title='bbox 1263 5232 1316 5271; x_wconf 91' lang='lat' dir='ltr'><strong>non</strong></span> <span class='ocrx_word' id='word_1_707' title='bbox 1329 5211 1514 5278; x_wconf 84' lang='lat' dir='ltr'><strong>observamus,</strong></span> <span class='ocrx_word' id='word_1_708' title='bbox 1530 5214 1678 5269; x_wconf 83' lang='lat' dir='ltr'><strong>sealtumou</strong></span> <span class='ocrx_word' id='word_1_709' title='bbox 1698 5213 1816 5283; x_wconf 82' lang='lat' dir='ltr'><strong>aliquam</strong></span> <span class='ocrx_word' id='word_1_710' title='bbox 1831 5212 2010 5282; x_wconf 74' lang='lat' dir='ltr'><strong>significatio-</strong></span> 
     </span>
     <span class='ocr_line' id='line_1_53' title="bbox 379 5301 2012 5379; baseline 0.004 -26"><span class='ocrx_word' id='word_1_711' title='bbox 379 5320 389 5352; x_wconf 86' lang='grc' dir='ltr'><strong>ι</strong></span> <span class='ocrx_word' id='word_1_712' title='bbox 406 5301 466 5370; x_wconf 77' lang='lat' dir='ltr'><strong>eins</strong></span> <span class='ocrx_word' id='word_1_713' title='bbox 474 5302 595 5372; x_wconf 87' lang='lat' dir='ltr'><strong>quinque</strong></span> <span class='ocrx_word' id='word_1_714' title='bbox 609 5302 692 5357; x_wconf 87' lang='lat' dir='ltr'><strong>millia</strong></span> <span class='ocrx_word' id='word_1_715' title='bbox 704 5304 833 5359; x_wconf 81' lang='lat' dir='ltr'><strong>siclorum</strong></span> <span class='ocrx_word' id='word_1_716' title='bbox 844 5306 916 5361; x_wconf 71' lang='lat' dir='ltr'><strong>aeris.</strong></span> <span class='ocrx_word' id='word_1_717' title='bbox 932 5306 967 5361; x_wconf 84' lang='lat' dir='ltr'><strong>llt</strong></span> <span class='ocrx_word' id='word_1_718' title='bbox 976 5321 1072 5362; x_wconf 83' lang='lat' dir='ltr'><strong>ooreas</strong></span> <span class='ocrx_word' id='word_1_719' title='bbox 1081 5322 1167 5363; x_wconf 83' lang='lat' dir='ltr'><strong>aereas</strong></span> <span class='ocrx_word' id='word_1_720' title='bbox 1219 5324 1282 5365; x_wconf 89' lang='lat' dir='ltr'><strong>nem</strong></span> <span class='ocrx_word' id='word_1_721' title='bbox 1292 5307 1429 5379; x_wconf 67' lang='lat' dir='ltr'><strong>premissa</strong></span> <span class='ocrx_word' id='word_1_722' title='bbox 1451 5316 1480 5361; x_wconf 87' lang='lat' dir='ltr'><strong>et</strong></span> <span class='ocrx_word' id='word_1_723' title='bbox 1499 5306 1588 5375; x_wconf 85' lang='lat' dir='ltr'><strong>posita</strong></span> <span class='ocrx_word' id='word_1_724' title='bbox 1608 5305 1791 5377; x_wconf 81' lang='lat' dir='ltr'><strong>butelliqimus.</strong></span> <span class='ocrx_word' id='word_1_725' title='bbox 1813 5305 1936 5374; x_wconf 82' lang='lat' dir='ltr'><strong>Denique</strong></span> <span class='ocrx_word' id='word_1_726' title='bbox 1954 5305 2012 5360; x_wconf 85' lang='lat' dir='ltr'><strong>hane</strong></span> 
     </span>
     <span class='ocr_line' id='line_1_54' title="bbox 379 5393 2011 5470; baseline 0.006 -26"><span class='ocrx_word' id='word_1_727' title='bbox 379 5412 389 5444; x_wconf 81' lang='grc' dir='ltr'><strong>ι</strong></span> <span class='ocrx_word' id='word_1_728' title='bbox 408 5393 526 5450; x_wconf 70' lang='lat' dir='ltr'><strong>bdvebat</strong></span> <span class='ocrx_word' id='word_1_729' title='bbox 539 5394 566 5449; x_wconf 92' lang='lat' dir='ltr'><strong>in</strong></span> <span class='ocrx_word' id='word_1_730' title='bbox 578 5394 714 5462; x_wconf 84' lang='lat' dir='ltr'><strong>eruribus,</strong></span> <span class='ocrx_word' id='word_1_731' title='bbox 729 5403 758 5451; x_wconf 88' lang='lat' dir='ltr'><strong>et</strong></span> <span class='ocrx_word' id='word_1_732' title='bbox 769 5395 880 5467; x_wconf 83' lang='lat' dir='ltr'><strong>clypeus</strong></span> <span class='ocrx_word' id='word_1_733' title='bbox 892 5412 979 5453; x_wconf 80' lang='lat' dir='ltr'><strong>aereus</strong></span> <span class='ocrx_word' id='word_1_734' title='bbox 997 5400 1104 5470; x_wconf 74' lang='lat' dir='ltr'><strong>tepebat</strong></span> <span class='ocrx_word' id='word_1_735' title='bbox 1119 5399 1169 5455; x_wconf 89' lang='lat' dir='ltr'><strong>lau-</strong></span> <span class='ocrx_word' id='word_1_736' title='bbox 1220 5415 1296 5457; x_wconf 88' lang='lat' dir='ltr'><strong>arrua</strong></span> <span class='ocrx_word' id='word_1_737' title='bbox 1317 5398 1452 5468; x_wconf 87' lang='lat' dir='ltr'><strong>deposuit.</strong></span> <span class='ocrx_word' id='word_1_738' title='bbox 1468 5406 1597 5467; x_wconf 70' lang='lat' dir='ltr'><strong>uunquam</strong></span> <span class='ocrx_word' id='word_1_739' title='bbox 1612 5412 1696 5453; x_wconf 87' lang='lat' dir='ltr'><strong>onera</strong></span> <span class='ocrx_word' id='word_1_740' title='bbox 1716 5406 1950 5453; x_wconf 81' lang='lat' dir='ltr'><strong>sacramentorum</strong></span> <span class='ocrx_word' id='word_1_741' title='bbox 1965 5412 2011 5453; x_wconf 88' lang='lat' dir='ltr'><strong>ve-</strong></span> 
     </span>
    </p>
   </div>
   <div class='ocr_carea' id='block_1_4' title="bbox 328 5484 2012 5561">
    <p class='ocr_par' dir='ltr' id='par_1_4' title="bbox 328 5484 2012 5561">
     <span class='ocr_line' id='line_1_55' title="bbox 328 5484 2012 5561; baseline 0.003 -25"><span class='ocrx_word' id='word_1_742' title='bbox 328 5533 331 5537; x_wconf 84' lang='grc'><em>,</em></span> <span class='ocrx_word' id='word_1_743' title='bbox 380 5498 498 5541; x_wconf 75' lang='lat' dir='ltr'><strong>imeras</strong></span> <span class='ocrx_word' id='word_1_744' title='bbox 514 5484 582 5553; x_wconf 65' lang='lat' dir='ltr'><strong>qus.</strong></span> <span class='ocrx_word' id='word_1_745' title='bbox 603 5485 707 5544; x_wconf 83' lang='lat' dir='ltr'><strong>liastile</strong></span> <span class='ocrx_word' id='word_1_746' title='bbox 726 5496 815 5543; x_wconf 88' lang='lat' dir='ltr'><strong>autem</strong></span> <span class='ocrx_word' id='word_1_747' title='bbox 837 5490 922 5546; x_wconf 80' lang='lat' dir='ltr'><strong>uasta</strong></span> <span class='ocrx_word' id='word_1_748' title='bbox 939 5488 999 5559; x_wconf 87' lang='lat' dir='ltr'><strong>ejus</strong></span> <span class='ocrx_word' id='word_1_749' title='bbox 1016 5499 1076 5546; x_wconf 90' lang='lat' dir='ltr'><strong>erat</strong></span> <span class='ocrx_word' id='word_1_750' title='bbox 1089 5491 1167 5561; x_wconf 88' lang='lat' dir='ltr'><strong>quasi</strong></span> <span class='ocrx_word' id='word_1_751' title='bbox 1220 5490 1286 5545; x_wconf 82' lang='lat' dir='ltr'><strong>teris</strong></span> <span class='ocrx_word' id='word_1_752' title='bbox 1311 5489 1387 5559; x_wconf 75' lang='lat' dir='ltr'><strong>legis,</strong></span> <span class='ocrx_word' id='word_1_753' title='bbox 1412 5496 1440 5542; x_wconf 89' lang='lat' dir='ltr'><strong>et</strong></span> <span class='ocrx_word' id='word_1_754' title='bbox 1452 5488 1538 5557; x_wconf 90' lang='lat' dir='ltr'><strong>ipsam</strong></span> <span class='ocrx_word' id='word_1_755' title='bbox 1561 5487 1647 5559; x_wconf 70' lang='lat' dir='ltr'><strong>legem</strong></span> <span class='ocrx_word' id='word_1_756' title='bbox 1664 5489 1779 5558; x_wconf 88' lang='lat' dir='ltr'><strong>aooepit.</strong></span> <span class='ocrx_word' id='word_1_757' title='bbox 1795 5488 1920 5558; x_wconf 80' lang='lat' dir='ltr'><strong>Quinque</strong></span> <span class='ocrx_word' id='word_1_758' title='bbox 1937 5488 2012 5542; x_wconf 90' lang='lat' dir='ltr'><strong>euim</strong></span> 
     </span>
    </p>
   </div>
   <div class='ocr_carea' id='block_1_5' title="bbox 374 5575 2012 6102">
    <p class='ocr_par' dir='ltr' id='par_1_5' title="bbox 374 5575 2012 6102">
     <span class='ocr_line' id='line_1_56' title="bbox 380 5575 2011 5653; baseline 0 -23"><span class='ocrx_word' id='word_1_759' title='bbox 380 5596 390 5624; x_wconf 78' lang='grc' dir='ltr'><strong>ι</strong></span> <span class='ocrx_word' id='word_1_760' title='bbox 410 5575 572 5632; x_wconf 76' lang='lat' dir='ltr'><strong>beiawrium</strong></span> <span class='ocrx_word' id='word_1_761' title='bbox 586 5580 744 5634; x_wconf 81' lang='lat' dir='ltr'><strong>texentium.</strong></span> <span class='ocrx_word' id='word_1_762' title='bbox 759 5580 847 5651; x_wconf 83' lang='lat' dir='ltr'><strong>lpsnm</strong></span> <span class='ocrx_word' id='word_1_763' title='bbox 861 5591 950 5636; x_wconf 89' lang='lat' dir='ltr'><strong>autem</strong></span> <span class='ocrx_word' id='word_1_764' title='bbox 963 5581 1065 5636; x_wconf 77' lang='lat' dir='ltr'><strong>ior-roan</strong></span> <span class='ocrx_word' id='word_1_765' title='bbox 1081 5582 1168 5637; x_wconf 78' lang='lat' dir='ltr'><strong>bastae</strong></span> <span class='ocrx_word' id='word_1_766' title='bbox 1220 5581 1323 5653; x_wconf 86' lang='lat' dir='ltr'><strong>lapides</strong></span> <span class='ocrx_word' id='word_1_767' title='bbox 1335 5580 1456 5651; x_wconf 89' lang='lat' dir='ltr'><strong>quinquo</strong></span> <span class='ocrx_word' id='word_1_768' title='bbox 1476 5578 1559 5634; x_wconf 88' lang='lat' dir='ltr'><strong>libros</strong></span> <span class='ocrx_word' id='word_1_769' title='bbox 1572 5579 1655 5650; x_wconf 80' lang='lat' dir='ltr'><strong>lloysi</strong></span> <span class='ocrx_word' id='word_1_770' title='bbox 1676 5578 1841 5651; x_wconf 71' lang='lat' dir='ltr'><strong>significant.</strong></span> <span class='ocrx_word' id='word_1_771' title='bbox 1860 5578 2011 5646; x_wconf 78' lang='lat' dir='ltr'><strong>Tulitergo</strong></span> 
     </span>
     <span class='ocr_line' id='line_1_57' title="bbox 380 5665 2010 5744; baseline 0.002 -26"><span class='ocrx_word' id='word_1_772' title='bbox 380 5686 390 5718; x_wconf 83' lang='lat' dir='ltr'><strong>r</strong></span> <span class='ocrx_word' id='word_1_773' title='bbox 407 5665 712 5735; x_wconf 79' lang='lat' dir='ltr'><strong>ejusaexoeutossielos</strong></span> <span class='ocrx_word' id='word_1_774' title='bbox 723 5671 840 5726; x_wconf 86' lang='lat' dir='ltr'><strong>babebat</strong></span> <span class='ocrx_word' id='word_1_775' title='bbox 853 5670 929 5738; x_wconf 78' lang='lat' dir='ltr'><strong>ferri,</strong></span> <span class='ocrx_word' id='word_1_776' title='bbox 940 5682 968 5728; x_wconf 90' lang='lat' dir='ltr'><strong>et</strong></span> <span class='ocrx_word' id='word_1_777' title='bbox 979 5674 1097 5744; x_wconf 75' lang='lat' dir='ltr'><strong>armiger</strong></span> <span class='ocrx_word' id='word_1_778' title='bbox 1107 5673 1167 5743; x_wconf 85' lang='lat' dir='ltr'><strong>rjus</strong></span> <span class='ocrx_word' id='word_1_779' title='bbox 1221 5673 1282 5728; x_wconf 86' lang='lat' dir='ltr'><strong>illos</strong></span> <span class='ocrx_word' id='word_1_780' title='bbox 1302 5672 1422 5742; x_wconf 88' lang='lat' dir='ltr'><strong>quinque</strong></span> <span class='ocrx_word' id='word_1_781' title='bbox 1436 5670 1540 5741; x_wconf 88' lang='lat' dir='ltr'><strong>lapides</strong></span> <span class='ocrx_word' id='word_1_782' title='bbox 1560 5671 1594 5725; x_wconf 91' lang='lat' dir='ltr'><strong>de</strong></span> <span class='ocrx_word' id='word_1_783' title='bbox 1610 5670 1731 5736; x_wconf 86' lang='lat' dir='ltr'><strong>domiue,</strong></span> <span class='ocrx_word' id='word_1_784' title='bbox 1749 5670 1776 5725; x_wconf 90' lang='lat' dir='ltr'><strong>id</strong></span> <span class='ocrx_word' id='word_1_785' title='bbox 1785 5679 1838 5732; x_wconf 85' lang='lat' dir='ltr'><strong>est,</strong></span> <span class='ocrx_word' id='word_1_786' title='bbox 1853 5671 1887 5724; x_wconf 91' lang='lat' dir='ltr'><strong>de</strong></span> <span class='ocrx_word' id='word_1_787' title='bbox 1900 5669 2010 5724; x_wconf 78' lang='lat' dir='ltr'><strong>seculo.</strong></span> 
     </span>
     <span class='ocr_line' id='line_1_58' title="bbox 379 5757 2012 5831; baseline 0.001 -21"><span class='ocrx_word' id='word_1_788' title='bbox 379 5777 389 5808; x_wconf 83' lang='grc' dir='ltr'><strong>ι</strong></span> <span class='ocrx_word' id='word_1_789' title='bbox 407 5758 666 5815; x_wconf 81' lang='lat' dir='ltr'><strong>anteoodetatsum.</strong></span> <span class='ocrx_word' id='word_1_790' title='bbox 678 5759 813 5831; x_wconf 67' lang='lat' dir='ltr'><strong>suosque</strong></span> <span class='ocrx_word' id='word_1_791' title='bbox 823 5761 958 5817; x_wconf 86' lang='lat' dir='ltr'><strong>clamabat</strong></span> <span class='ocrx_word' id='word_1_792' title='bbox 968 5763 1167 5818; x_wconf 82' lang='lat' dir='ltr'><strong>aduersusom·</strong></span> <span class='ocrx_word' id='word_1_793' title='bbox 1220 5763 1332 5817; x_wconf 85' lang='lat' dir='ltr'><strong>Labitur</strong></span> <span class='ocrx_word' id='word_1_794' title='bbox 1346 5760 1418 5814; x_wconf 88' lang='lat' dir='ltr'><strong>enim</strong></span> <span class='ocrx_word' id='word_1_795' title='bbox 1434 5759 1548 5814; x_wconf 87' lang='lat' dir='ltr'><strong>mortulo</strong></span> <span class='ocrx_word' id='word_1_796' title='bbox 1567 5758 1705 5823; x_wconf 72' lang='lat' dir='ltr'><strong>saeculum,</strong></span> <span class='ocrx_word' id='word_1_797' title='bbox 1721 5768 1749 5814; x_wconf 89' lang='lat' dir='ltr'><strong>et</strong></span> <span class='ocrx_word' id='word_1_798' title='bbox 1761 5757 1920 5828; x_wconf 77' lang='lat' dir='ltr'><strong>praeterfluit</strong></span> <span class='ocrx_word' id='word_1_799' title='bbox 1934 5758 2012 5825; x_wconf 91' lang='lat' dir='ltr'><strong>quid-</strong></span> 
     </span>
     <span class='ocr_line' id='line_1_59' title="bbox 379 5846 2009 5923; baseline -0.004 -19"><span class='ocrx_word' id='word_1_800' title='bbox 379 5867 390 5903; x_wconf 83' lang='grc' dir='ltr'><strong>ι</strong></span> <span class='ocrx_word' id='word_1_801' title='bbox 408 5864 456 5905; x_wconf 86' lang='lat' dir='ltr'><strong>vves</strong></span> <span class='ocrx_word' id='word_1_802' title='bbox 468 5849 617 5923; x_wconf 75' lang='lat' dir='ltr'><strong>pbalavvqas</strong></span> <span class='ocrx_word' id='word_1_803' title='bbox 629 5849 728 5916; x_wconf 89' lang='lat' dir='ltr'><strong>lsrael,</strong></span> <span class='ocrx_word' id='word_1_804' title='bbox 741 5863 769 5907; x_wconf 88' lang='lat' dir='ltr'><strong>et</strong></span> <span class='ocrx_word' id='word_1_805' title='bbox 781 5852 889 5907; x_wconf 83' lang='lat' dir='ltr'><strong>dicebat</strong></span> <span class='ocrx_word' id='word_1_806' title='bbox 902 5853 942 5908; x_wconf 89' lang='lat' dir='ltr'><strong>eis</strong></span> <span class='ocrx_word' id='word_1_807' title='bbox 960 5870 967 5906; x_wconf 90' lang='lat'>:</span> <span class='ocrx_word' id='word_1_808' title='bbox 985 5853 1075 5919; x_wconf 84' lang='lat' dir='ltr'><strong>Quare</strong></span> <span class='ocrx_word' id='word_1_809' title='bbox 1092 5853 1167 5908; x_wconf 90' lang='lat' dir='ltr'><strong>veni·</strong></span> <span class='ocrx_word' id='word_1_810' title='bbox 1220 5852 1284 5921; x_wconf 92' lang='lat' dir='ltr'><strong>quid</strong></span> <span class='ocrx_word' id='word_1_811' title='bbox 1298 5851 1370 5904; x_wconf 88' lang='lat' dir='ltr'><strong>veuit</strong></span> <span class='ocrx_word' id='word_1_812' title='bbox 1387 5850 1413 5903; x_wconf 93' lang='lat' dir='ltr'><strong>in</strong></span> <span class='ocrx_word' id='word_1_813' title='bbox 1431 5849 1572 5903; x_wconf 89' lang='lat' dir='ltr'><strong>muudum.</strong></span> <span class='ocrx_word' id='word_1_814' title='bbox 1587 5848 1672 5901; x_wconf 82' lang='lat' dir='ltr'><strong>Erant</strong></span> <span class='ocrx_word' id='word_1_815' title='bbox 1686 5847 1798 5902; x_wconf 88' lang='lat' dir='ltr'><strong>enimin</strong></span> <span class='ocrx_word' id='word_1_816' title='bbox 1812 5846 1938 5908; x_wconf 81' lang='lat' dir='ltr'><strong>litamine,</strong></span> <span class='ocrx_word' id='word_1_817' title='bbox 1954 5855 2009 5899; x_wconf 83' lang='lat' dir='ltr'><strong>tarr·</strong></span> 
     </span>
     <span class='ocr_line' id='line_1_60' title="bbox 374 5936 2012 6015; baseline -0.003 -21"><span class='ocrx_word' id='word_1_818' title='bbox 374 5958 391 5994; x_wconf 86' lang='lat' dir='ltr'><strong>.r</strong></span> <span class='ocrx_word' id='word_1_819' title='bbox 407 5941 549 6013; x_wconf 83' lang='lat' dir='ltr'><strong>stisparati</strong></span> <span class='ocrx_word' id='word_1_820' title='bbox 559 5942 593 5997; x_wconf 87' lang='lat' dir='ltr'><strong>ad</strong></span> <span class='ocrx_word' id='word_1_821' title='bbox 603 5942 874 6013; x_wconf 73' lang='lat' dir='ltr'><strong>praeliumiNuuquirl</strong></span> <span class='ocrx_word' id='word_1_822' title='bbox 884 5959 936 6013; x_wconf 83' lang='lat' dir='ltr'><strong>eqo</strong></span> <span class='ocrx_word' id='word_1_823' title='bbox 948 5959 1001 5997; x_wconf 89' lang='lat' dir='ltr'><strong>non</strong></span> <span class='ocrx_word' id='word_1_824' title='bbox 1012 5958 1071 5998; x_wconf 86' lang='lat' dir='ltr'><strong>sum</strong></span> <span class='ocrx_word' id='word_1_825' title='bbox 1083 5943 1166 5999; x_wconf 82' lang='lat' dir='ltr'><strong>Phili·</strong></span> <span class='ocrx_word' id='word_1_826' title='bbox 1220 5960 1301 6015; x_wconf 88' lang='lat' dir='ltr'><strong>quarn</strong></span> <span class='ocrx_word' id='word_1_827' title='bbox 1317 5941 1420 6013; x_wconf 84' lang='lat' dir='ltr'><strong>lapidos</strong></span> <span class='ocrx_word' id='word_1_828' title='bbox 1435 5941 1462 5994; x_wconf 93' lang='lat' dir='ltr'><strong>in</strong></span> <span class='ocrx_word' id='word_1_829' title='bbox 1479 5938 1577 6009; x_wconf 85' lang='lat' dir='ltr'><strong>ponuto</strong></span> <span class='ocrx_word' id='word_1_830' title='bbox 1591 5937 1647 5993; x_wconf 85' lang='lat' dir='ltr'><strong>illo.</strong></span> <span class='ocrx_word' id='word_1_831' title='bbox 1663 5936 1755 5992; x_wconf 86' lang='lat' dir='ltr'><strong>Primo</strong></span> <span class='ocrx_word' id='word_1_832' title='bbox 1767 5947 1848 5992; x_wconf 87' lang='lat' dir='ltr'><strong>erant</strong></span> <span class='ocrx_word' id='word_1_833' title='bbox 1860 5937 1915 5992; x_wconf 85' lang='lat' dir='ltr'><strong>illie</strong></span> <span class='ocrx_word' id='word_1_834' title='bbox 1930 5937 2012 5991; x_wconf 91' lang='lat' dir='ltr'><strong>inuti-</strong></span> 
     </span>
     <span class='ocr_line' id='line_1_61' title="bbox 378 6024 2012 6102; baseline -0.005 -13"><span class='ocrx_word' id='word_1_835' title='bbox 378 6032 518 6092; x_wconf 63' lang='lat' dir='ltr'><strong>uulnus.</strong></span> <span class='ocrx_word' id='word_1_836' title='bbox 532 6043 561 6089; x_wconf 89' lang='lat' dir='ltr'><strong>et</strong></span> <span class='ocrx_word' id='word_1_837' title='bbox 575 6049 623 6089; x_wconf 85' lang='lat' dir='ltr'><strong>vos</strong></span> <span class='ocrx_word' id='word_1_838' title='bbox 636 6034 707 6090; x_wconf 84' lang='lat' dir='ltr'><strong>servi</strong></span> <span class='ocrx_word' id='word_1_839' title='bbox 722 6034 805 6088; x_wconf 78' lang='lat' dir='ltr'><strong>Saul?</strong></span> <span class='ocrx_word' id='word_1_840' title='bbox 819 6032 915 6102; x_wconf 74' lang='lat' dir='ltr'><strong>liliqite</strong></span> <span class='ocrx_word' id='word_1_841' title='bbox 930 6049 963 6087; x_wconf 82' lang='lat' dir='ltr'><strong>ev</strong></span> <span class='ocrx_word' id='word_1_842' title='bbox 979 6032 1056 6088; x_wconf 85' lang='lat' dir='ltr'><strong>vobis</strong></span> <span class='ocrx_word' id='word_1_843' title='bbox 1067 6033 1166 6094; x_wconf 82' lang='lat' dir='ltr'><strong>uirum,</strong></span> <span class='ocrx_word' id='word_1_844' title='bbox 1221 6036 1261 6090; x_wconf 85' lang='lat' dir='ltr'><strong>les</strong></span> <span class='ocrx_word' id='word_1_845' title='bbox 1287 6042 1314 6088; x_wconf 87' lang='lat' dir='ltr'><strong>et</strong></span> <span class='ocrx_word' id='word_1_846' title='bbox 1340 6031 1484 6095; x_wconf 88' lang='lat' dir='ltr'><strong>varabant‚</strong></span> <span class='ocrx_word' id='word_1_847' title='bbox 1504 6024 1571 6084; x_wconf 86' lang='lat' dir='ltr'><strong>rubii</strong></span> <span class='ocrx_word' id='word_1_848' title='bbox 1595 6029 1752 6097; x_wconf 84' lang='lat' dir='ltr'><strong>proderant,</strong></span> <span class='ocrx_word' id='word_1_849' title='bbox 1775 6030 1908 6087; x_wconf 81' lang='lat' dir='ltr'><strong>transibat</strong></span> <span class='ocrx_word' id='word_1_850' title='bbox 1929 6041 2012 6099; x_wconf 86' lang='lat' dir='ltr'><strong>supra</strong></span> 
     </span>
    </p>
   </div>
   <div class='ocr_carea' id='block_1_6' title="bbox 0 0 2370 6756">
    <p class='ocr_par' dir='ltr' id='par_1_6' title="bbox 0 0 2370 6756">
     <span class='ocr_line' id='line_1_62' title="bbox 0 0 2370 6756; baseline 0 0"><span class='ocrx_word' id='word_1_851' title='bbox 0 0 2370 6756; x_wconf 95' lang='lat' dir='ltr'><strong> </strong></span> 
     </span>
    </p>
   </div>
  </div>
 </body>
</html>
