4709 6767
355 607 410 665 Μ
727 643 729 648 ·
784 600 962 659 continui.
985 601 1017 658 m
1036 600 1344 661 encaustn's'tlcntt.
1365 637 1400 647 -·
1419 606 1482 662 un.
1505 606 1534 660 l'.
1940 610 1993 667 9⁸25

354 723 501 783 eebaruus;
517 716 628 786 insuper
638 713 721 770 etiam
735 721 763 768 et
776 728 827 769 uos
839 714 889 783 ipsi
905 721 992 769 morte
1007 713 1148 779 solvimur,
1164 719 1190 776 Α
1204 730 1307 771 mucre.
1324 718 1446 788 Cumque
1466 720 1554 790 priua
1574 718 1707 773 idolorum
1727 720 1803 774 ruiua
1818 718 1915 789 luerit,
1927 738 1995 793 pra·

355 828 392 869 cx
413 824 466 881 qua
488 807 635 863 accedebat
647 804 766 859 animam
781 819 907 875 separare
924 819 940 858 a
958 820 1081 875 corporo.
1104 803 1151 858 Et-
1202 807 1318 861 seutiam
1332 807 1439 863 Domini
1454 810 1526 865 lerre
1541 825 1594 864 ιιοιι
1614 809 1766 876 sustinens,
1780 818 1807 864 et
1821 820 1884 880 apte
1897 811 1996 868 dicitur
2052 832 2055 838 ·

355 904 431 962 enim
448 910 476 957 et
490 900 579 956 omnis
598 898 731 954 connexio
745 904 879 952 creatura
898 897 962 952 linc
981 895 1150 961 solvebatur,
1202 894 1357 951 incarnatio
1370 897 1519 953 Salvatoris·
1532 900 1668 965 colomna,
1683 906 1794 970 propter
1807 901 1995 958 rectitudinem

355 993 448 1052 lactus
460 1000 502 1048 est
520 991 593 1045 eninr
608 990 690 1045 bomo
705 986 866 1059 aprincipio
879 988 956 1058 quasi
970 987 1079 1058 aliquod
1094 987 1152 1042 ani·
1201 989 1331 1046 doctrinan
1344 1001 1372 1048 et
1387 991 1543 1047 drmitatcm
1557 993 1734 1063 operationis,
1744 993 1807 1063 quia
1818 994 1919 1051 electos
1932 1011 1996 1052 suos

357 1086 414 1144 mal
432 1085 593 1157 cognatione
610 1082 736 1139 omnibus
753 1080 895 1150 junctam,
914 1094 947 1135 eo
967 1080 1039 1151 quod
1053 1095 1151 1149 corpus
1201 1081 1282 1152 erigit
1301 1082 1336 1137 ad
1355 1084 1528 1152 quaerendam
1549 1083 1663 1140 salutem
1678 1096 1853 1155 perpetuam,
1868 1093 1996 1141 ettotam

357 1179 468 1252 quidem
488 1174 652 1249 generaliter
664 1188 699 1228 0¹
717 1172 844 1228 0ffl¹¹iit¹¹⁸
858 1171 1040 1237 &insistebam
1057 1171 1084 1226 i(i
1098 1178 1151 1238 0⁵1,
1201 1178 1345 1233 aedilicium
1360 1179 1489 1235 Ecclesia
1507 1195 1562 1235 suae
1576 1180 1634 1250 ipse
1647 1187 1739 1250 portat
1755 1189 1838 1249 atque
1850 1187 1994 1234 sustentat.
2058 1183 2063 1207 ¹

356 1289 394 1331 ex
408 1283 529 1343 quatuor,
538 1268 690 1332 elementis,
704 1266 794 1321 anima
810 1265 923 1321 remed
938 1264 1087 1320 invisibiles
1100 1265 1154 1319 tir·
1239 1287 1249 1320 r
1264 1265 1367 1339 Gyrum
1382 1268 1445 1323 eoeli
1463 1269 1576 1324 circuivi
1596 1269 1671 1336 sola,
1687 1279 1715 1325 et
1729 1269 1892 1340 pmlundum
1906 1269 1996 1340 abyssi

357 1370 431 1419 tutes
451 1359 684 1432 propinquitatem
710 1356 810 1411 babere
830 1354 981 1411 uidebatur.
1004 1354 1062 1411 Uua
1086 1370 1152 1410 rere
1204 1376 1214 1409 ι
1230 1359 1382 1427 penetravi,
1396 1360 1424 1414 in
1438 1358 1565 1415 fluetibus
1580 1361 1665 1416 maris
1677 1360 1823 1427 ambulavi,
1839 1368 1867 1417 et
1881 1360 1907 1415 iu
1922 1360 1996 1414 onrui

356 1453 481 1525 quaedam
495 1451 682 1506 uniuersorum
694 1446 830 1517 copulatio
843 1461 877 1501 ex
889 1444 954 1500 hinc
967 1444 1026 1500 lieri
1041 1446 1152 1501 videbe
1204 1466 1213 1497 ι
1233 1456 1306 1502 terra
1324 1448 1402 1513 steti,
1425 1460 1453 1504 et
1476 1450 1503 1504 in
1521 1455 1596 1505 orsini
1615 1450 1713 1520 populo
1733 1458 1761 1506 et
1778 1450 1894 1505 inomni
1917 1459 1998 1521 gente

355 1553 414 1609 tur,
424 1551 535 1613 propter
545 1538 715 1609 iniquitatem
727 1550 788 1590 eam
799 1550 882 1604 quam
893 1534 926 1588 ad
939 1532 1075 1588 bontinem
1087 1549 1154 1590 ercn-
1205 1558 1215 1591 r
1231 1539 1377 1610 primatum
1396 1542 1498 1609 nabau,
1514 1515 1547 1598 Ἃ
1564 1544 1685 1598 oninium
1699 1543 1887 1599 excellentium
1906 1551 1933 1598 et
1945 1543 1997 1596 lru-

356 1643 403 1691 eta
418 1631 520 1688 babere
534 1629 707 1693 ridebantur,
722 1626 849 1682 omnibus
863 1625 1024 1695 inidipsum
1038 1640 1154 1681 concur·
1204 1647 1214 1680 ι
1232 1628 1336 1684 ιιιίΙίιιιιι
1349 1632 1430 1685 eorda
1448 1632 1549 1688 uirtute
1566 1633 1677 1688 calcavi.
1701 1653 1710 1686 ι
1729 1633 1792 1689 llaec
1809 1633 1896 1687 oratio
1909 1632 1996 1688 domi·

357 1722 498 1787 rentibus,
514 1720 552 1775 ita
565 1727 596 1774 ut
613 1726 641 1772 et
653 1733 708 1773 uno
720 1731 854 1772 consensu
873 1716 929 1773 Deo
946 1716 1091 1773 redderent
1103 1716 1151 1772 de-
1202 1729 1295 1774 rtatunr
1315 1721 1455 1790 sapientiae
1476 1721 1523 1778 liei
1547 1723 1646 1793 ubique
1662 1733 1690 1778 et
1708 1722 1891 1779 fortitudinem
1907 1723 1997 1793 capci-

355 1812 445 1869 bitanr
465 1810 599 1867 culturam
619 1824 682 1866 cum
704 1816 783 1863 cauta
803 1808 994 1865 sollicitudine.
1014 1809 1087 1880 Ergo
1104 1809 1152 1865 liei
1202 1809 1263 1875 mit,
1274 1810 1339 1880 quia
1351 1811 1432 1867 simul
1445 1828 1553 1869 omnem
1570 1821 1722 1869 creaturam
1738 1815 1764 1869 in
1778 1824 1895 1884 qrratuor
1908 1815 1997 1870 nomi·

357 1903 492 1975 sapientia
512 1901 603 1958 oraturia
625 1916 685 1971 quae
705 1900 733 1955 in
747 1900 824 1956 coelis
837 1911 865 1956 et
878 1916 939 1970 quse
959 1901 987 1955 in
1004 1909 1077 1956 terra
1091 1911 1156 1957 suut
1202 1903 1283 1958 nibus
1296 1919 1350 1959 uno
1364 1911 1457 1960 tenore
1467 1906 1613 1962 concludit.
1629 1905 1698 1961 Nam
1708 1907 1770 1963 coeli
1784 1907 1892 1963 nourrius
1905 1908 1997 1964 omitia

357 1994 430 2052 iacta
444 1994 502 2063 ipse
515 1992 590 2047 lecit.
605 1990 681 2047 llnde
695 1999 723 2046 et
735 1989 926 2061 subjungitur:
1204 1993 1325 2050 caelestia
1340 1997 1563 2064 comprehendit,
1587 1997 1613 2051 in
1628 1995 1762 2067 profundo
1781 1997 1871 2068 abyssi
1892 2013 1924 2052 ea
1937 2012 1998 2067 quae

397 2106 407 2139 ι
424 2085 480 2156 llgo
494 2085 522 2138 in
535 2082 611 2138 coelis
624 2082 675 2138 leci
691 2090 721 2137 ut
740 2083 859 2137 oriretur
872 2081 962 2138 lttrtren
982 2082 1150 2148 indeficiens,
1167 2061 1190 2120 B
1204 2086 1300 2141 subtus
1313 2094 1415 2141 terram
1430 2096 1503 2154 sont,
1518 2087 1546 2141 in
1558 2087 1641 2144 lluetu
1662 2103 1727 2144 uero
1743 2088 1827 2143 maris
1839 2097 1868 2143 et
1882 2088 1908 2142 in
1924 2095 1997 2143 terra

359 2193 373 2226 ι
390 2184 420 2231 et
445 2175 516 2229 sieut
535 2171 632 2228 nebula
657 2172 712 2227 texi
732 2187 840 2226 omnem
858 2187 978 2227 caricem.
1005 2193 1014 2225 t
1039 2172 1068 2228 ln
1089 2173 1151 2228 culi
1202 2177 1416 2248 omniaomnia
1443 2179 1485 2233 lais
1503 2178 1610 2233 duobus
1624 2177 1765 2233 elementis
1785 2178 1937 2233 consistunt
1951 2178 1999 2232 de-

356 2266 469 2324 nomiue
481 2264 650 2337 spiritalem,
668 2263 695 2318 in
709 2263 876 2319 caruissem
892 2263 1061 2334 corporalem
1078 2280 1152 2320 cout-
1202 2275 1345 2322 monstrat.
1363 2266 1505 2339 Significat
1517 2282 1583 2340 ergo
1595 2267 1662 2323 nibil
1676 2282 1738 2324 esse
1749 2268 1776 2322 in
1792 2284 1885 2323 rerum
1899 2278 1997 2323 natura

356 2355 503 2429 prehendit
521 2363 686 2410 creaturam.
711 2353 788 2409 Feci!
806 2368 872 2425 etan
893 2355 1025 2423 sapientia
1048 2355 1097 2411 liei
1122 2364 1153 2410 nl
1202 2365 1275 2434 qarod
1288 2365 1315 2419 in
1330 2364 1390 2434 ejus
1400 2365 1500 2421 nonsit
1511 2365 1654 2435 potestatis
1664 2365 1847 2422 dominatione
1861 2382 1867 2417 :
1882 2365 1940 2420 baec
1952 2378 1999 2419 ea·

356 2448 497 2520 spiritales
510 2456 659 2511 creaturae,
673 2447 724 2503 boc
737 2456 797 2513 est,
810 2447 898 2518 augeli
913 2458 941 2503 et
955 2448 1052 2503 anima
1065 2449 1152 2505 homi·
1201 2456 1263 2509 dem
1277 2456 1443 2524 approbante
1456 2455 1559 2519 David,
1574 2455 1621 2524 qui
1644 2455 1672 2509 in
1688 2453 1800 2523 psalmis
1812 2453 1932 2509 ternario
1946 2468 1997 2508 uu·
2031 2439 2034 2446 ’

357 2555 426 2595 num
441 2538 530 2594 lurrten
551 2538 683 2594 baberent
701 2539 816 2594 rationis
836 2538 1036 2610 intelligentiae3
1056 2555 1153 2610 cerpo-
1203 2560 1279 2601 ruero
1302 2546 1336 2600 ad
1359 2544 1526 2599 laudandum
1552 2544 1637 2601 Deum
1662 2545 1818 2599 universam
1843 2550 1998 2599 ereaturam

357 2629 432 2687 rebe
443 2627 593 2697 rcrojuxta
608 2629 772 2684 uoluntatem
787 2636 815 2683 et
829 2629 1059 2701 dispensationem
1073 2646 1152 2686 crea·
1203 2636 1374 2708 provocando
1390 2636 1564 2707 perstrinxit,
1587 2637 1677 2692 dixit:
1695 2655 1704 2688 ι
1722 2635 1844 2690 Laudent
1861 2651 1922 2690 eum
1936 2636 1998 2692 eoeli

356 2721 427 2778 toris
447 2721 489 2776 sui
512 2720 620 2774 modum
643 2720 775 2776 habereut
792 2736 848 2776 suae
867 2720 995 2788 lactucae,
1019 2729 1049 2775 ut
1073 2737 1154 2777 oume
1203 2739 1231 2784 et
1254 2739 1346 2793 terra,
1367 2742 1442 2783 nracc
1463 2737 1491 2784 et
1514 2728 1685 2797 omniaque
1707 2728 1735 2782 in
1758 2727 1799 2783 eis
1819 2734 1882 2782 sum
1904 2723 1996 2798 (Paci.

358 2811 433 2881 quod
447 2818 489 2866 est
509 2812 535 2865 iu
551 2823 641 2863 rerum
660 2818 757 2864 natura
774 2811 857 2876 uiuit,
873 2812 954 2867 sentit
973 2822 1000 2868 et
1018 2813 1103 2883 sapit,
1119 2814 1154 2869 ab
1204 2816 1313 2889 ιιιίιι).
1330 2834 1340 2867 ι
1355 2816 1460 2871 Erbine
1479 2825 1507 2871 et
1520 2815 1682 2885 Apostolus,
1697 2823 1727 2870 ut
1744 2815 1901 2871 ostenderet
1917 2814 1997 2869 Clari·

358 2901 419 2974 ipso
434 2901 547 2956 baberet
561 2900 707 2970 originem,
723 2902 851 2970 quioniam
867 2918 900 2957 ex
917 2904 996 2973 ipso,
1010 2912 1038 2958 et
1051 2911 1100 2974 pe‘r
1111 2905 1152 2975 ip·
1204 2917 1292 2973 surra,
1306 2906 1353 2962 lici
1374 2906 1537 2975 sapientiam
1552 2916 1580 2961 et
1599 2907 1647 2962 liei
1668 2906 1811 2972 uirtutem,
1826 2915 1936 2976 propter
1948 2905 2000 2959 bu-

358 3008 433 3057 sum,
449 2998 477 3047 et
490 2992 517 3047 in
532 2991 591 3061 ipso
605 2998 669 3045 scrut
681 2992 772 3046 omnia
788 2991 874 3064 (Rom.
890 2994 940 3064 ιιι).
957 2992 991 3047 Et
1004 3002 1067 3049 uota
1082 2995 1154 3064 quod
1205 2997 1328 3053 militatis
1351 2995 1546 3064 subiectionem
1571 2996 1598 3050 in
1623 2995 1698 3051 orrtui
1722 2993 1846 3049 rationali
1873 3000 1999 3050 creatura

358 3083 431 3140 dixit
444 3098 506 3138 earn
519 3081 610 3137 lacere
624 3082 651 3135 ia
665 3082 741 3138 coelis
753 3082 844 3138 lurrren
854 3084 931 3150 oriri,
944 3093 971 3138 et
984 3084 1081 3141 nebula
1096 3101 1154 3141 om·
1204 3090 1350 3160 primatum
1365 3089 1480 3154 babere,
1500 3096 1525 3142 et
1540 3088 1661 3143 omnium
1676 3095 1842 3157 potestatum
1855 3094 1937 3157 atque
1952 3100 1996 3141 re-

358 3189 423 3230 nem
437 3188 546 3229 martem
558 3174 680 3244 conwgi,
698 3173 828 3244 quomam
845 3174 1018 3230 sicutlumen
1031 3175 1155 3233 claritate
1205 3198 1319 3255 gnosum
1343 3182 1452 3252 propria
1473 3178 1744 3242 circummuniam,
1768 3177 1906 3248 eleganter
1926 3178 1966 3232 ait
1990 3193 1998 3229 :

359 3280 410 3320 sua
420 3264 550 3335 praecellit
560 3264 750 3320 obscuritatem
762 3265 876 3330 nebula,
891 3266 928 3320 ita
939 3266 1069 3336 spiritalis
1079 3283 1155 3323 crea·
1208 3293 1218 3326 c
1236 3272 1360 3330 Christus
1373 3272 1461 3329 tactus
1471 3280 1514 3327 est
1531 3286 1580 3342 pro
1594 3270 1672 3325 nobis
1683 3269 1812 3325 obediens
1826 3268 1899 3323 Patri
1914 3280 2000 3336 usque
2084 3326 2086 3329 Α

360 3369 424 3415 tura
443 3356 612 3428 corporalem
629 3374 684 3413 suae
704 3366 808 3412 nattrrae
822 3358 1021 3427 quodammodo
1040 3359 1153 3429 praecet-
1206 3363 1240 3419 ad
1254 3372 1385 3429 mortem,
1402 3372 1518 3419 mortem
1532 3372 1623 3418 autem
1637 3363 1727 3418 crucis
1741 3379 1748 3417 :
1764 3371 1874 3433 propter
1887 3361 1959 3431 quod
1972 3370 2000 3415 et

358 3446 394 3503 lit
407 3447 575 3518 dignitatem.
590 3446 666 3503 Unde
681 3447 751 3503 sicut
763 3446 880 3503 virentia
894 3450 1050 3519 precedunt,
1062 3452 1153 3507 omnia
1168 3410 1192 3475 G
1207 3456 1279 3511 Deus
1289 3455 1422 3510 exaltarit
1435 3454 1522 3520 illum,
1535 3461 1565 3509 ct
1574 3454 1685 3510 donarit
1699 3454 1736 3509 illi
1750 3469 1859 3520 nomen,
1874 3453 1946 3524 quod
1958 3461 2000 3510 est

359 3537 418 3592 rita
438 3536 575 3602 carentia,
597 3536 634 3591 ita
658 3535 747 3590 alcima
770 3536 874 3592 ratione
892 3537 996 3607 pollens
1013 3539 1154 3598 nobilitate
1206 3559 1288 3614 super
1304 3560 1385 3600 omne
1400 3559 1515 3609 nomen,
1530 3552 1561 3599 ut
1580 3544 1608 3599 in
1627 3544 1737 3600 nomine
1754 3542 1819 3599 lesu
1833 3558 1912 3599 omne
1928 3558 2000 3615 penu

359 3642 418 3686 ⁸¹¹ae
436 3637 539 3683 ⁰³²⁰?ae
561 3626 786 3697 ll¹1¹³·0itii10l¹1¹¹e
803 3626 876 3684 ⁰¹¹⁰d
895 3628 1028 3683 libionem
1049 3628 1155 3685 discen·
1205 3634 1340 3702 dectatur,
1352 3637 1520 3704 coelestiprn,
1536 3638 1721 3704 terrestrium,
1736 3645 1765 3692 et
1777 3635 1960 3702 infernorum,
1972 3644 2001 3691 et

358 3722 444 3779 nendi
459 3736 512 3776 ¹¹0ss
526 3721 617 3777 haber.
1205 3728 1295 3783 omnis
1308 3726 1400 3798 lingua
1413 3726 1575 3783 corrdteatur
1595 3727 1659 3796 quia
1674 3724 1805 3781 Dominus
1826 3724 1906 3781 lesus
1920 3724 2001 3781 Chri·

391 3831 402 3867 c
426 3806 483 3885 Ego
497 3814 523 3867 in
538 3813 678 3869 altissimis
699 3813 835 3881 lrabitavi,
849 3823 878 3872 et
897 3815 1011 3872 thronus
1031 3832 1109 3873 meus
1126 3816 1153 3873 in
1206 3828 1265 3875 stus
1277 3818 1306 3873 in
1321 3817 1405 3888 gloria
1420 3827 1462 3872 est
1476 3815 1525 3871 Dei
1541 3816 1630 3872 Patris
1645 3814 1729 3887 (Plril.
1744 3816 1787 3884 ιι).
1805 3833 1815 3866 ι

361 3922 375 3958 c
392 3904 518 3961 columna
537 3904 625 3960 nubis.
644 3923 655 3957 ι
674 3904 823 3975 Utramque
844 3923 921 3961 suam
943 3917 1087 3975 naturam,
1101 3909 1153 3965 boc
1244 3927 1253 3960 c
1272 3908 1306 3963 Et
1322 3908 1349 3962 in
1363 3907 1407 3963 his
1422 3897 1547 3962 omnibus
1562 3906 1682 3976 requiem
1696 3905 1818 3975 quaesivi,
1832 3915 1861 3959 et
1872 3904 1898 3959 in
1914 3905 2001 3960 lraere·

359 4005 415 4062 cst,
430 3997 550 4052 ‹liriuam
564 4005 592 4051 et
604 3997 749 4051 hurnanam
764 3998 897 4067 sapientia
909 3998 957 4054 nei
970 3998 1094 4055 Christus
1106 4014 1154 4054 no-
1209 4000 1321 4055 ‹ditate
1342 3997 1401 4068 ejus
1421 3997 1560 4053 morabor.
1585 4016 1594 4048 ι
1616 3996 1646 4050 ln
1664 3995 1790 4051 omnibus
1812 3996 1935 4066 gentibus
1956 4012 1999 4051 re-

359 4087 405 4143 bis
419 4088 465 4143 hic
478 4087 645 4143 demonstrat
660 4105 666 4140 :
682 4086 802 4141 (lisinam
818 4086 942 4143 videlicet
955 4089 983 4143 iu
997 4105 1030 4144 eo
1043 4105 1098 4159 quo
1113 4089 1155 4145 di·
1205 4092 1296 4162 quiem
1314 4088 1473 4158 sibiquaerit
1488 4088 1633 4158 sapientia,
1648 4086 1711 4155 quia
1726 4099 1759 4139 ex
1774 4085 1900 4140 omnibus
1913 4087 1998 4156 genti·

359 4179 401 4234 eit
412 4193 443 4233 se
460 4178 488 4231 in
500 4176 639 4233 altissimis
655 4176 794 4242 babitare,
809 4176 861 4232 boc
879 4187 936 4242 est,
953 4194 1033 4249 supra
1046 4193 1154 4235 omnem
1205 4180 1256 4235 bus
1275 4186 1369 4234 sancta
1389 4184 1569 4247 congregatur
1591 4175 1728 4242 Ecclesia,
1751 4190 1811 4245 quae
1835 4175 1919 4231 electa
1941 4176 1999 4245 ejus

359 4272 533 4329 altimdiuem
545 4269 664 4325 caelestis
684 4268 758 4339 regui
777 4268 856 4323 simul
877 4283 939 4323 cum
954 4268 1033 4324 Patre
1050 4277 1077 4323 et
1090 4268 1153 4340 Spi-
1205 4268 1351 4326 baereditas
1362 4276 1419 4334 est,
1435 4267 1480 4322 ubi
1495 4266 1523 4321 in
1539 4266 1666 4322 seculrrm
1678 4265 1768 4321 saculi
1785 4265 1842 4335 ipse
1856 4274 1999 4335 permanet

360 4368 418 4423 ritu
431 4376 526 4420 saracto
541 4379 621 4417 unrrru
638 4363 722 4416 licum
741 4375 870 4431 regnare3
889 4360 1035 4415 bumauam
1050 4375 1113 4415 uero
1127 4361 1154 4415 ln
1205 4372 1232 4421 et
1243 4369 1348 4434 regam.
1364 4361 1404 4416 ne
1417 4376 1470 4430 qua
1484 4360 1541 4431 ipse
1551 4375 1600 4430 per
1612 4358 1784 4414 Psalmistam
1798 4358 1836 4412 ait
1852 4376 1859 4411 :
1878 4377 1887 4409 c
1904 4357 1996 4412 ssacc-

360 4473 396 4514 co
410 4471 464 4526 quo
479 4455 546 4510 dicit
565 4468 594 4508 se
611 4453 637 4506 in
651 4451 780 4519 polumna
799 4451 878 4506 nubis
896 4450 1022 4505 thronum
1042 4452 1153 4519 habere,
1205 4454 1276 4509 ditas
1289 4465 1348 4506 mea
1360 4449 1491 4521 praeclara
1501 4447 1617 4505 estmibi
1628 4446 1715 4518 (Psoi,
1727 4448 1789 4517 nr),
1805 4455 1856 4501 »et
1870 4446 1897 4500 in
1908 4446 1997 4501 lsaia:

359 4549 428 4622 quia
443 4562 541 4617 corpus
554 4544 625 4615 quod
639 4544 672 4597 de
687 4541 788 4613 Spiritu
802 4552 897 4598 saneto
908 4550 1068 4613 eortceptmn
1080 4543 1155 4614 ringo
1208 4564 1217 4597 c
1235 4543 1408 4608 Benedictus,
1421 4540 1521 4609 inquit,
1535 4537 1648 4609 populus
1662 4554 1739 4593 meus
1752 4536 1873 4608 AEgypti,
1890 4548 1918 4592 et
1932 4552 2000 4607 opus

359 4647 452 4697 mator
470 4636 572 4700 edidit,
593 4633 693 4688 nullius
710 4630 814 4702 peccati
827 4631 946 4700 pondere
958 4640 1154 4702 pergravatum
1206 4647 1333 4690 manumu
1348 4645 1471 4686 mearum
1487 4629 1614 4699 Assyrius
1632 4627 1704 4700 (lac.
1719 4626 1784 4686 ιιι)
1802 4646 1809 4681 :
1827 4646 1837 4679 ι
1854 4627 1999 4682 aaronitas

361 4742 424 4797 est,
441 4745 491 4785 nec
508 4736 677 4783 terrenarum
693 4739 784 4779 rerum
803 4722 984 4792 voluptatibus
998 4722 1153 4779 desideriis·
1166 4756 1194 4815 D
1207 4735 1295 4780 autem
1310 4738 1371 4778 mea
1385 4720 1478 4776 lsrael.

359 4838 417 4897 quc
440 4820 604 4891 obligatum,
630 4817 677 4871 scd
699 4830 816 4885 superna
844 4814 943 4867 virtute
968 4812 1152 4868 sublimatum.
1245 4813 1348 4868 «Tune
1360 4812 1489 4883 precepit
1504 4818 1531 4866 et
1545 4809 1690 4867 dixitmibi
1704 4816 1806 4864 creator
1825 4807 1958 4872 onmium,
1970 4814 1999 4861 et

360 4915 491 4970 'lbmuus
512 4910 592 4979 regie
609 4906 747 4979 dignitatis
769 4904 895 4969 emicuit,
918 4904 944 4957 in
963 4918 1017 4973 quo
1035 4904 1154 4971 potentia
1210 4925 1220 4958 r
1239 4904 1286 4974 qui
1297 4903 1461 4967 creavitme,
1475 4901 1610 4972 requievit
1621 4900 1649 4954 in
1660 4898 1835 4955 tabernaculo
1847 4912 1917 4964 meo,
1930 4895 2000 4951 dixit

360 5003 515 5064 divinitatis
528 5001 618 5056 orunia
628 4997 728 5067 judicia
741 4979 789 5052 sua
804 5003 929 5066 potenter
942 4993 1060 5064 disponit
1073 5000 1155 5063 atque
1210 5015 1219 5048 ι
1240 4994 1305 5050 mibi
1325 4993 1375 5047 :ln
1389 4991 1472 5047 laceb
1486 4992 1622 5057 inhabita,
1638 4998 1666 5046 et
1683 4990 1709 5044 in
1729 4988 1810 5045 lsrael
1827 4986 1998 5051 haereditare,

360 5098 512 5171 dispensat.
527 5092 603 5161 Quod
621 5100 711 5145 autem
724 5088 811 5144 nubes
825 5101 935 5142 carnem
949 5085 1082 5156 significet
1096 5083 1156 5138 Sal·
1209 5104 1220 5138 r
1237 5094 1265 5141 ot
1281 5085 1308 5138 in
1327 5082 1420 5138 electis
1435 5082 1503 5136 meis
1519 5082 1597 5136 nritte
1617 5079 1733 5134 radices.
1751 5096 1761 5129 a
1778 5075 1847 5144 Quid
1867 5084 1910 5131 est
1927 5074 1999 5144 quod

360 5188 483 5253 catoris,
499 5183 617 5241 ostendit
633 5181 732 5246 lsaias,
752 5178 798 5233 ubl
818 5178 856 5233 all
876 5194 883 5230 t
907 5195 917 5228 r
938 5176 1008 5230 Eece
1025 5173 1155 5227 Dominus
1207 5175 1273 5231 dicit
1285 5171 1424 5242 Sapientia
1445 5170 1497 5226 sibi
1515 5178 1666 5225 creatorem
1685 5169 1805 5223 onmium
1824 5166 1995 5238 precepisse,

361 5277 493 5336 ascendet
507 5289 589 5345 super
603 5270 701 5325 nubem
718 5269 819 5329 leuem,
836 5273 864 5321 et
884 5264 1050 5334 ingredietur
1069 5260 1153 5332 AEgy·
1207 5264 1259 5320 nisi
1269 5262 1341 5332 quod
1352 5260 1436 5314 lilius
1446 5260 1593 5316 seeundum
1608 5259 1801 5313 humanitatem
1814 5254 1936 5325 intelligit
1946 5255 1999 5310 silai

361 5378 454 5441 ptum,
467 5371 495 5419 ct
503 5350 689 5417 inurebantur
701 5357 844 5413 simulacra
857 5353 993 5424 AEgyptia
1007 5351 1075 5406 iacle
1086 5349 1154 5418 ejus,
1208 5353 1316 5409 Patrem
1329 5348 1458 5418 majorem
1470 5349 1547 5404 esse?
1560 5347 1636 5404 Unde
1646 5345 1826 5416 subjungitur,
1843 5365 1851 5397 c
1867 5346 1913 5416 quai
1923 5361 2000 5401 crea-

362 5466 394 5512 et
406 5471 455 5511 cor
472 5452 580 5524 AEgypti
598 5450 717 5505 tabescet
736 5448 763 5501 iu
786 5445 875 5501 medio
891 5442 950 5511 ejus
969 5442 1037 5514 (lac.
1056 5441 1124 5509 ms).
1143 5458 1153 5491 t
1207 5444 1247 5497 uit
1260 5458 1314 5508 me,
1328 5442 1424 5510 inquit,
1441 5440 1609 5510 requievitin
1623 5438 1798 5494 tabernaculo
1808 5454 1878 5494 nrco.
1896 5438 1999 5492 »Crea-

363 5546 431 5602 llaec
445 5559 509 5615 ergo
524 5540 664 5613 prophetia
683 5538 717 5592 ad
731 5535 879 5595 Salvatoris
894 5543 1014 5604 tenrpora
1029 5531 1155 5596 refertur,
1209 5550 1239 5588 re
1254 5533 1327 5587 euim
1341 5532 1399 5596 liei,
1416 5538 1457 5586 cst
1470 5530 1630 5600 sapientiam
1646 5528 1776 5597 unigeniti
1790 5526 1861 5591 Filii,
1876 5522 1999 5579 humaui-

363 5636 476 5708 quaudo
491 5633 612 5689 ascendit
625 5645 706 5701 super
719 5630 816 5686 anubem
831 5627 932 5690 leuem,
950 5626 976 5680 id
989 5633 1046 5690 est,
1059 5639 1156 5693 corpus
1210 5632 1292 5678 tatem
1302 5621 1431 5693 singulari
1439 5622 1558 5691 puritate
1567 5621 1600 5675 de
1611 5619 1713 5691 Spiritu
1726 5621 1996 5681 sauctocoucoptam,

365 5730 537 5791 humanum,
562 5722 633 5793 quod
662 5735 697 5776 ex
723 5719 826 5789 uirgine
853 5724 1056 5786 assurnpsecat,
1084 5713 1157 5769 nullo
1208 5716 1331 5772 cellaria
1346 5716 1450 5786 virgine
1465 5713 1564 5769 editam
1580 5726 1723 5781 procreare
1739 5725 1746 5762 ε
1762 5712 1860 5778 qnaeet
1874 5703 1998 5757 taberna.

365 5809 710 5873 humanaeeommistionis
729 5810 833 5864 semine
861 5814 1076 5877 praegravatum
1101 5805 1158 5859 sive
1209 5807 1299 5862 culum
1314 5820 1368 5860 uon
1385 5803 1520 5858 immerito
1534 5802 1586 5856 dici
1604 5808 1708 5869 potest,
1723 5797 1786 5865 qrria
1806 5790 1953 5848 secundum
1971 5790 1997 5844 id

366 5912 472 5986 quanda
491 5910 561 5965 trube
576 5908 626 5963 lori
643 5912 766 5977 portatus
780 5902 834 5966 sit,
849 5901 874 5955 id
891 5908 933 5954 cst
948 5913 1062 5965 corpore
1075 5896 1158 5967 virgi·
1210 5896 1282 5967 quod
1296 5902 1378 5963 caput
1391 5900 1433 5947 est
1447 5891 1568 5959 eorporis
1581 5888 1717 5950 Ecclesiae,
1734 5878 1935 5984 laberpaculunr
1950 5877 1997 5980 lici

369 6003 442 6071 nali,
458 6017 484 6057 ⁰1
499 6005 532 6057 li
553 5994 775 6071 ingiffissffltlns
795 5990 1036 6060 omresdarnoncs
1054 5997 1160 6043 contre·
1212 5997 1267 6055 est,
1287 5987 1314 6041 in
1332 6000 1385 6055 quo
1397 5983 1559 6053 complacuit
1573 5994 1679 6036 onlnem
1694 5972 1888 6047 plenitudinem
1902 5970 1926 6026 d.
1981 5999 1994 6020 .-
2034 6061 2043 6076 Ι
