4709 6767
439 587 511 645 ltt55
760 584 790 641 B.
810 584 937 641 utunttt
955 583 1066 642 stabnt
1085 584 1246 641 nuctttssu.
1267 581 1422 639 uocum.
1440 579 1694 640 OPERUH‘PARS
1713 584 1733 639 Ι.
2015 589 2075 645 itia

438 704 510 759 enim
523 703 702 760 Paterrestcr
715 697 845 763 coelestis,
858 697 922 768 quia
935 698 1114 778 hisomnibus
1128 696 1233 765 indige·
1246 698 1271 758 Α
1287 712 1297 746 ι
1312 694 1403 751 adbuc
1422 694 1522 750 ralemi
1538 694 1662 765 accipere
1678 695 1784 753 cibum!
1806 717 1816 750 ι
1834 698 1888 765 Qui
1901 700 2075 771 prosperitate

439 795 485 849 tis.
496 791 612 859 Quaerite
628 798 718 844 autem
734 789 849 858 primum
873 803 987 860 regnum
998 787 1233 859 lleietjustitiam
1285 781 1472 852 hujusmundi
1498 790 1527 837 et
1541 783 1697 838 divitiarum
1714 794 1822 855 quaestu
1848 786 1996 854 innititur,
2012 806 2074 849 rum

438 882 508 952 ejus,
519 893 546 935 et
559 879 717 936 haecomnia
733 878 894 946 adjicientur
909 878 985 932 robis
998 874 1106 950 (llcttb.¹
1119 876 1195 949 ιι).ι
1284 874 1375 928 cauus
1392 874 1464 945 (quse
1482 874 1706 945 corporalisritae
1720 876 1856 931 terminus
1868 878 1927 948 est)
1942 892 2031 934 amara
2042 882 2073 938 illi

755 972 870 1028 cathT
888 970 920 1027 11,
1284 977 1345 1018 esse
1361 962 1478 1027 videtur,
1497 962 1561 1033 quia
1571 962 1635 1017 uitae
1648 961 1746 1018 latina*¹
1760 965 1861 1036 qaudia
1871 981 1971 1023 amare
1985 971 2072 1034 undu

510 1067 549 1120 lle
562 1066 713 1136 indigentie
724 1064 830 1117 mireris
842 1072 865 1116 et
878 1062 1045 1116 dememoria
1057 1060 1159 1115 mortis.
1284 1058 1472 1130 sedquoniam
1490 1059 1608 1114 mundus
1621 1060 1721 1116 transit
1736 1068 1765 1114 ct
1778 1062 2072 1135 wncupiscurtiaeias,

477 1178 486 1209 a
506 1158 567 1219 Fili.
581 1159 740 1227 intempore
759 1156 820 1209 ritae
839 1163 892 1208 tuae
914 1168 948 1208 ne
973 1152 1116 1223 indigeas:
1135 1151 1234 1207 melius
1284 1154 1437 1225 omnesqui
1452 1154 1567 1226 diligunt
1581 1153 1669 1221 illum,
1684 1156 1712 1211 iu
1731 1154 1842 1211 deiectu
1869 1157 1933 1227 ejus
1949 1157 2072 1231 plausu.

441 1270 451 1300 r
470 1258 512 1303 est
525 1250 596 1302 enim
611 1248 681 1302 rnnri
704 1262 784 1316 quam
798 1245 929 1316 indigere.
948 1264 958 1297 ι
980 1243 1115 1299 Admonet
1126 1259 1176 1298 uos
1190 1259 1234 1299 sa·
1286 1244 1363 1301 Unde
1376 1244 1404 1299 in
1418 1243 1579 1315 Apocalypsi
1593 1252 1655 1314 post
1667 1245 1875 1301 subversionem
1888 1248 2022 1318 spiritalis
2031 1250 2073 1305 ba·

439 1340 551 1409 pientia,
566 1353 600 1393 ne
614 1354 663 1408 per
684 1336 848 1391 otiositatem
866 1335 1013 1405 perdamus
1036 1343 1141 1405 tempus
1156 1334 1235 1391 nobis
1285 1332 1401 1405 buloniae
1414 1332 1544 1401 scripturn
1566 1333 1701 1402 est,quod
1726 1333 1894 1403 plangerent
1908 1349 1993 1406 super
2012 1337 2073 1393 illan

439 1430 584 1491 indultum.
603 1429 651 1485 scd
677 1429 761 1498 magis
776 1427 929 1482 laboremus
947 1435 1021 1481 recte
1031 1427 1179 1490 credendm
1194 1426 1236 1480 in·
1285 1438 1381 1479 onmes
1394 1439 1473 1493 reges
1486 1432 1576 1488 terrae,
1587 1423 1633 1492 qui
1645 1437 1708 1477 cum
1725 1421 1770 1477 illa
1783 1422 1917 1479 fornicati
1932 1433 2005 1492 nat,
2016 1428 2075 1482 etia

438 1530 512 1577 tente
525 1520 611 1592 legem
625 1519 672 1574 llei
686 1518 842 1573 meditando
854 1527 936 1586 atque
951 1518 1020 1572 bene
1041 1518 1191 1587 operando,
1205 1523 1237 1572 ut
1286 1514 1390 1570 deliciis
1404 1514 1552 1578 riserunt,
1581 1513 1721 1568 dieentes:
1738 1531 1748 1565 ι
1763 1513 1823 1577 vae,
1840 1528 1890 1578 ιω,
1910 1513 2010 1571 ciuitas
2030 1533 2074 1572 are

439 1612 483 1673 bic
494 1612 642 1666 babeamus
651 1624 715 1680 opcs
725 1609 866 1670 uirtutum,
877 1615 906 1661 ct
917 1606 944 1660 in
957 1604 1048 1663 iuuare
1062 1606 1144 1661 vitam
1155 1615 1236 1663 aeter·
1286 1619 1350 1674 gua,
1366 1601 1394 1657 in
1406 1617 1460 1672 qua
1480 1602 1579 1657 divites
1600 1600 1663 1658 iacti
1678 1610 1743 1657 suat
1754 1616 1853 1658 omncs
1867 1603 1918 1673 qui
1931 1602 2029 1660 hahart
2038 1621 2075 1660 n:-

439 1715 513 1755 nam.
527 1699 677 1755 bleliusest
697 1697 770 1753 enim
788 1711 804 1751 a
820 1695 1011 1766 praesentirita
1026 1696 1233 1759 citodecedere.
1286 1710 1335 1751 ves
1349 1694 1377 1750 io
1392 1694 1461 1749 mari
1481 1693 1515 1749 de
1528 1694 1622 1764 pretiis
1636 1692 1713 1763 ejus:
1728 1693 1861 1765 quoniam
1884 1710 1942 1751 una
1965 1696 2074 1751 honde

438 1808 520 1863 quatu
531 1791 577 1848 bic
591 1790 637 1846 diu
649 1789 780 1844 inutiliter
792 1788 893 1852 rivere,
906 1786 970 1857 quia
980 1786 1103 1842 otiositas
1114 1786 1235 1842 diuturni
1287 1785 1374 1842 solata
1389 1794 1432 1841 est
1453 1782 1546 1857 (Apes.
1565 1784 1656 1855 xviri).
1676 1805 1687 1837 ι
1701 1785 1841 1841 ceterum
1869 1786 1941 1856 qaid
1965 1786 2000 1845 dc
2017 1804 2073 1859 paa-

439 1881 569 1951 temporis
582 1878 710 1948 meq'orem
726 1878 751 1932 in
774 1878 918 1933 tormentis
943 1878 1053 1933 habebit
1076 1876 1233 1933 vindictam.
1284 1875 1395 1946 peribus
1404 1873 1505 1931 Christi
1520 1882 1548 1930 et
1567 1874 1720 1931 haeredibus
1736 1875 1831 1931 sceau
1854 1879 1969 1933 uenturi
1991 1894 2074 1950 sequa·

440 1971 509 2027 llnic
523 1969 665 2026 sententiae
690 1967 778 2023 simile
800 1975 842 2023 cst
865 1967 932 2022 illud
946 1967 1018 2037 quod
1042 1967 1070 2022 in
1088 1967 1234 2037 Evangelio
1286 1967 1504 2035 tnr‚audiamus.

440 2062 642 2130 scriptumest:
662 2077 672 2111 ι
693 2058 744 2124 Qui
756 2056 981 2112 scandalizaverit
992 2072 1075 2111 unum
1087 2056 1120 2111 de
1130 2056 1173 2112 bis
1183 2072 1232 2126 pu-
1247 2066 1270 2125 Β
1321 2078 1331 2111 ι
1348 2057 1371 2116 t)
1385 2074 1469 2123 nrors,
1481 2073 1561 2128 quam
1573 2057 1672 2113 bonum
1685 2058 1874 2131 estjudiciunt
1892 2068 1973 2114 tunm
1987 2058 2073 2114 bonini

440 2155 559 2225 sitlisqui
568 2155 646 2209 inme
656 2150 779 2215 creduut,
788 2148 1234 2220 expediteiutsuspeudaturmola
1288 2171 1298 2203 r
1312 2152 1458 2223 indigenti3
1475 2152 1560 2221 etqui
1573 2152 1723 2206 minoratur
1736 2152 1854 2217 uiribus,
1869 2152 1984 2207 aieieeto
1995 2163 2073 2218 atate

440 2244 558 2300 asinaria
572 2244 599 2298 in
614 2240 683 2298 collo
705 2241 774 2309 eius,
785 2248 814 2295 et
826 2239 999 2310 demergatur
1022 2238 1050 2293 in
1069 2237 1234 2307 pmlundum
1287 2260 1297 2293 ι
1313 2249 1342 2297 et
1354 2242 1397 2297 cui
1407 2241 1578 2297 deomnibus
1590 2256 1656 2296 eura
1669 2249 1727 2307 est;
1751 2250 1780 2298 et
1794 2242 1956 2298 incredibili
1969 2245 2014 2311 qai
2024 2260 2073 2315 par·

440 2336 525 2391 maris
538 2333 645 2405 (llattlt.
662 2332 752 2401 xrrtt).
769 2349 779 2381 ι
795 2329 909 2401 Expedit
924 2337 1015 2384 autem
1028 2328 1054 2384 ei
1079 2328 1155 2393 dicit,
1170 2328 1235 2398 quia
1288 2350 1298 2384 ι
1313 2332 1353 2387 dit
1366 2332 1537 2402 patientiam!
1557 2349 1567 2382 ι
1585 2329 1687 2386 nonum
1699 2339 1742 2386 est
1761 2346 1830 2403 ergo
1843 2332 2001 2389 cultoribm
2008 2333 2073 2390 Chri·

439 2425 526 2481 multo
542 2423 634 2478 utilius
647 2429 689 2477 est
703 2420 843 2476 innoxium
871 2433 952 2490 poena
971 2420 1096 2489 quamvis
1120 2419 1236 2474 atrocis·
1285 2421 1320 2477 sti
1333 2420 1458 2476 meditari
1483 2418 1618 2487 judicium
1643 2420 1740 2475 mortis
1763 2421 1940 2492 praeseutia,
1963 2423 2073 2493 quonian

440 2515 520 2578 sima,
529 2511 670 2583 temporali
681 2519 781 2575 tamen,
791 2510 873 2565 vitam
887 2508 965 2565 tinire
975 2523 1235 2579 corpoream,quam
1284 2526 1334 2583 per
1348 2511 1436 2581 ipsum
1449 2519 1592 2566 transeunt
1605 2509 1638 2565 ad
1652 2510 1736 2564 uitam
1746 2520 1898 2579 cateruam,
1913 2513 1964 2582 qui
1987 2528 2073 2585 paupr-

440 2604 562 2661 laedendo
573 2601 685 2658 fratrem
696 2610 812 2657 mortem
824 2600 922 2655 animae
935 2601 1036 2656 mereri
1047 2608 1216 2671 perpetuam.
1286 2618 1331 2660 res
1343 2610 1407 2658 sunt
1420 2609 1448 2656 et
1460 2601 1612 2673 indigentes
1629 2601 1656 2656 in
1671 2602 1753 2659 rebus
1764 2604 1903 2671 terrenis,
1923 2620 1988 2661 cum
2000 2610 2074 2663 mnia

479 2694 552 2749 «Vir
563 2693 710 2764 respiciens
727 2694 754 2747 in
771 2708 891 2747 mensam
903 2692 1030 2758 alienam,
1044 2708 1097 2748 uon
1121 2701 1164 2749 cst
1180 2692 1236 2747 uita
1285 2706 1335 2749 sua
1357 2690 1559 2762 dereliquerunt
1590 2700 1701 2762 propter
1725 2692 1893 2763 Christum,
1922 2697 2075 2753 mittamur

443 2804 453 2837 a
467 2783 526 2855 ejus
539 2785 567 2839 in
580 2783 742 2854 cogitatione
754 2784 860 2839 rictus:
876 2783 925 2838 alit
935 2784 1008 2840 euim
1028 2784 1146 2839 animam
1157 2798 1235 2839 suam
1285 2783 1391 2839 uiribus
1405 2802 1411 2837 :
1427 2782 1554 2853 quoniam
1569 2782 1709 2840 humiliter
1720 2785 1888 2853 sentientes,
1907 2804 1965 2844 nnn
1978 2789 2011 2845 de
2021 2788 2073 2844 riri·

444 2894 454 2927 ι
471 2877 540 2933 cibis
549 2876 655 2931 alienis.
669 2894 680 2929 ι
696 2873 814 2930 Stultum
829 2883 872 2931 est
887 2890 952 2947 ergo
967 2883 997 2931 ut
1010 2875 1125 2947 quilibet
1138 2882 1237 2934 semet·
1286 2878 1338 2934 bus
1358 2876 1487 2948 propriis,
1501 2875 1549 2931 sed
1574 2876 1608 2931 de
1630 2876 1751 2947 potentia
1762 2876 1915 2934 confidunt
1934 2879 2075 2942 Salutaris

442 2966 530 3037 ipsum
544 2966 656 3021 inbona
669 2964 828 3036 operatione
848 2979 977 3022 exercere
997 2964 1135 3037 negligat,
1155 2973 1183 3021 et
1202 2964 1237 3021 de
1286 2969 1332 3040 qui
1347 2968 1577 3033 deficiuntcetate,
1593 2967 1655 3037 quia
1677 2966 1705 3022 in
1723 2976 1801 3023 recta
1825 2978 2011 3039 perseverant
2028 2985 2077 3025 cas

442 3059 530 3115 alieno
545 3058 638 3115 labore
663 3057 715 3114 sibi
730 3058 883 3114 mercedem
908 3064 1031 3127 quaerat,
1060 3071 1121 3113 eum
1145 3053 1236 3124 justus
1286 3059 1447 3116 versatione
1459 3058 1498 3113 lle
1514 3071 1629 3127 quorum
1647 3071 1701 3113 uno
1717 3056 1744 3112 ia
1756 3057 1863 3115 Genesi
1877 3061 2014 3133 scriptam
2025 3069 2074 3117 ert:

440 3148 522 3220 judex
535 3147 680 3217 unicuique
702 3146 797 3204 reddat
820 3148 970 3203 secundum
987 3161 1069 3217 opera
1083 3161 1143 3202 sua.
1158 3145 1236 3203 Unde
1289 3169 1299 3202 t
1314 3149 1436 3205 Fuemnt
1449 3156 1539 3204 autem
1554 3146 1613 3203 dies
1631 3148 1695 3202 nitae
1711 3146 1973 3214 Abrahae‚ceotnm
1984 3160 2076 3222 septua-

441 3242 469 3296 in
484 3239 630 3309 Evangelio
644 3237 733 3295 stulte
750 3238 890 3310 uirgines,
913 3253 974 3309 que
996 3253 1061 3295 uasa
1076 3254 1125 3295 sua
1149 3253 1236 3294 uacua
1286 3241 1359 3313 pinta
1374 3238 1495 3310 quinque
1508 3237 1573 3293 anni
1586 3255 1593 3291 ε
1608 3245 1637 3293 ct
1649 3237 1778 3295 deiciens
1794 3249 1929 3298 mortuns
1944 3252 1988 3299 est
2003 3245 2026 3299 ia
2042 3258 2076 3297 rr·

440 3334 600 3405 gestabant,
623 3339 653 3387 et
675 3345 691 3386 a
710 3330 890 3401 pmdentibus
911 3329 1002 3387 oleum
1030 3328 1234 3394 mendicabant,
1287 3337 1396 3385 nectute
1421 3329 1514 3392 bona,
1541 3335 1729 3398 promotoque
1750 3329 1854 3396 aetatis,
1871 3340 1904 3387 et
1927 3332 2076 3404 pletrude

441 3426 582 3482 dicentes:
600 3441 610 3474 ι
628 3422 695 3478 bate
708 3421 788 3477 nobis
798 3420 833 3477 de
846 3420 907 3477 olco
930 3429 1032 3485 vestm,
1047 3418 1111 3490 qnia
1130 3418 1236 3488 lampa·
1249 3416 1273 3479 C
1288 3436 1348 3475 rum
1361 3416 1439 3492 (Gen.
1454 3418 1531 3490 ιιι).
1546 3438 1557 3473 ι
1572 3416 1695 3485 Quibus,
1716 3419 1820 3490 inquit,
1836 3419 1873 3477 de
1885 3422 2015 3480 omnibtra
2025 3438 2076 3479 can

441 3517 491 3571 des
504 3524 603 3571 trostrae
613 3513 841 3584 exstinguuntur:
861 3530 871 3563 ι
888 3510 942 3566 tale
958 3511 993 3566 ab
1013 3511 1053 3566 eis
1068 3510 1238 3579 accipiebant
1288 3520 1349 3567 est:
1365 3510 1408 3565 illa
1422 3510 1633 3577 videlieetcura,
1647 3516 1677 3564 ut
1694 3509 1789 3565 omnia
1813 3512 1951 3569 mandata
1966 3514 2011 3571 llei
2026 3528 2076 3569 ets

442 3619 602 3677 responsum
617 3621 624 3658 :
645 3621 655 3655 ι
671 3600 710 3657 Ne
724 3600 795 3657 lorte
810 3616 864 3656 non
879 3599 996 3656 sufficiat
1009 3599 1088 3655 nobis
1102 3607 1130 3653 et
1142 3598 1235 3664 robis,
1288 3608 1405 3666 servent,
1421 3600 1480 3658 sire
1494 3608 1524 3655 ut
1536 3600 1668 3671 proximis
1681 3601 1738 3657 suis
1759 3611 1903 3671 quantum
1915 3607 2018 3675 possint
2027 3621 2073 3676 pm

442 3695 480 3751 ite
492 3694 582 3764 potius
596 3694 630 3750 ad
647 3692 807 3759 uendentes,
821 3700 849 3748 et
864 3691 948 3747 emite
961 3690 1048 3748 vohis.
1064 3691 1132 3747 llum
1146 3701 1238 3747 autem
1288 3693 1366 3749 desae
1387 3691 1525 3748 festinent.
1549 3690 1588 3747 lle
1598 3706 1651 3763 qno
1665 3690 1765 3747 Paulus
1780 3693 1843 3749 ait:
1862 3712 1874 3746 ι
1887 3694 2018 3752 lrrstantia
2029 3710 2075 3750 nra

442 3788 516 3843 irent
531 3800 631 3853 emere,
644 3786 720 3842 venit
731 3800 857 3856 sponsus,
875 3793 904 3840 et
920 3800 981 3858 quae
990 3793 1093 3856 paratae
1107 3794 1187 3842 erant
1197 3786 1239 3840 in·
1288 3785 1446 3857 quotidiana
1473 3784 1625 3843 sollicitudo
1650 3785 1774 3849 omnium
1799 3787 2001 3845 eeclesiarum.
2014 3810 2023 3843 ι
2037 3790 2076 3859 pai

442 3885 659 3934 trareruntcum
671 3891 705 3933 eo
725 3876 759 3932 ad
773 3875 899 3947 nuptias,
920 3882 949 3931 et
968 3874 1061 3932 clausa
1089 3882 1132 3931 est
1154 3873 1239 3944 ianua
1288 3877 1461 3935 incredibiles
1471 3885 1544 3945 snut,
1557 3877 1620 3949 quia
1632 3892 1684 3933 nou
1694 3880 1876 3936 consentiunt
1888 3885 2073 3954 erroriem

443 3970 553 4043 (llattlt.
566 3970 640 4041 xxv).
656 3967 799 4039 »liecjam
817 3968 887 4023 ultra
909 3966 1029 4023 intrandi
1043 3966 1159 4026 facultas
1186 3967 1239 4025 illis
1289 3968 1360 4025 lidiae
1375 3967 1576 4034 haeretieorum,
1591 3968 1709 4039 perdunt
1722 3970 1895 4040 sapientiam
1916 3975 2075 4045 mundique

442 4060 567 4126 tlatbatur,
582 4074 642 4130 quae
663 4067 766 4131 paratae
788 4057 823 4113 ad
845 4057 953 4129 nuptias
974 4072 1036 4115 cum
1054 4057 1163 4114 caeteris
1184 4072 1239 4114 non
1290 4056 1404 4113 stultitia
1415 4065 1459 4113 est
1481 4057 1551 4129 apud
1568 4057 1723 4125 bominum,
1737 4067 1769 4113 ut
1786 4073 1857 4117 rere
1874 4062 1934 4118 sint
1948 4065 2074 4137 rapsatur,

443 4150 650 4206 inveniebantur
1290 4149 1364 4205 illam
1389 4150 1544 4207 haurientes
1565 4151 1847 4224 sapientiamque
1872 4156 2017 4215 desum
2032 4166 2072 4224 sq

481 4258 490 4291 ι
510 4236 559 4293 Vir
582 4248 672 4294 autem
695 4237 881 4310 disciplinatus
904 4246 933 4295 et
957 4239 1079 4296 eruditus
1104 4238 1241 4295 custodiet
1289 4243 1457 4310 descendens
1476 4257 1492 4297 a
1516 4243 1598 4299 Patre
1620 4243 1764 4300 luminum.
1785 4246 1854 4303 ille
1871 4265 1931 4320 qno
1951 4250 2075 4323 Apostobs
2114 4285 2118 4292 ·

446 4345 456 4380 ι
475 4343 515 4385 se.
533 4346 543 4380 a
561 4326 702 4383 Custodiet
715 4327 807 4397 itaque
829 4344 858 4385 se
881 4344 915 4384 ne
934 4330 1037 4386 otiosus
1061 4332 1098 4385 sit
1117 4338 1241 4400 tempore
1290 4333 1550 4399 hortatur,dioens:
1569 4352 1579 4385 ι
1598 4335 1820 4405 Siquisnidetnr
1834 4338 2074 4415 interamnates

442 4428 606 4488 opportuno,
625 4417 652 4472 in
680 4431 734 4487 qum
759 4416 822 4473 lieet
845 4418 970 4489 operari,
998 4435 1033 4475 ue
1046 4420 1109 4474 durna
1134 4427 1241 4490 tempus
1290 4438 1362 4491 esse,
1376 4424 1475 4481 stultus
1489 4424 1577 4481 liatut
1590 4426 1626 4482 sit
1646 4426 1754 4497 sapiens
1778 4427 1889 4505 (icor.
1907 4433 1940 4505 ι).
1955 4434 2073 4505 serpe

442 4509 575 4580 preterit,
601 4508 691 4578 inopia
706 4516 892 4575 consumatur,
907 4509 955 4566 sed
980 4510 1068 4581 uragis
1090 4524 1140 4580 pro
1160 4508 1240 4566 bonis
1291 4513 1364 4568 niam
1376 4529 1451 4570 mors
1472 4515 1564 4571 carnis
1586 4515 1710 4573 tidelibus
1723 4516 1828 4575 Chrisd
1852 4538 1911 4579 non
1932 4533 1976 4581 ast
1998 4525 2073 4581 iorni

443 4600 550 4657 actibus
566 4600 706 4671 multiplici
724 4600 848 4656 mercede
860 4601 977 4667 ditetur;
994 4602 1066 4658 sicut
1085 4617 1181 4658 servm
1196 4600 1241 4657 ille
1292 4600 1389 4666 danda,
1402 4602 1450 4659 sed
1462 4603 1550 4675 magis
1563 4618 1613 4674 per
1635 4604 1721 4675 ipsam
1738 4606 1774 4662 ad
1792 4609 1917 4679 quietem
1931 4616 2071 4670 viseum

444 4690 625 4763 evangelicus,
637 4690 711 4761 quia
728 4690 842 4747 homino
867 4705 916 4747 suo
938 4691 1059 4763 quinque
1074 4691 1174 4748 talenta
1191 4706 1239 4746 ae·
1273 4690 1423 4758 ,eundum
1437 4706 1499 4748 mor
1513 4693 1614 4760 subdit,
1630 4694 1742 4752 diceas:

444 4782 528 4854 cepit,
545 4782 608 4839 dum
620 4781 784 4854 negotiando
803 4782 862 4853 ejus
874 4782 1018 4853 pecuariam
1040 4763 1279 4853 multiplicaritl)
1329 4800 1339 4836 ι
1357 4777 1416 4840 Noli
1438 4790 1560 4841 metuere
1577 4784 1709 4856 judicium
1730 4787 1841 4843 mortis.
1872 4788 2006 4848 llememo
2025 4804 2070 4861 qn

444 4871 598 4927 mercedem
611 4870 690 4927 abeo
703 4870 841 4942 copiosam
851 4870 971 4941 suscepit
986 4888 993 4925 :
1009 4872 1055 4941 qui
1069 4878 1159 4925 autem
1169 4870 1240 4926 otio-
1292 4880 1380 4929 «ante
1393 4882 1420 4930 tc
1435 4873 1562 4941 luemnt,
1586 4882 1615 4932 et
1632 4890 1693 4945 quae
1712 4887 1917 4947 superventura
1940 4882 1996 4937 sint
2016 4881 2068 4935 tibi:

444 4974 475 5017 se
487 4959 617 5017 talentum
629 4959 680 5015 sibi
694 4960 869 5016 commissum
879 4960 1007 5027 servarit,
1018 4960 1047 5015 in
1058 4968 1180 5031 tempore
1194 4975 1238 5017 re·
1292 4982 1302 5018 t
1318 4964 1511 5034 boejudieium
1522 4965 1663 5022 allomino
1675 4969 1750 5023 omni
1762 4970 1852 5026 carui.
1871 4971 1908 5027 Et
1920 4987 1983 5044 quse
1993 4988 2068 5043 super·

445 5051 602 5107 tributionis
620 5065 670 5122 pro
689 5050 829 5107 otiositate
847 5064 896 5105 sna
910 5064 926 5106 a
941 5049 1055 5106 llomino
1070 5064 1165 5122 poenas
1182 5049 1237 5107 sol·
1292 5074 1302 5108 ι
1318 5056 1428 5112 uenient
1442 5054 1492 5111 tibi
1506 5056 1534 5111 in
1548 5054 1717 5128 beneplacito
1728 5057 1887 5117 ditissimi?
1909 5060 1974 5119 Sive
1985 5063 2066 5119 ten.

445 5142 603 5213 uitlllattlr.
619 5142 694 5217 ur).
712 5142 787 5200 Unde
801 5150 830 5199 et
844 5142 989 5213 sequitur:
1295 5164 1305 5198 r
1322 5146 1381 5201 sire
1395 5153 1513 5210 centum,
1522 5146 1580 5202 sire
1593 5146 1667 5203 mille
1678 5148 1735 5204 siut
1747 5150 1823 5206 anui.
1835 5150 1900 5208 Non
1912 5155 1985 5211 enirn
1999 5154 2022 5210 ia
2037 5152 2066 5205 ir

483 5251 493 5285 ι
510 5233 539 5288 ln
552 5249 601 5291 ore
623 5234 788 5306 impudentis
812 5233 1017 5292 condulcabitur
1030 5233 1140 5305 inopia,
1164 5242 1193 5291 et
1213 5233 1241 5291 in
1295 5253 1305 5289 t
1319 5233 1396 5292 terno
1405 5236 1543 5292 accusatio
1556 5237 1650 5292 ritae.»
1666 5237 1725 5294 Non
1735 5247 1778 5296 eet
1788 5241 1864 5298 carim
1872 5243 2004 5315 judicium
2014 5255 2066 5297 arrr-

449 5342 459 5375 ι
474 5334 570 5381 rentre
581 5326 640 5398 ejus
663 5327 732 5399 ignis
746 5327 863 5385 ardebit.
879 5346 889 5382 r
905 5326 956 5384 Cui
975 5326 1049 5384 enim
1062 5326 1142 5385 modo
1153 5325 1243 5399 placet
1292 5326 1328 5382 tis
1341 5326 1496 5397 temporalis
1507 5326 1774 5395 formidandum,sed
1787 5330 1833 5388 ilie
1845 5334 1942 5404 potius
1953 5333 2066 5391 umal:

446 5415 718 5487 magtsdestuteouo
730 5425 840 5488 torpere
851 5433 933 5489 quam
946 5417 1243 5488 verbodoctrinaepro·
1291 5423 1348 5483 est,
1368 5417 1414 5487 qui
1437 5416 1521 5473 habet
1538 5426 1702 5489 potestatem
1725 5419 1790 5477 ritae
1811 5431 1840 5477 et
1856 5426 1972 5491 mortis,
1984 5423 2066 5480 clares

429 5507 528 5587 simis
539 5505 678 5577 prodesse,
694 5509 722 5563 in
736 5508 826 5565 lutura
844 5524 924 5580 poena
939 5511 1131 5566 ardensetiam
1148 5511 1239 5581 poeni-
1293 5509 1382 5581 abyssi
1406 5517 1435 5565 et
1456 5509 1667 5566 dominationem
1690 5509 1801 5569 interni.
1821 5512 1864 5570 be
1882 5531 1939 5587 qno
1957 5514 2065 5585 soiptn

446 5598 538 5655 tentiae
559 5597 697 5655 doloribus
715 5600 743 5655 in
765 5600 856 5656 animo
877 5605 1010 5657 minante
1035 5601 1094 5658 sine
1118 5603 1241 5660 remedio
1292 5610 1353 5657 est:
1374 5600 1531 5657 «hominus
1546 5600 1693 5657 mortificat
1713 5608 1742 5657 et
1759 5602 1900 5673 viviticat,
1922 5604 2023 5663 deducit
2040 5598 2066 5656 at

446 5690 621 5748 crueiabitnr.
1293 5694 1394 5752 interos
1407 5702 1435 5751 et
1449 5693 1554 5751 reducit
1570 5693 1598 5767 (l
1610 5692 1676 5764 lisq.
1689 5695 1733 5767 ιι).
1751 5713 1762 5748 ι
1785 5693 1857 5752 ilinc
1870 5705 1900 5752 et
1911 5697 1968 5769 ipsa
1979 5693 2066 5752 tetta

482 5779 559 5851 (Car.
574 5780 642 5856 mr.)
662 5801 672 5836 ι
694 5781 815 5849 (imore,
831 5796 912 5853 mam
931 5796 1025 5839 amara
1039 5790 1081 5840 est
1107 5784 1239 5840 memoria
1292 5785 1431 5856 discipulis
1443 5784 1500 5840 suis
1513 5785 1571 5840 ait:
1589 5802 1599 5836 ι
1624 5783 1712 5841 Nolite
1722 5784 1820 5841 timere
1835 5788 1943 5859 eosqui
1961 5783 2066 5843 cedrini

449 5888 459 5924 ι
475 5879 521 5927 tua
534 5872 636 5929 homini
650 5889 744 5946 paoem
758 5874 867 5931 habenti
882 5874 911 5930 in
923 5874 1085 5932 substantiis
1102 5876 1239 5941 suis,riro
1292 5891 1402 5947 corpus,
1418 5875 1537 5931 animam
1551 5884 1641 5930 autem
1667 5889 1721 5930 non
1746 5886 1866 5947 possum
1886 5876 2019 5937 occideret
2029 5868 2065 5927 Ν

449 5978 461 6012 a
475 5961 577 6033 quieto.
593 5971 622 6022 ut
637 5966 715 6036 cujus
727 5964 779 6022 uim
795 5966 905 6024 directe
918 5966 1019 6041 suntin
1030 5967 1197 6037 hominibus,
1210 5974 1240 6025 et
1291 5966 1381 6038 potius
1392 5980 1455 6021 cum
1468 5965 1560 6021 timete
1577 5963 1623 6036 qui
1639 5971 1728 6035 potest
1737 5964 1861 6022 antiniana
1873 5974 1902 6023 et
1915 5980 2008 6038 eorpus
2019 5976 2068 6032 prr·
