4709 6767
357 531 435 591 toea*
680 524 711 580 B.
729 519 858 579 tutundi
876 518 985 577 ttAbttt
1004 515 1164 575 ancittae.
1185 514 1341 575 uocum.
1360 514 1505 577 obnubit
1522 514 1613 573 huns
1633 514 1654 572 l.
1921 513 1995 571 tuot

354 656 463 715 semper
472 636 570 696 circuti
580 636 678 709 palmia
688 635 833 705 separisse
843 635 973 703 optimum
984 632 1070 695 duxit,
1081 646 1145 700 qua-
1158 638 1183 696 A
1197 631 1377 688 crudelissimi
1399 631 1471 702 regis
1485 630 1609 699 impietas
1626 628 1766 700 porcinam
1780 640 1892 684 cantem
1906 626 1936 681 ln
1951 642 1992 682 se·

354 741 435 787 teuus
455 723 620 783 indedeicuti
638 722 738 778 animae
748 722 819 778 uictu
839 720 957 776 nutritus
971 720 1069 774 tamem
1089 734 1143 774 non
1196 732 1306 779 peetute
1319 737 1369 778 sua
1382 723 1462 777 edere
1483 720 1605 792 regebat,
1621 718 1756 791 signifieat
1771 716 1900 789 populum
1915 715 1992 773 Chri-

355 822 470 879 sentiret
482 825 650 890 perpetuum·
1196 814 1327 878 suanum,
1341 828 1421 884 quem
1436 812 1596 868 Antichristi
1608 811 1712 866 seritis
1725 818 1790 900 ante
1798 810 1881 863 linem
1898 810 1994 864 mundi

391 910 474 967 Nobis
495 916 584 963 auum
604 905 685 961 lectio
704 913 812 960 actuum
833 903 909 958 ludo
924 902 960 957 ita
975 901 1144 958 solummodo
1196 908 1229 961 ad
1243 906 1421 962 idololatriam
1434 914 1514 978 atque
1526 903 1683 973 spurcitiam
1698 901 1761 956 ritae
1774 909 1940 956 cottrcrtcre
1953 916 1993 954 su·

354 1002 475 1076 pnthcit,
499 1001 521 1054 si
544 997 703 1053 constantiae
722 994 779 1063 ejus
802 1010 834 1049 ae
845 993 1009 1064 sobrietatis
1031 993 1146 1047 virtutes
1198 1006 1278 1068 tugen.
1293 999 1490 1068 interpretatur
1506 1006 1596 1051 autem
1612 995 1758 1051 Eleazarus
1773 994 1843 1049 oens
1858 1012 1934 1048 mens
1949 994 1994 1046 nn.

355 1091 457 1147 mtitari
470 1089 650 1151 voluerimus3
665 1082 716 1141 nce
728 1086 909 1155 praeponunus
922 1083 1032 1139 delicias
1052 1083 1145 1138 muudi
1192 1091 1279 1160 juror,
1293 1089 1364 1161 quim
1386 1105 1484 1145 numen
1497 1091 1636 1159 aptissime
1657 1088 1784 1159 contenit
1809 1087 1934 1143 bdelium
1950 1103 1994 1157 po

354 1199 387 1238 ae
401 1196 526 1253 pompam
541 1178 621 1248 hujus
631 1177 721 1234 seculi
733 1177 845 1248 justitiae
857 1184 884 1229 et
897 1175 1005 1230 ueritati
1018 1175 1074 1237 Dei,
1090 1190 1146 1229 me·
1196 1180 1269 1251 pulo,
1286 1182 1405 1249 quicum
1425 1179 1567 1234 Psulrnista
1585 1179 1699 1233 Domino
1712 1179 1803 1232 nicene
1829 1178 1907 1232 „nvn
1921 1195 1928 1230 :
1942 1176 1995 1228 nn.

355 1288 446 1329 mores
460 1285 566 1340 sempor
580 1269 650 1325 illius
663 1269 737 1324 vocis
754 1268 900 1322 Dominieae
920 1280 980 1334 qum
1002 1266 1059 1318 ait:
1075 1262 1145 1329 Quid
1193 1269 1270 1339 jutor
1284 1286 1356 1323 nteus
1371 1287 1397 1324 es
1412 1280 1452 1326 tu.
1467 1288 1497 1323 ne
1509 1268 1674 1339 derelinquas
1688 1285 1728 1322 me
1743 1266 1831 1340 (l’sai.
1844 1284 1913 1323 xxm
1927 1267 1953 1339 );
1971 1276 1996 1323 et

355 1365 424 1421 enim
436 1362 551 1433 proderit
563 1360 674 1423 homini,
684 1358 707 1412 si
720 1358 869 1410 uniuersum
881 1354 1007 1408 mundum
1019 1351 1144 1415 lucretur,

356 1456 451 1510 anima
464 1470 525 1508 uero
538 1469 594 1507 suoe
608 1450 792 1505 detrimentum
811 1448 928 1518 patiatur
949 1444 1055 1516 (Matth.
1070 1430 1146 1514 nulli

295 1589 299 1597 .
356 1548 389 1603 Et
409 1547 506 1602 iterum
520 1563 527 1597 ε
543 1542 595 1610 Qui
608 1551 679 1597 amat
692 1541 809 1595 animum
825 1555 902 1593 suurn
914 1537 1003 1607 perdet
1018 1554 1087 1603 eam,
1101 1538 1146 1607 qui

356 1638 411 1692 odit
424 1637 541 1690 ammam
553 1650 629 1688 suam
647 1633 675 1685 itt
697 1631 765 1685 hune
787 1628 914 1685 mundum
931 1628 959 1681 in
978 1627 1057 1681 uitam
1071 1635 1147 1681 uter-

357 1745 416 1783 nam
431 1727 544 1782 ettuodit
557 1742 615 1780 eant
629 1724 720 1796 (toan
733 1721 793 1795 tu).

671 1854 785 1911 CAPUT
805 1853 848 1910 vl.

358 1947 431 2002 dlrstt
444 1966 490 2001 reu
502 1957 529 2001 ut
544 1946 634 2002 iudet
647 1945 888 2012 compellerenturu
903 1944 957 2016 iege
974 1944 1033 2008 Dei,
1047 1954 1071 1999 et
1086 1960 1148 1999 con·

1199 1374 1317 1424 rursum,
1334 1358 1467 1413 biberetur
1479 1375 1562 1424 meus,
1578 1357 1648 1412 heus
1662 1375 1744 1423 meus,
1758 1356 1870 1428 sperabo
1886 1358 1916 1411 iu
1938 1375 1995 1411 eunt

1199 1448 1283 1522 (Psoi.
1303 1450 1386 1516 urnl3
1407 1452 1454 1506 sed
1477 1451 1547 1506 sicut
1565 1450 1722 1521 nequissimi
1742 1450 1817 1522 regis
1841 1450 1998 1504 immanitas

1199 1543 1356 1599 Eleazarum
1377 1543 1411 1598 ad
1425 1559 1501 1598 esum
1524 1543 1642 1612 porcinae
1660 1542 1751 1597 earnis
1770 1541 1939 1612 compellere
1951 1556 1998 1596 ne

1199 1636 1302 1706 quirit,
1316 1635 1353 1689 ita
1374 1649 1424 1688 nec
1436 1633 1583 1688 electorum
1597 1642 1696 1687 caetum
1719 1630 1881 1686 Anticlrristi
1898 1632 1998 1686 crude-

1199 1723 1262 1780 litas
1275 1724 1460 1780 contaminare
1480 1721 1572 1793 aliqua
1586 1720 1757 1778 immunditia
1771 1720 1829 1775 uilo
1845 1721 1932 1776 modo
1952 1736 1999 1791 po·

1201 1815 1275 1870 terit.

1504 1903 1619 1961 CAPUT
1638 1902 1692 1958 vlt.

392 2016 669 2087 tuntinnretemplunt.
689 2014 780 2069 intimi
806 2015 841 2070 uti
862 2016 993 2083 sucuficiu
1015 1996 1185 2069 idolorumss
1258 1997 1296 2051 ⁰⁶
1309 1997 1429 2066 l’sfflim
1442 2006 1539 2067 septem
1552 1996 1667 2066 inuium
1680 2003 1703 2049 0¹
1719 1996 1812 2048 'immi
1828 2011 1935 2049 emm·

391 2096 529 2159 eoguntur.
543 2086 583 2139 lle
596 2087 716 2156 passione
735 2085 850 2139 duarum
870 2085 1009 2140 mulierum
1030 2101 1089 2139 curn
1106 2084 1147 2138 itt-

392 2156 519 2226 t'untihus,
531 2165 555 2210 et
569 2155 708 2221 Eleozuri,

1234 2084 1348 2156 Contigit
1365 2095 1453 2140 nutem
1475 2095 1572 2156 septem
1585 2084 1680 2154 fratres
1700 2101 1759 2139 cum
1776 2095 1861 2139 matre
1881 2104 1932 2140 sua
1951 2105 1997 2156 np-

1198 2175 1337 2247 prehcnsos
1352 2173 1471 2244 compelli
1485 2190 1570 2243 crepe
1587 2173 1663 2229 edere
1676 2184 1768 2229 contra
1780 2175 1823 2245 [as
1834 2193 1929 2230 earnes
1937 2193 1996 2246 por-

392 2264 444 2321 set
466 2282 518 2320 uon
545 2274 602 2335 post
631 2262 743 2318 muitum
769 2263 966 2333 temporismisit
992 2280 1039 2319 reu
1062 2280 1148 2318 mrtem
1199 2267 1382 2337 sinuationem
1393 2275 1417 2321 et
1432 2266 1530 2320 taureis
1541 2267 1748 2331 cruciatos‚etc.
1769 2266 1839 2333 Quid
1856 2283 1907 2336 pcr
1927 2270 1996 2324 banc

356 2355 494 2431 quemdam
508 2354 707 2417 Antiochenam,
721 2354 767 2423 qui
782 2351 944 2423 compelleret
960 2352 1069 2407 tutans
1080 2361 1109 2406 ut
1121 2369 1148 2407 se
1200 2364 1314 2411 matrem
1332 2365 1434 2426 septem
1460 2354 1586 2423 filiorum,
1602 2356 1654 2411 nisi
1679 2358 1774 2411 matris
1801 2357 1935 2414 Ecclesia
1956 2359 1996 2415 le-

355 2444 527 2513 transserrent
541 2461 557 2497 u
571 2443 665 2513 patriis
677 2451 701 2496 et
716 2441 764 2496 Dei
779 2442 888 2511 iegibus,
903 2449 956 2496 etc.
973 2438 1036 2496 liaec
1054 2442 1147 2497 eadem
1199 2444 1334 2510 conditas,
1348 2460 1407 2516 qun
1419 2460 1469 2515 per
1489 2443 1655 2516 septiformis
1668 2444 1788 2516 Spiritus
1802 2450 1920 2518 gratiam
1934 2451 1995 2504 ado·

356 2536 383 2589 in
405 2534 475 2591 libro
502 2532 635 2604 superiori
660 2531 826 2597 reseruntur,
841 2532 913 2602 quod
929 2531 1078 2587 Antiochus
1101 2546 1150 2600 pet·
1199 2537 1288 2607 ptiros
1309 2537 1365 2593 Deo
1384 2537 1457 2591 Patri
1481 2536 1551 2591 lilios
1575 2545 1703 2608 generat,
1726 2537 1904 2609 designatur?
1927 2540 1995 2607 Ortus

356 2627 458 2698 legatos
470 2640 533 2681 suos
555 2624 778 2680 contaminaverit
793 2623 931 2694 templum,
946 2622 1104 2679 aedihcanuo
1121 2622 1149 2678 in
1199 2624 1326 2683 Antiochi
1344 2627 1436 2699 typici,
1457 2628 1508 2682 boe
1521 2636 1563 2683 cst
1580 2627 1759 2693 Antichristi,
1775 2630 1920 2694 atrocitas,
1937 2630 1996 2686 licet

352 2718 403 2774 illo
420 2717 519 2774 idolum
536 2715 710 2772 desolationis
726 2729 807 2786 super
821 2714 907 2770 altare
925 2713 989 2780 llei3
1006 2713 1083 2784 cujus
1096 2710 1151 2770 loci
1195 2727 1307 2788 patrum
1324 2734 1373 2790 per
1386 2719 1525 2773 ministros
1542 2733 1607 2773 suos
1620 2727 1727 2788 partum
1743 2735 1796 2791 per
1818 2721 1992 2790 semetipsum

356 2808 510 2880 allegoriam
524 2807 623 2862 ibidem
637 2807 786 2877 posuimus.
1201 2820 1214 2849 ⁸
1232 2810 1310 2865 simul
1331 2826 1393 2866 cum
1413 2819 1502 2865 matre
1522 2809 1638 2865 diversis
1658 2811 1828 2866 cruciatibus
1846 2812 1946 2875 laniet,
1963 2812 1994 2867 ad

392 2898 449 2953 Nec
463 2898 615 2968 simpliciter
628 2897 754 2952 Judaum
769 2914 795 2952 se
809 2914 864 2954 esse
882 2899 1021 2969 quisquam
1043 2897 1151 2966 eonfite—
1201 2901 1397 2972 blasphemiam
1411 2910 1501 2955 tamen
1520 2916 1567 2955 cos
1581 2915 1753 2971 nequaqnam
1776 2904 1940 2974 pertrahere
1952 2921 1995 2958 ra-

357 2990 445 3047 batur.
462 2987 632 3044 [lucelenter
651 2998 737 3042 autem
758 3006 817 3043 eum
838 3006 931 3043 aurata
949 2988 1099 3043 necessitate
1122 2989 1150 3042 itt
1202 2994 1644 3066 let.Quaeautembancmullerem
1656 2994 1983 3060 ettttiosejusprolaborc

356 3085 398 3135 dte
413 3079 509 3134 natulis
531 3080 598 3150 teuit
611 3079 646 3133 ud
660 3079 808 3149 sacrificiu,
829 3088 881 3135 ele·
898 3078 1025 3133 Liberum
1040 3076 1150 3133 Patrem
1198 3098 1280 3156 quem
1293 3088 1320 3140 iu
1333 3091 1459 3157 praesenti
1473 3089 1527 3140 rita
1541 3082 1664 3155 perpessi
1676 3090 1740 3136 suut
1752 3099 1862 3137 rtterces
1879 3095 1981 3138 inanest

357 3171 494 3226 domiuum
519 3169 576 3226 uini
600 3168 715 3241 gentiles
738 3173 798 3225 cs'se
820 3169 957 3232 dixerunt,
973 3164 1049 3236 cujus
1072 3181 1149 3221 saera
1201 3170 1228 3229 in
1243 3170 1438 3235 lutura,lsaias
1451 3171 1579 3236 ostendit,
1588 3169 1811 3236 dicenszbuuda,
1823 3172 1993 3242 stantiaque

356 3263 506 3320 Antiochus
520 3264 547 3318 in
561 3262 644 3318 natali
665 3279 714 3318 suo
733 3263 850 3318 maxime
871 3262 1001 3318 celebrari
1011 3259 1102 3327 iussit,
1117 3274 1150 3314 eo
1202 3280 1253 3318 non
1275 3263 1362 3333 puris,·
1379 3261 1490 3317 decanta
1509 3261 1615 3317 laudem
1628 3272 1653 3316 et
1668 3262 1795 3332 itpmnttrn
1817 3262 1929 3338 [hinnit
1940 3280 1993 3334 quc

356 3356 428 3425 quod
447 3356 521 3410 illum
536 3354 619 3409 natali
642 3370 691 3409 suo
712 3353 802 3408 sarcre
826 3352 965 3407 credebat.
987 3348 1055 3404 Nam
1067 3348 1147 3403 Libe-
1162 3348 1185 3409 C
1201 3370 1252 3409 nou
1280 3352 1401 3424 pariebas
1417 3366 1426 3404 .·
1444 3352 1568 3423 quoniam
1590 3352 1657 3406 nrtlti
1680 3350 1781 3425 [mariti]
1804 3353 1857 3422 filii
1880 3355 1993 3420 deserta,

264 3466 276 3477 ·
356 3461 417 3500 rum
439 3461 453 3500 a
476 3445 669 3503 liberamento
687 3442 815 3513 appellari
840 3441 949 3505 uolunt,
974 3440 1045 3510 quod
1070 3438 1147 3510 quasi

358 3551 448 3591 mares
462 3536 488 3591 in
504 3534 626 3590 coeundo
640 3549 689 3604 per
705 3532 763 3600 ejus
775 3530 934 3586 beneficium
948 3530 1056 3584 emissis
1069 3528 1150 3584 semi-

357 3627 437 3681 nibus
451 3625 610 3689 liberentur,
628 3630 738 3693 propter
756 3620 827 3690 quod
843 3619 912 3673 idem
924 3617 1006 3671 Liber
1026 3616 1148 3672 muliebri

356 3727 384 3773 et
406 3716 520 3771 delicato
535 3730 648 3785 corpore
666 3713 794 3783 pingitur.
818 3710 914 3764 Dicunt
927 3709 1000 3763 enim
1023 3708 1150 3763 mulieres

356 3808 382 3862 ei
404 3805 558 3871 attributas,
573 3812 601 3861 et
616 3803 717 3866 viuum,
734 3808 844 3872 propter
864 3800 1037 3855 excitandam
1059 3798 1148 3853 libidi-

357 3914 429 3958 ncm.
444 3898 518 3955 Unde
530 3908 558 3954 et
572 3896 647 3952 lrons
658 3896 717 3967 ejus
731 3895 856 3966 pampino
874 3893 1002 3963 cingitur,
1015 3890 1062 3945 sed
1077 3887 1149 3945 lacto

358 3990 452 4067 [Forte
463 3989 563 4063 capite]
576 4004 705 4045 eoronam
725 3987 824 4041 viteam
842 3994 869 4040 et
882 3999 965 4040 cornu
978 3982 1070 4049 babet,
1085 3980 1148 4051 quia

357 4098 419 4139 cum
434 4096 521 4155 graece
538 4079 643 4156 [parce]
664 4089 692 4136 et
711 4079 849 4135 moderate
870 4076 963 4130 uinum
977 4073 1088 4137 bibitur,
1100 4071 1149 4127 lac-

358 4175 445 4231 titiam
461 4180 587 4245 praestat,
610 4187 672 4229 eum
697 4170 767 4228 ultra
782 4168 908 4231 modum,
923 4164 1025 4220 excitat
1048 4163 1109 4218 litos
1122 4168 1150 4217 ct

358 4263 436 4337 rptasi
449 4278 550 4322 cornua
563 4263 619 4318 dat.
631 4262 704 4319 idem
717 4269 806 4316 atttem
821 4266 848 4313 et
862 4257 957 4331 Lyaeus
969 4270 984 4310 a
998 4263 1062 4326 potu
1079 4253 1146 4325 lyaei,

358 4357 430 4429 quod
445 4356 530 4411 multo
546 4356 610 4410 rino
632 4352 753 4412 membra
779 4350 926 4405 solvantur.
941 4346 993 4401 lste
1006 4356 1033 4401 ot
1056 4343 1149 4400 Graece

358 4446 503 4518 llyonisius
516 4460 532 4499 a
547 4452 640 4499 monte
663 4441 737 4506 Niso,
753 4439 798 4494 ubi
817 4439 915 4494 dicitur
937 4451 997 4492 esse
1021 4435 1148 4491 nutritus.

358 4536 492 4596 thrum
506 4543 589 4594 estet
605 4533 668 4593 Nisa
685 4532 780 4589 ciuitas
793 4531 820 4585 in
836 4545 888 4599 qua
902 4528 1000 4583 colitur
1014 4526 1085 4582 idem
1104 4526 1150 4581 Li·

358 4627 415 4692 ltur,
430 4626 500 4685 unde
515 4625 611 4680 Niseus
624 4624 711 4679 dictus
725 4629 775 4677 est.
790 4621 871 4677 Sacra
885 4620 976 4675 Liberi
993 4618 1082 4675 Patris
1096 4619 1149 4688 pri-

1200 3446 1283 3517 rnapis
1305 3462 1384 3518 qnam
1399 3446 1456 3517 ejus
1471 3462 1530 3518 quse
1552 3444 1629 3502 hahet
1648 3445 1746 3508 uirum,
1768 3444 1835 3498 dicit
1859 3445 1992 3500 Dominus.

1199 3536 1289 3591 liliata
1309 3536 1394 3591 locum
1414 3536 1519 3590 tentorii
1543 3537 1598 3603 tui,
1612 3545 1636 3589 et
1659 3534 1739 3605 pelles
1765 3537 1992 3590 tabernaculorum

1199 3635 1304 3680 tuorum
1317 3626 1436 3691 extende,
1451 3643 1482 3680 ne
1494 3642 1588 3697 parcus
1599 3639 1608 3675 :
1620 3623 1709 3695 longos
1724 3624 1769 3693 sae
1782 3626 1919 3695 funiculos
1929 3638 1994 3689 tuas,

1199 3726 1223 3770 et
1240 3714 1326 3770 clauos
1345 3726 1404 3770 tuos
1428 3714 1573 3770 consolida.
1588 3714 1627 3767 Ad
1642 3715 1780 3773 deuterum
1804 3726 1829 3769 et
1852 3719 1888 3771 ad
1906 3717 1991 3772 lucrant

1198 3804 1355 3874 pertetendit,
1371 3816 1395 3859 et
1416 3822 1503 3859 semen
1524 3813 1597 3858 tuum
1616 3814 1702 3875 gentes
1723 3805 1907 3865 itteretiitahit.
1933 3807 1989 3861 Noli

1200 3896 1299 3961 thuere,
1317 3897 1381 3967 quia
1404 3913 1456 3951 nou
1472 3896 1641 3966 confunderis
1664 3912 1747 3966 tueque
1766 3898 1916 3955 erubesces.
1938 3898 1995 3955 A'on

1199 3987 1267 4040 enim
1289 3996 1314 4041 te
1331 3986 1436 4057 pudebit
1450 3987 1512 4058 quia
1536 3985 1697 4055 confusionis
1724 3986 1915 4043 adolescentia·
1938 3999 1987 4041 tue

1200 4076 1365 4141 oblivisceris,
1382 4085 1406 4130 et
1421 4075 1552 4146 opprobrii
1567 4074 1701 4130 uiduitatis
1718 4085 1773 4131 tua
1797 4096 1853 4133 non
1874 4081 1990 4135 reeorda-

1200 4164 1267 4219 lteris
1282 4165 1404 4236 amplius.
1420 4163 1489 4231 Quia
1503 4165 1681 4221 dominabitur
1695 4168 1734 4220 tui
1747 4169 1793 4237 qui
1814 4168 1879 4238 [ecit
1899 4180 1934 4234 tr,
1948 4169 1996 4222 Do·

1200 4260 1286 4313 minus
1298 4260 1460 4315 exercituum
1473 4256 1647 4327 nomenejus,
1659 4267 1682 4311 et
1699 4258 1851 4331 redemptor
1864 4272 1925 4315 tuus
1940 4278 1996 4315 san·

1200 4364 1255 4406 etus
1272 4351 1358 4407 Israel
1369 4370 1378 4407 .·
1390 4353 1462 4409 Deus
1474 4354 1558 4407 omnis
1571 4364 1648 4411 terra
1664 4354 1808 4421 uocabitur,
1825 4356 1889 4428 quia
1901 4365 1928 4408 ut
1943 4372 1996 4409 ntu-

1200 4440 1290 4497 iicrem
1303 4443 1465 4512 derelictam,
1478 4456 1501 4499 et
1514 4458 1662 4503 maerentem
1675 4447 1771 4516 spiritu
1787 4448 1889 4501 cocant
1906 4457 1931 4500 te
1947 4446 1995 4500 Dn-

1201 4534 1302 4599 minus,
1326 4543 1350 4587 et
1376 4551 1484 4590 uxorem
1506 4536 1538 4590 ab
1564 4536 1738 4593 adolescentia
1760 4536 1910 4605 abjectam,
1935 4535 1995 4590 dirit

1202 4625 1272 4681 Deus
1302 4637 1372 4682 tuus.
1390 4627 1431 4681 Ad
1450 4639 1574 4699 punctum
1591 4630 1620 4683 in
1641 4628 1744 4684 modico
1769 4626 1901 4700 dereliqui
1924 4637 1958 4691 te,
1973 4637 1994 4680 et

359 4732 420 4772 mus
433 4715 556 4787 Orpbeus
571 4714 677 4769 induxit
689 4713 715 4768 iu
730 4712 849 4776 Grecos,
865 4712 1020 4783 primusque
1035 4710 1152 4767 celebra·
1165 4708 1190 4768 D
1203 4719 1230 4770 in
1248 4717 1457 4772 miserationibus
1475 4719 1575 4789 urapnis
1590 4717 1750 4789 congregabo
1765 4727 1799 4771 te.
1817 4715 1853 4773 ln
1872 4725 1994 4773 momentu

359 4806 399 4860 uit
412 4806 439 4860 in
454 4813 545 4859 monte
558 4803 667 4859 Boetieae
680 4818 711 4858 ac
725 4802 835 4867 Thebis,
848 4801 893 4855 ubi
908 4800 989 4856 Liber
1002 4810 1081 4856 natus
1100 4809 1150 4867 cst,

360 4899 482 4969 proximo
499 4914 506 4952 :
522 4897 567 4967 qui
583 4912 644 4955 cum
665 4894 820 4965 frequenter
834 4896 945 4949 cithara
962 4902 1042 4949 cantu
1056 4909 1152 4966 perso-

360 5001 448 5055 naret,
461 4990 590 5045 Citheron
613 4987 763 5061 appcllatus
779 4993 836 5051 est;
861 4993 889 5039 ct
907 5000 983 5040 sacra
1005 5001 1078 5039 nune
1098 4984 1151 5041 Οε-

359 5079 438 5148 pltica
450 5079 634 5142 nominantur,
649 5075 786 5146 inquibus
801 5076 857 5146 ipse
871 5074 1042 5140 dilaceratus,
1058 5083 1151 5145 postea

359 5175 387 5221 ct
401 5176 496 5236 captus
513 5165 564 5222 luit
585 5167 740 5237 peneadem
762 5164 820 5220 iere
835 5173 956 5235 tempora
969 5164 1067 5233 quibus
1082 5162 1150 5216 Fau·

360 5273 421 5314 nus.
438 5258 490 5313 Sed
505 5260 567 5330 quis
580 5267 660 5314 aetate
681 5258 834 5330 precessit,
849 5256 964 5311 dubitari
990 5264 1096 5328 potest,
1112 5256 1150 5310 si-

359 5348 468 5420 quidem
482 5351 650 5419 pereosdem
669 5365 755 5405 anuos
775 5350 886 5404 latinus
909 5347 1086 5418 Priamusque
1109 5363 1150 5403 rc·

359 5448 519 5511 giraverunt.
536 5438 602 5496 ltem
625 5449 716 5511 putres
736 5458 829 5497 corum
844 5442 923 5496 Picus
937 5448 964 5496 et
986 5441 1149 5512 Lacmpdon,

360 5546 415 5602 quo
429 5539 558 5602 regnante
570 5527 694 5599 Orpbeus
709 5545 769 5585 cum
785 5530 948 5604 Argonautis
961 5530 993 5585 ad
1007 5529 1153 5592 Athenien-

360 5620 430 5675 sium
446 5621 520 5677 littus
533 5621 657 5678 accessit.

397 5711 484 5783 lpitur
494 5714 650 5779 Eleazarus,
669 5730 736 5767 uurts
750 5714 783 5767 de
796 5711 927 5783 prioribus
941 5712 1097 5780 scribarum,
1114 5715 1152 5768 uir

361 5809 437 5854 utute
450 5812 594 5868 protectur,
611 5812 663 5859 etc.
687 5802 833 5857 Eleazarus
852 5802 905 5866 bic,
931 5816 1010 5870 quent
1025 5801 1151 5857 Antiochi

1203 4809 1390 4879 indiqnutionis
1402 4810 1525 4865 abscondi
1538 4810 1634 4881 faciem
1648 4826 1732 4865 meam
1746 4817 1993 4880 perrumpentem

1204 4901 1231 4953 in
1256 4900 1434 4955 misericordia
1455 4902 1611 4971 serapiterna
1625 4901 1747 4954 misertus
1769 4918 1831 4954 suut
1857 4901 1911 4965 tui,
1933 4901 1993 4952 dirit

1204 4990 1350 5059 redemptor
1374 4998 1434 5044 turta
1469 4988 1607 5044 Dantinus.
1634 4986 1820 5060 Pauperettia,
1852 4990 1994 5061 tempestate

1204 5079 1336 5145 conuulsa,
1351 5079 1447 5151 aisque
1462 5078 1516 5134 ulia
1531 5079 1719 5136 consolatione.
1734 5080 1804 5134 Ecce
1822 5099 1870 5151 ego
1885 5093 1991 5135 stentem

1203 5169 1378 5237 perordinem
1395 5168 1494 5241 lapides
1513 5179 1581 5235 tuos,
1597 5179 1620 5222 et
1638 5168 1756 5240 fundabo
1772 5178 1797 5223 te
1812 5170 1839 5223 iu
1858 5171 1990 5240 sapphiris.

1204 5258 1237 5312 Et
1251 5277 1347 5329 ponam
1364 5260 1496 5331 jaspidem
1509 5260 1707 5331 propugnacula
1720 5269 1780 5325 tua,
1792 5272 1817 5314 et
1836 5272 1926 5332 portus
1940 5273 1991 5312 turs

1203 5352 1230 5404 iu
1248 5350 1347 5421 lapides
1360 5351 1484 5422 ascriptos,
1500 5362 1524 5407 et
1538 5370 1626 5408 onmes
1640 5355 1765 5409 terminos
1779 5365 1840 5410 tuos
1858 5357 1885 5409 in
1901 5355 1991 5426 lapides

1204 5442 1408 5496 cleaiderubiles:
1423 5444 1555 5497 uniuersos
1572 5443 1642 5512 filios
1660 5455 1719 5498 tuos
1731 5444 1826 5504 doctos
1839 5465 1856 5499 a
1877 5446 1990 5506 Dracina,

1203 5540 1226 5584 et
1243 5530 1435 5588 multitudinem
1450 5533 1522 5601 pacis
1535 5531 1598 5601 filiis
1611 5534 1672 5588 luis.
1690 5533 1724 5587 El
1744 5536 1772 5589 in
1781 5535 1892 5607 justitia
1905 5536 1986 5605 [unde

1204 5622 1280 5677 lteris.
1304 5621 1401 5675 Recede
1432 5620 1524 5692 procui
1545 5640 1562 5677 u
1586 5623 1719 5678 cairrmniu
1744 5625 1820 5698 (isa.
1834 5628 1901 5700 utu).
1923 5625 1989 5693 Quod

1204 5720 1293 5765 :tutem
1306 5722 1367 5780 post
1382 5711 1449 5766 idios
1459 5722 1485 5766 ct
1499 5721 1756 5784 matmconsttmpta
1768 5724 1822 5779 est,
1834 5721 1991 5772 demonstrat

1204 5802 1275 5872 quod
1294 5811 1353 5872 post
1378 5804 1529 5877 triumphos
1549 5804 1718 5875 singulorum
1734 5806 1856 5870 Aliorum
1878 5806 1991 5867 nectua

398 5923 409 5953 Ι
427 5912 503 5982 Lug..
522 5913 588 5967 Licet
602 5923 706 5984 partum
720 5931 765 5986 per
786 5914 918 5969 utinistros
931 5933 991 5970 suos
1004 5927 1027 5971 et
1045 5932 1090 5988 per
1109 5917 1284 5986 scntctipsnut,
1298 5925 1350 5970 etc.
