4709 6767
357 618 421 672 tuti

683 610 712 662 r.
735 606 860 661 tttltttb't
882 604 989 658 tltt'ui
1011 602 1169 656 atttssttttjb,
1195 602 1347 656 tltttlt't't.
1370 599 1511 656 OPlthbll
1531 598 1619 658 ltus·
1638 598 1657 654 1.

1929 598 1997 658 {bril

352 734 478 786 erlribere
497 727 603 784 Clnista
625 722 672 791 (tt
688 720 749 773 Cor.
767 738 792 774 ru
805 722 833 788 l:
853 741 861 770 ι
877 735 914 771 ne
930 720 979 770 sub
998 717 1141 770 rnrtriruine
1157 717 1181 776 A
1197 716 1353 776 titanorum,
1369 714 1476 767 occasio
1494 714 1607 780 peccati.
1623 709 1686 764 lber.
1701 709 1800 765 turtliet·
1811 707 1959 766 confundit
1970 712 1997 767 lu

354 820 474 893 aragistri
491 817 645 874 constituta,
665 828 758 866 erroro
774 811 925 865 inveniatur
943 806 1063 878 gaurida,
1080 815 1106 858 et
1119 805 1144 859 in

354 916 433 968 rlrrrno
454 909 502 963 rai
527 920 710 968 commorans,
730 901 944 970 transgrediatur
966 898 1050 967 legem
1076 894 1146 960 rjus,

355 1006 424 1060 irride
439 1005 464 1058 in
481 1001 558 1056 bonis
572 998 698 1069 operibus
710 994 841 1051 efficiatur
852 992 967 1055 sterilis,
985 1006 1034 1045 nee
1049 989 1073 1044 ei
1088 1004 1145 1044 rne-

354 1101 406 1152 ritu
420 1098 509 1150 dicere
523 1092 626 1163 possit:
644 1109 653 1140 τ
670 1088 731 1144 triti
747 1086 783 1141 tui
801 1086 869 1140 sicut
890 1084 1001 1139 norellm
1015 1082 1146 1138 olirarnru

355 1187 508 1242 incircuitu
524 1198 624 1238 menso
641 1189 702 1234 tna.
718 1179 750 1233 Et
766 1178 858 1231 rideas
872 1177 941 1230 silius
954 1175 1070 1229 liliorum
1087 1181 1146 1227 tuo·

355 1297 425 1336 ττιττι,
440 1292 534 1344 pacem
549 1290 629 1343 snper
642 1271 724 1327 lsrael
742 1269 828 1339 (l'sol.
845 1268 957 1339 oraru).
978 1290 986 1319 ι

394 1367 506 1437 ‹Sarper
529 1364 612 1419 tiliam
635 1361 800 1416 luxuriosam
826 1359 954 1413 rorrbrnta
977 1356 1146 1419 cttsltuliant,

360 1480 369 1510 ι
387 1458 529 1529 nequando
544 1455 625 1510 iaciat
640 1461 665 1509 te
684 1453 710 1507 in
724 1452 896 1522 opprobrium
908 1450 1000 1504 irarum
1022 1447 1146 1502 inimicis.

360 1551 404 1605 all
427 1548 592 1602 detractione
615 1545 642 1598 in
664 1543 773 1598 ciuitate
785 1550 812 1596 et
835 1539 986 1612 abjectione
1005 1538 1099 1610 plebis.
1121 1545 1150 1592 et

359 1661 367 1688 r
385 1638 531 1695 conlaudat
546 1644 570 1690 te
582 1636 609 1690 in
624 1633 793 1689 multitudiue
807 1630 907 1703 populi.
926 1651 934 1682 ι
949 1629 1068 1686 Persona
1083 1642 1149 1698 ergo

356 1730 493 1783 ltrxnriosa
505 1726 659 1796 diligentem
673 1722 794 1794 magistri
805 1720 902 1793 priserit
912 1720 1074 1781 custodiam,
1086 1718 1148 1788 utria

356 1822 378 1873 si
387 1818 531 1873 dimittitur
541 1814 670 1870 ruluntati
682 1829 747 1879 sure,
759 1811 900 1868 contundit
910 1811 1047 1865 doctorem
1059 1823 1146 1863 snum.

357 1911 385 1965 ln
407 1908 578 1964 multitudine
599 1906 689 1978 populi
713 1904 786 1961 illum
809 1902 969 1959 erubescere
984 1900 1066 1962 lacit,
1087 1915 1148 1956 cum

357 2002 428 2056 ‹lomi
455 1997 572 2071 lorisque
596 1997 681 2068 turpis
704 2005 731 2052 ct
755 1993 856 2050 inutilis
877 1995 1036 2056 inueniatur,
1062 1993 1149 2046 detra·

1198 804 1392 874 opprobrium,
1413 804 1475 873 qrria
1496 804 1539 858 bic
1559 818 1602 856 res
1617 801 1775 857 contusione
1790 802 1889 873 dignas
1902 818 1998 874 gerens

1198 912 1248 965 pro
1261 878 1502 965 boc'opprobrinm
1517 892 1662 948 sustinebit
1677 892 1704 945 in
1714 900 1862 947 abraam.

1236 983 1367 1040 ‹llenror
1381 999 1428 1042 ero
1442 984 1524 1055 igitur
1544 998 1656 1055 operum
1679 983 1798 1048 bomini,
1817 991 1845 1040 et
1863 999 1927 1055 quae
1946 984 2000 1044 ritb'

1201 1077 1395 1133 «annuntiabo
1416 1095 1422 1131 :
1440 1077 1467 1130 in
1483 1077 1657 1132 sermonibus
1675 1076 1781 1132 bomini
1797 1093 1884 1146 οτιοτο
1899 1079 1969 1149 eius.
1987 1100 1999 1135 a

1199 1168 1336 1224 llaetenus
1358 1168 1474 1236 scriptor
1495 1166 1616 1222 historie
1643 1167 1676 1221 de
1703 1168 1787 1222 rariis
1809 1168 1895 1225 rebus
1907 1169 2000 1240 dispra-

1200 1262 1277 1327 tarit,
1295 1268 1322 1316 et
1344 1259 1524 1314 moralitatem
1544 1259 1730 1330 singulorum,
1750 1261 1906 1316 secundun
1931 1264 2002 1331 quot

1200 1352 1251 1407 sibi
1265 1358 1446 1423 opportunum
1462 1350 1604 1405 ridebatur
1620 1350 1795 1416 describens.
1811 1350 2001 1408 variasrirta-

1201 1451 1257 1497 tum
1269 1452 1297 1497 et
1307 1442 1435 1498 uitiorum
1449 1441 1554 1511 species
1572 1443 1719 1511 expressim
1738 1459 1811 1498 nunc
1822 1457 1893 1499 sero
1903 1444 1932 1499 in
1944 1444 2000 1499 lu·

1200 1532 1432 1597 clamememus,
1459 1540 1484 1586 et
1506 1532 1539 1586 ad
1564 1532 1784 1603 praedicationem
1811 1547 1932 1603 operatu
1946 1532 2002 1602 sius

1201 1639 1353 1681 sermonem
1367 1625 1512 1680 conuertit
1533 1624 1568 1679 Et
1589 1633 1650 1694 post
1670 1625 1728 1680 baec
1747 1633 1860 1695 ροιτιιιιι
1883 1626 2001 1696 prionrn

1201 1717 1360 1774 catemariam
1383 1715 1487 1773 iaciens
1512 1716 1618 1773 illorum
1641 1717 1722 1774 tortia
1745 1717 1818 1772 laeta
1843 1719 2000 1774 describit:

1204 1809 1256 1864 «ln
1270 1809 1458 1874 sermonibus,
1479 1810 1584 1881 inquit,
1601 1810 1707 1865 beurim
1726 1825 1810 1880 opera
1830 1810 1896 1880 eins
1915 1828 1923 1863 ε
1944 1811 2004 1880 qnia

1203 1900 1260 1971 ipse
1273 1900 1356 1964 dixit,
1379 1909 1408 1954 et
1421 1899 1491 1955 lacta
1502 1908 1567 1956 sunt
1585 1920 1592 1955 :
1613 1901 1670 1970 ipse
1687 1902 1847 1965 mandarit,
1865 1911 1894 1957 et
1915 1912 2004 1957 crata

1203 1989 1287 2063 suut(
1304 1989 1379 2046 Psoi.
1394 1992 1493 2063 ωτι).
1510 2012 1517 2044 ι

358 2092 439 2146 ‹tioni
457 2104 567 2153 vacans,
583 2098 610 2143 et
623 2086 701 2159 strigo
716 2084 874 2157 ignobilium
889 2082 1077 2155 ignominiosis
1088 2081 1154 2136 acti·
1169 2074 1193 2132 B
1246 2103 1254 2134 t
1280 2081 1325 2138 Sol
1339 2083 1493 2139 illuminans
1502 2099 1550 2153 per
1565 2086 1655 2139 omnia
1671 2085 1803 2155 respexit,
1816 2095 1846 2141 et
1855 2086 1943 2157 glor-ia
1956 2088 2006 2143 no-

358 2188 409 2241 bns
421 2198 450 2239 se
468 2180 633 2237 immiscens.
656 2177 732 2234 Unde
748 2177 934 2247 scriptumest
952 2194 957 2228 :
983 2194 992 2225 ι
1012 2174 1096 2229 Natus
1111 2182 1153 2228 est
1207 2196 1215 2224 t
1235 2176 1299 2230 sirini
1319 2174 1427 2247 plenum
1452 2185 1495 2232 est
1517 2176 1665 2247 opusc-ius.
1685 2197 1693 2227 ι
1713 2176 1805 2233 Solem
1822 2179 2005 2249 appellantia

358 2272 456 2327 stultus
471 2270 497 2326 in
514 2267 688 2340 ignominiam
703 2283 795 2333 snam;
815 2266 862 2322 sed
881 2280 931 2321 nec
949 2265 1152 2336 parentatum
1205 2265 1346 2320 Dominum
1363 2265 1513 2332 cinisium,
1532 2267 1578 2335 uui
1598 2275 1625 2320 et
1645 2266 1735 2321 lumen
1748 2268 1899 2336 sapientiae
1911 2269 2006 2325 (burn

359 2361 510 2423 lacerabitur,
530 2358 623 2429 iraque
638 2360 724 2427 patris
744 2366 800 2421 est,
818 2354 888 2411 illius
899 2356 1016 2421 stultns,
1035 2366 1062 2411 et
1077 2355 1152 2410 dolor
1203 2366 1263 2420 est,
1289 2365 1317 2410 et
1343 2356 1470 2427 splendor
1489 2357 1612 2426 justitie.
1636 2356 1673 2410 lie
1697 2372 1752 2426 mro
1779 2356 1846 2412 alibi
1875 2357 2003 2430 legitor:

359 2449 526 2517 matrisque
541 2447 632 2514 gerrrrit
646 2462 717 2500 enm.
740 2466 748 2497 ι
771 2445 792 2500 Ε
807 2446 944 2499 contrario
960 2460 1023 2500 rero
1035 2446 1152 2500 exsultat

359 2541 456 2615 gatrdio
467 2537 628 2610 paterjnsti,
644 2539 689 2608 epiri
703 2537 851 2608 sapientem
865 2536 968 2605 genunt,
979 2546 1006 2589 et
1017 2536 1153 2593 laetabitur

359 2650 385 2687 ΙΙΙ
399 2648 441 2687 00.

1206 2466 1214 2495 r
1230 2444 1339 2501 Orictur
1349 2446 1426 2502 robis
1441 2446 1597 2501 timentibus
1609 2462 1705 2503 raonreu
1720 2462 1812 2503 meram
1824 2448 1868 2503 sol
1879 2449 1998 2518 justitie,

1206 2554 1215 2585 ι
1233 2544 1259 2589 et
1276 2536 1378 2591 sanitas
1392 2536 1418 2590 in
1430 2537 1525 2605 pennis
1540 2536 1599 2606 ejus
1614 2535 1699 2608 (dial.
1720 2551 1747 2591 ιτ
1760 2535 1781 2602 l.
1802 2556 1811 2588 ι
1832 2537 1896 2608 lpse
1907 2547 1950 2593 ast
1963 2539 2003 2593 tm

1205 2643 1283 2689 rara.
1305 2643 1365 2697 qum
1387 2627 1520 2682 illuminat
1529 2643 1636 2684 omnem
1652 2628 1790 2683 bominem
1801 2630 1960 2686 reniam
1979 2631 2004 2684 ia

398 2741 407 2769 τ
428 2721 506 2777 Omni
523 2721 625 2775 bomini
639 2718 692 2773 rruli
708 2717 848 2775 intendere
865 2719 891 2774 in
903 2720 1004 2788 speeie,
1016 2730 1043 2774 et
1056 2721 1082 2774 in
1097 2735 1153 2773 me·
1204 2721 1276 2776 bunc
1290 2721 1419 2776 uirtutium
1435 2719 1529 2791 (darn.
1545 2720 1572 2792 ι)
1589 2740 1595 2775 ;
1614 2728 1666 2775 τοι
1676 2721 1769 2776 onnia
1782 2724 1932 2794 campise,
1942 2724 2001 2795 qaia

362 2807 1153 2866 1diomulierumnolicommorari.llerestimentiscnim
1207 2825 1286 2864 «non
1317 2818 1357 2865 est
1384 2810 1437 2865 nlla
1466 2818 1591 2866 creatura
1620 2811 1764 2867 inuisibilis
1797 2814 1827 2867 in
1861 2824 2004 2885 mspoetr

363 2896 511 2972 tprocelit
533 2899 615 2964 tinea,
644 2908 671 2955 ct
694 2915 710 2953 a
733 2898 845 2955 muliere
865 2899 1069 2969 iniqnitasriri.
1087 2922 1095 2953 ι
1111 2901 1154 2956 ln·
1204 2900 1262 2968 titis
1279 2899 1371 2972 (itate.
1397 2901 1445 2971 tr).
1464 2919 1474 2952 τ
1496 2899 1588 2957 Gloria
1607 2901 1680 2956 cuim
1701 2901 1811 2957 bomini
1835 2902 1949 2973 plenum
1966 2915 2005 2960 aar

361 2994 442 3046 stertit
454 3008 505 3045 nos
518 2990 655 3063 s.·pnntia
668 2993 805 3063 quomodo
815 2992 960 3064 puritatem
974 2993 1063 3050 cerdis
1072 3002 1102 3049 et
1111 3009 1154 3048 ca·
1204 3005 1272 3058 opus
1284 2988 1358 3056 eius,
1376 2990 1502 3064 qnoniam
1516 2990 1646 3060 sapientia
1661 2989 1720 3059 ejus
1743 2990 1820 3048 lueet
1835 2992 1865 3047 in
1879 2991 2004 3065 τοτοτοτο-

361 3082 482 3136 stitatem
501 3081 622 3152 eorporis
640 3096 750 3137 serrare
772 3083 930 3154 possimus,
949 3084 1041 3154 ntique
1056 3093 1085 3138 nt
1101 3099 1153 3139 non
1204 3081 1271 3135 sius.
1287 3078 1364 3134 Unde
1380 3095 1429 3150 per
1440 3080 1604 3151 Proplmtarn
1621 3081 1722 3136 dicitur
1738 3099 1744 3135 :
1762 3100 1772 3133 ι
1793 3081 1885 3149 Quam
1902 3085 2004 3156 mpi-

362 3174 501 3229 libidinosa
515 3179 604 3228 ruente
620 3172 791 3229 attendamus
807 3173 834 3227 in
851 3172 947 3229 laeiern
969 3173 1076 3230 lasciua
1090 3189 1153 3245 per·
1204 3169 1283 3224 beata
1307 3178 1369 3225 sunt
1389 3185 1471 3241 opera
1494 3179 1549 3236 tua,
1564 3172 1693 3227 bommel
1712 3173 1808 3229 errrnia
1826 3174 1856 3229 iu
1878 3176 2005 3247 sapin&

361 3279 454 3327 sarna,
474 3273 501 3319 et
515 3277 530 3317 a
545 3262 673 3318 societate
696 3263 840 3319 mulierum
862 3279 1018 3334 separemus
1032 3265 1154 3335 corporis

361 3356 447 3411 aratri
461 3356 553 3410 situm.
570 3347 644 3409 Sicut
656 3355 727 3409 enirn
744 3354 816 3411 tinea
833 3355 877 3409 din
895 3371 948 3410 nno
961 3354 1021 3411 loco
1034 3370 1154 3411 contrua-

1204 3256 1292 3313 leeisti
1307 3256 1393 3331 (Prot.
1405 3276 1448 3325 xc,
1461 3261 1531 3331 carr).
1551 3281 1560 3314 ι

1518 3352 1631 3411 CAPUT
1651 3353 1693 3409 tl.

361 3463 424 3502 rans
446 3441 566 3501 corrodit
591 3446 792 3512 vestimentum,
819 3445 856 3500 ita
881 3443 1031 3501 libidinosae
1055 3421 1192 3502 urentisC
1208 3440 1345 3514 septenae
1369 3444 1534 3527 uorrntriper
1550 3460 1630 3516 quota
1650 3445 1738 3500 onnia
1756 3445 1834 3515 iacta
1855 3448 2003 3521 cunigund

361 3543 488 3596 diuturna
505 3539 634 3612 cogitatio
652 3556 667 3594 a
685 3556 734 3595 sno
749 3541 840 3611 rigore
855 3537 1011 3598 mollescere
1023 3540 1090 3598 lacit
1103 3543 1153 3599 bo-

361 3630 442 3683 minis
457 3628 593 3698 spiritum.
609 3626 686 3683 Unde
699 3628 808 3699 gelidam
822 3627 962 3700 eleganter
974 3630 1013 3684 ait
1028 3650 1033 3683 :
1051 3652 1060 3682 ι
1080 3631 1155 3685 Pori-

363 3720 452 3772 ‹ulosc
468 3718 514 3772 tibi
530 3716 680 3782 ministrat,
700 3717 776 3788 crrjus
787 3717 890 3773 rultnm
903 3718 1058 3787 ireqrtcnter
1068 3729 1150 3777 atten-

362 3812 412 3863 dis.
431 3829 438 3859 ι
455 3809 520 3862 Nalm
532 3808 660 3878 impudici
674 3807 744 3863 oculi
757 3824 808 3863 nou
821 3818 919 3863 uorum
932 3810 1028 3865 anirute
1039 3810 1155 3880 pulcini-

364 3902 483 3956 tudinem
497 3899 678 3961 considerare,
696 3901 744 3955 sed
759 3916 913 3970 coeptorum.

401 4012 409 4032 ι
427 3990 519 4044 ileliae
540 3998 580 4044 est
597 3988 726 4060 iniqnitas
746 3989 795 4044 riri
808 4005 887 4060 quam
905 3990 1076 4048 benefaciens
1096 4008 1155 4047 mu·

366 4101 374 4130 ι
393 4081 452 4142 lies,
467 4088 493 4135 et
505 4079 601 4134 mulier
614 4078 780 4136 confundens
796 4082 821 4135 in
834 4081 1018 4151 opprobrium.
1037 4104 1046 4136 a
1063 4083 1091 4137 ln
1107 4098 1156 4138 sa-

289 4165 291 4170 ’
362 4183 409 4224 ero
420 4171 526 4240 cloquio
543 4169 640 4223 nnrlicr
651 4179 697 4223 aut
708 4186 757 4241 pro
768 4186 834 4225 sexu
846 4173 972 4242 ponitur,
987 4181 1033 4228 ant
1047 4189 1097 4243 pro
1112 4174 1155 4228 in-

363 4259 490 4314 llunitate
513 4279 518 4313 :
540 4276 589 4331 pro
613 4276 679 4315 sexu
698 4261 817 4332 alcippe,
837 4262 905 4317 sicut
930 4263 1062 4332 seriptum
1088 4274 1152 4320 cst:

366 4370 375 4399 ι
395 4349 464 4404 Misit
482 4352 552 4406 [leus
568 4345 665 4404 Filium
686 4367 763 4405 suum
778 4393 786 4417 ‚
802 4347 902 4407 lactum
920 4369 953 4407 ex
971 4355 1092 4419 erudiere,
1115 4354 1155 4409 ia-

361 4451 435 4496 ctum
450 4444 499 4497 sub
514 4443 571 4514 lege.
587 4440 658 4514 (Gal.
677 4443 731 4514 ιτ);
752 4458 824 4515 »pro
839 4443 995 4501 iulinnitate
1010 4460 1083 4509 rero,
1101 4447 1154 4501 sic·

363 4543 392 4587 nt
416 4534 441 4586 in
454 4533 503 4588 lob
522 4532 621 4603 legitur
640 4551 646 4587 :
664 4553 673 4583 τ
690 4531 777 4589 llomo
798 4535 920 4589 natusdc
933 4535 1066 4603 muliere,
1080 4538 1156 4594 beeri

363 4627 456 4680 virens
469 4633 590 4695 tempore
606 4621 685 4695 (iob.
700 4624 752 4697 rr).
773 4645 781 4677 τ
800 4623 834 4679 Et
846 4626 890 4681 bic
903 4640 951 4696 per
964 4628 1035 4684 bunc
1049 4630 1155 4699 sapien·

363 4729 415 4771 tem
427 4716 534 4769 dicitur.
551 4736 559 4764 ι
575 4713 670 4769 ilelior
680 4722 722 4770 cst
735 4715 863 4787 iniquitas
878 4716 1033 4787 sirionem
1045 4718 1155 4775 bonefa-

1351 3524 1434 3569 saecu
1448 3532 1495 3569 τιτι
1511 3523 1617 3570 narrent
1635 3515 1859 3588 mirabiliarius.

1246 3644 1256 3678 ι
1278 3625 1372 3682 Nonne
1395 3625 1525 3683 bominrrs
1545 3628 1609 3684 iecit
1629 3639 1739 3685 muetos
1760 3645 1899 3689 enarrare
1919 3633 2003 3689 amia

1210 3713 1372 3770 «mirabilia
1395 3730 1464 3780 sua,
1486 3730 1546 3785 qua
1566 3716 1737 3772 eonbmaarit
1763 3720 1899 3777 Minus
1926 3723 2003 3778 stam

1210 3824 1219 3857 ι
1239 3805 1280 3860 liri
1296 3807 1324 3861 in
1340 3804 1424 3877 gloria
1436 3807 1506 3862 sua?
1524 3825 1534 3859 ι
1549 3806 1689 3874 Quamdiu
1698 3810 1789 3864 sancti
1805 3820 1940 3868 &ramat
1951 3827 2004 3867 c·-

1208 3896 1251 3950 uia
1265 3895 1400 3951 mirabilia
1413 3895 1472 3961 bct,
1484 3910 1546 3950 cum
1559 3896 1647 3951 nudus
1658 3898 1694 3952 sit
1704 3898 1753 3967 ani
1762 3901 1853 3968 possit
1864 3909 2004 3971 penetrare

1207 3985 1368 4054 sapientiam
1381 3986 1446 4041 bei?
1463 4005 1473 4039 r
1492 3985 1779 4057 incomprebensibilia
1797 3992 1875 4046 enim
1890 3993 2001 4062 santia·

1207 4076 1276 4131 dicia
1286 4075 1354 4144 ejus,
1368 4084 1395 4131 et
1410 4077 1608 4148 investigabiles
1620 4079 1670 4133 riae
1684 4078 1744 4148 eius
1755 4079 1847 4151 (Rom.
1860 4086 1911 4154 ιτ).
1928 4102 1938 4134 ι
1954 4083 2002 4138 sot

1207 4166 1298 4221 orurria
1319 4167 1450 4223 mirabilia
1466 4167 1546 4237 «pus,
1561 4184 1622 4238 quaa
1640 4170 1774 4238 agnitioni
1792 4172 1938 4228 homiuum
1960 4189 2003 4245 pa-

1208 4262 1275 4321 tent,
1290 4271 1338 4325 per
1352 4265 1461 4314 satietas
1473 4257 1532 4327 eius
1546 4258 1624 4314 nobis
1639 4260 1759 4316 revelata
1773 4273 1841 4318 sunt
1853 4282 1860 4317 :
1871 4280 1934 4336 φη
1946 4280 2003 4320 οτι·

1207 4346 1333 4417 uipotens
1347 4347 1420 4404 Deus
1432 4347 1536 4403 stabilis
1551 4349 1578 4404 iu
1593 4349 1679 4421 gloria
1692 4365 1741 4406 sua
1751 4393 1760 4417 ,
1770 4362 1800 4407 et
1815 4368 1927 4425 uper
1937 4354 2002 4410 ide·

1207 4453 1332 4503 maneus,
1348 4440 1455 4509 quaudo
1470 4440 1573 4507 rolnit,
1592 4449 1619 4495 ot
1632 4443 1769 4512 quamodo
1782 4444 1889 4510 voluit,
1902 4444 2000 4501 τοτοτο-

1206 4532 1265 4596 rit,
1284 4540 1313 4586 et
1334 4532 1514 4588 continuarit.
1529 4532 1597 4588 lluic
1610 4534 1698 4590 amite
1714 4542 1758 4591 est
1772 4535 1840 4594 illud
1850 4538 1924 4609 arrad
1937 4537 2000 4593 Pre-

1206 4621 1287 4690 pheta
1306 4622 1333 4676 in
1348 4621 1460 4692 psalmis
1481 4622 1543 4677 ait:
1570 4641 1579 4673 ι
1598 4624 1627 4678 ln
1648 4623 1729 4680 labiis
1745 4627 1815 4682 meis
1831 4629 2000 4697 pronuntiem

1208 4714 1300 4768 omnia
1316 4711 1418 4780 judicia
1429 4713 1485 4767 uris
1499 4713 1536 4767 tui
1551 4710 1638 4784 (Paul.
1657 4715 1765 4786 carru).
1784 4736 1795 4768 ι
1817 4717 1916 4775 Omnia
1932 4720 2000 4776 enin

362 4810 435 4861 tiens
449 4806 555 4861 rrtnlicr.
576 4803 647 4859 »Vir
661 4805 761 4860 etenim
781 4805 857 4861 sortis
877 4808 990 4877 quilibet
1004 4819 1032 4864 et
1053 4810 1155 4865 discrc-
1167 4778 1194 4839 ⁰
1206 4804 1307 4874 iudicia
1331 4804 1484 4875 signifieat,
1502 4821 1561 4876 qrrae
1582 4806 1684 4877 scripta
1702 4808 1744 4862 rel
1768 4809 1842 4864 dieta
1855 4822 1929 4866 sunt.
1948 4811 1999 4866 Gt·

363 4908 406 4953 tus
424 4907 534 4952 roratur
556 4894 676 4950 :mulier
699 4910 764 4951 rero
780 4910 856 4951 mens
880 4898 1055 4964 infumare!
1074 4901 1155 4957 iudis-

361 5004 435 5044 rreta
458 4990 596 5060 accipitur.
614 4987 647 5042 Et
658 5002 729 5057 saepe
740 4988 871 5060 contingit
885 4998 916 5044 ut
927 4992 1009 5045 etiam
1023 4993 1156 5050 discretus

362 5086 476 5153 unisque
489 5083 577 5138 subito
593 5080 699 5137 labatur
711 5082 738 5135 in
752 5081 878 5152 eulpam,
895 5092 976 5152 atque
995 5084 1156 5142 indiscretos

363 5174 431 5227 alius
444 5183 470 5225 et
492 5172 615 5226 intumus
635 5171 732 5226 bonam
750 5169 877 5227 esliibeat
889 5174 1092 5241 operationcm;
1108 5176 1156 5230 sed

363 5262 387 5315 is
407 5262 453 5329 qui
472 5260 634 5316 indiscretus
650 5270 731 5333 atque
748 5259 870 5315 infirmus
884 5269 945 5325 est,
960 5278 1152 5334 nonnunquam

363 5351 396 5404 de
409 5361 441 5403 eo
456 5350 526 5417 qrrod
541 5350 608 5403 benc
624 5348 710 5419 egerit
724 5349 839 5423 amplius
850 5348 970 5405 elevatur
981 5392 988 5416 ,
999 5360 1080 5422 atnoe
1092 5369 1154 5422 gra·

363 5442 423 5493 rius
438 5438 464 5491 in
479 5436 583 5505 culpam
597 5438 678 5491 cadit.
694 5438 833 5493 Diserctns
846 5454 912 5495 vero
926 5441 1056 5512 quisque,
1070 5445 1152 5499 etiarn

362 5551 393 5587 ex
411 5547 443 5586 eo
458 5528 529 5600 quod
549 5527 617 5581 malo
632 5544 661 5582 se
675 5529 761 5597 egisse
777 5528 917 5603 intelligit,
935 5532 970 5585 ad
983 5533 1154 5592 discretionis

362 5620 488 5694 regulam
499 5619 600 5675 arctius
615 5619 718 5675 reducit
732 5660 739 5686 ‚
758 5630 787 5675 et
804 5619 869 5679 inde
883 5622 964 5679 altius
975 5626 1154 5696 adjustitiam

362 5717 488 5787 proficit,
506 5713 576 5767 trude
591 5710 624 5766 ad
639 5720 745 5782 tempus
757 5726 773 5765 a
784 5710 888 5784 jusutia
906 5715 1037 5773 cecidisse
1049 5719 1156 5775 rideba-

363 5818 422 5873 tur,
441 5806 503 5877 quia
520 5806 546 5857 in
566 5818 595 5857 re
607 5811 681 5857 recte
693 5800 814 5856 dicitnr:
833 5821 841 5851 r
860 5801 954 5858 llelior
973 5817 1014 5860 est
1026 5808 1155 5879 iniqnitas

365 5898 424 5959 viri,
440 5914 519 5966 «pram
539 5894 712 5952 benefaciens
727 5893 833 5949 mulier.
855 5893 945 5961 »Quia
961 5914 1154 5972 nurmuuqnam

365 5988 446 6040 etiam
457 6007 463 6037 ι
474 5986 532 6056 ulpa
546 5986 667 6051 tortium,
681 5983 787 6041 occasio
800 5982 907 6041 rirtubs
919 5987 959 6054 sat,
977 5999 1003 6044 et
1017 5990 1102 6045 uirtus
1116 5990 1155 6046 in-

1210 4906 1299 4950 terum
1320 4898 1509 4953 unirersaliter
1531 4914 1585 4954 non
1607 4907 1696 4969 potest
1718 4903 1908 4970 pronuntiari,
1932 4902 1999 4973 aad

1209 4990 1281 5044 nulla
1297 4990 1392 5045 notitia
1407 4991 1536 5061 praevalet
1547 4992 1710 5063 approbandi
1721 5034 1729 5057 ‚
1742 4995 1814 5049 sietu
1826 4995 1854 5050 ia
1868 4995 1924 5050 alio
1934 4994 1988 5066 psi

1209 5095 1254 5135 ιιιο
1272 5081 1449 5136 dictumest:
1474 5099 1484 5133 t
1505 5082 1610 5137 iudicia
1626 5091 1671 5137 trra
1685 5082 1801 5154 abyssus
1818 5085 1903 5140 nauita
1916 5083 1997 5156 (Pul.

1210 5172 1304 5242 xxxv).
1328 5194 1337 5224 ι
1362 5172 1430 5228 lline
1453 5173 1509 5243 ipse
1533 5174 1662 5230 Doutiuus
1678 5176 1804 5245 pasione
1826 5178 1915 5233 riclam
1936 5178 1998 5234 dixit

1207 5263 1336 5333 apostolis
1350 5279 1357 5319 τ
1375 5283 1383 5314 r
1399 5264 1456 5319 Non
1470 5266 1561 5321 omnia
1575 5267 1631 5321 elixi
1643 5268 1717 5322 robis
1729 5266 1822 5339 (Ιοιιτι.
1839 5270 1922 5340 sul.»
1934 5272 1998 5339 tiua-

1207 5363 1319 5424 propter
1334 5355 1482 5427 figuraliter
1501 5373 1551 5427 pro
1563 5366 1640 5428 parte
1661 5359 1761 5414 dieitur
1771 5367 1876 5425 toturn,
1891 5362 1997 5433 quodi·

1209 5441 1359 5516 Scripturis
1373 5446 1473 5502 dirinis
1483 5447 1638 5517 frequenter
1650 5458 1758 5504 constat
1767 5450 1908 5508 ellectum.

1247 5538 1407 5611 «abyssum
1429 5548 1457 5594 et
1479 5555 1527 5595 cor
1553 5541 1693 5596 hominum
1717 5541 1902 5614 investigarit,
1926 5545 1995 5600 etia

1212 5646 1220 5677 r
1239 5630 1340 5686 astucia
1356 5628 1462 5684 illorum
1481 5632 1655 5701 excogitavit.
1675 5631 1845 5703 »Sapientia
1865 5634 1995 5706 sagam.

1209 5734 1268 5788 qne
1289 5727 1332 5773 est
1353 5718 1488 5785 cbristus,
1507 5720 1716 5790 prolanditatem
1734 5724 1810 5779 norit
1827 5726 1995 5781 ennodium

1210 5810 1268 5871 liei.
1280 5819 1309 5864 et
1320 5809 1440 5865 diret-sos
1455 5818 1585 5868 tractatus
1595 5812 1685 5868 cordis
1697 5813 1812 5870 bumani
1828 5815 1887 5887 ipse
1898 5823 1996 5871 muts

1210 5911 1264 5965 rur,
1282 5901 1352 5955 sieut
1364 5901 1493 5971 scriptum
1517 5910 1560 5959 est
1582 5918 1590 5958 τ
1615 5902 1748 5960 Scrutaris
1770 5906 1855 5962 eorda
1875 5915 1904 5962 ct
1923 5915 1996 5961 Μ

1210 5992 1280 6046 tuns
1292 5991 1301 6060 (
1315 5989 1388 6047 Paul.
1403 5992 1453 6063 ru)
1472 6010 1477 6045 :
1499 6013 1508 6044 ι
1524 5993 1652 6062 quoniam
1668 6013 1675 6048 ι
1691 6012 1700 6046 r
1717 5993 1795 6052 Sicut
1810 5996 1908 6053 flium
1920 6007 1996 6051 nem
