4709 6767
710 629 890 688 expositio
908 629 940 684 tu·
958 629 1088 685 attinuit
1106 625 1255 683 tJSTttEtt.
1752 632 1806 686 tttttt

285 749 482 810 flmndiscnlm
497 755 610 804 cunctos
622 743 727 800 ludoici
742 742 859 799 nominis
879 752 967 796 terror
980 748 1003 802 Α
1021 760 1030 791 r
1053 755 1133 811 posse
1156 749 1360 811 cognoverant:
1377 738 1448 794 latria
1472 756 1580 811 quoque
1604 743 1722 799 nominis
1749 745 1807 815 ejus

285 849 360 900 terat.
382 838 520 895 »Plurimi
535 853 599 908 ergo
616 853 649 893 ex
662 836 802 907 gentilium
819 842 899 903 atque
920 834 968 888 lto
1022 852 1031 884 ι
1054 834 1194 889 crescebat
1205 833 1335 903 quotidie,
1357 842 1385 888 et
1403 848 1452 903 per
1472 845 1630 892 cunctomm
1645 851 1693 891 ora
1708 837 1806 892 uolita-

285 928 583 994 ioelesiauumero,ui,
599 928 730 998 sapientia
752 934 834 995 atque
847 930 968 980 constan·
1022 945 1031 976 ι
1054 926 1109 980 hat.
1130 945 1140 978 t
1160 923 1229 992 Quia
1242 935 1396 980 sauctorum
1412 925 1552 980 doctorum
1575 926 1706 986 laudablis
1736 930 1808 983 actio

285 1031 383 1082 amram
398 1030 549 1091 martyrum
564 1020 718 1087 virtuteque
733 1015 836 1070 Christi
849 1029 897 1084 per
911 1013 970 1068 illos
1018 1027 1046 1071 et
1058 1017 1177 1087 potentia
1192 1017 1324 1070 uirtutum
1342 1017 1471 1071 honorem
1489 1019 1618 1086 grandem
1633 1024 1660 1073 et
1682 1034 1795 1074 reveren

285 1120 356 1180 ante,
380 1112 474 1168 relicta
498 1109 649 1166 idololatria
675 1118 758 1178 atque
780 1106 970 1178 superstitione
1020 1109 1084 1162 tiam
1109 1106 1203 1161 tribuit
1217 1105 1380 1161 multitudini
1404 1106 1531 1161 lldelium.
1549 1106 1625 1163 Unde
1645 1108 1671 1162 iu
1697 1108 1809 1163 dctiluas

301 1203 336 1260 ad
356 1204 540 1260 Christianam
563 1201 718 1272 religionem
739 1201 862 1256 conuersi
887 1209 968 1265 sunt;
1021 1197 1212 1267 aequandorum,
1227 1197 1272 1251 uld
1292 1196 1343 1266 ipsi
1360 1196 1440 1265 prirui
1457 1197 1647 1266 praedicatores
1671 1195 1807 1266 Evangelii

285 1294 374 1366 utqui
390 1294 530 1363 passiones
552 1300 707 1347 sanctorum
726 1299 806 1361 atque
821 1291 971 1359 triumphos
1021 1290 1150 1346 electrinas
1160 1290 1234 1346 uerbi
1252 1290 1298 1344 lici
1312 1298 1340 1344 et
1351 1290 1483 1344 curationi
1503 1305 1613 1358 operam
1628 1290 1693 1345 darc
1715 1289 1808 1360 legun·

285 1401 334 1442 ttrtt
357 1385 461 1455 legunt,
487 1384 599 1438 minime
624 1382 704 1447 lotet;
725 1382 840 1451 indeque
863 1379 971 1451 perlici
1021 1396 1075 1448 rtur,
1102 1384 1232 1455 scriptum
1254 1392 1315 1438 est:
1335 1402 1343 1435 r
1362 1383 1446 1438 Erant
1463 1386 1535 1438 enim
1557 1394 1763 1454 perseuerantes
1782 1382 1809 1438 iu

285 1479 395 1536 »aaran
414 1477 594 1531 numerositas
604 1475 724 1544 quotidie
737 1475 834 1530 erescit
853 1473 971 1530 sulelinm
1022 1475 1143 1530 electrina
1158 1474 1354 1544 apostulorum,
1368 1483 1395 1528 et
1409 1476 1654 1530 contumuicatioue
1669 1474 1812 1529 lraetionis

285 1569 445 1640 areplemur
456 1567 594 1622 Ecclesiae.
608 1566 751 1621 Christiani
765 1566 838 1621 euim
856 1565 973 1620 nominis
1022 1566 1100 1636 panis
1121 1573 1149 1620 et
1169 1565 1350 1620 orationibus.
1374 1564 1467 1619 Flebat
1493 1565 1566 1619 omui
1595 1566 1691 1620 arritum
1719 1566 1810 1628 titum,

285 1667 374 1714 rateto
387 1658 454 1712 orbe
476 1666 610 1711 terramm
624 1654 777 1711 infidelibus
797 1662 927 1710 terrorem
946 1664 973 1708 et
1022 1655 1105 1709 nattlta
1120 1669 1227 1724 quoque
1251 1654 1370 1724 prodigia
1396 1665 1423 1709 ct
1450 1656 1526 1726 signu
1542 1670 1589 1725 per
1612 1655 1747 1725 apostulus
1768 1657 1813 1709 lie-

285 1749 357 1806 tlbus
379 1749 481 1804 excitat
501 1745 638 1818 gaudium.
660 1748 697 1801 lic
719 1762 772 1816 quo
794 1762 843 1816 per
862 1746 974 1800 Psalmi·
1022 1745 1088 1800 bam
1103 1744 1132 1798 in
1149 1741 1312 1808 ierusalem,
1324 1755 1352 1799 et
1366 1753 1454 1800 ntetus
1468 1755 1526 1800 erat
1537 1761 1651 1815 maguus
1666 1747 1691 1800 iu
1707 1746 1813 1799 uniuer-

285 1838 395 1896 lleltur:
411 1856 421 1890 r
439 1837 546 1892 Timent
561 1837 703 1892 Dominum
723 1837 811 1892 omnis
827 1845 909 1892 terra.
932 1834 974 1892 Ab
1024 1836 1063 1891 sis
1075 1833 1144 1906 (det.
1162 1833 1204 1905 u).
1221 1856 1230 1887 r
1245 1836 1278 1890 Et
1296 1836 1360 1891 item
1378 1856 1384 1890 :
1402 1856 1410 1887 r
1427 1837 1478 1892 Per
1501 1853 1608 1901 ututtus,
1634 1838 1731 1907 iuquit,
1753 1853 1815 1908 apo·

285 1938 358 1988 utem
382 1938 605 1987 commoueantur
627 1929 744 1984 uniuersi
771 1936 798 1984 et
814 1943 909 1984 omues
928 1928 974 1998 qui
1025 1926 1154 1981 stolorum
1166 1926 1268 1981 tiebant
1279 1927 1355 1997 signu
1367 1936 1394 1982 et
1408 1928 1531 1998 prodigia
1544 1927 1627 1982 multa
1644 1928 1670 1982 in
1685 1929 1773 1998 plebe,
1786 1938 1813 1982 et

285 2031 308 2080 tt
324 2023 419 2078 orbem
435 2019 521 2093 (Paul.
537 2020 632 2091 xxxin).
650 2041 660 2072 t
678 2021 711 2073 Et
731 2021 813 2074 item:
833 2038 842 2070 r
859 2020 973 2074 laetabi-
1026 2025 1104 2071 eraut
1125 2018 1290 2072 unanimiter
1302 2033 1397 2073 ouantes
1416 2019 1442 2072 in
1463 2020 1566 2088 porticu
1582 2018 1741 2074 Salomonis.
1760 2019 1815 2074 Ca*-

285 2123 331 2170 ως
344 2114 371 2168 in
384 2113 508 2178 bomtno,
524 2122 552 2166 et
566 2112 683 2181 sperabit
694 2112 721 2164 iu
735 2126 777 2175 eo,
789 2120 817 2165 et
828 2111 976 2165 lamlalutn·
989 2079 1148 2163 B'teromm
1168 2117 1258 2162 autem
1280 2124 1360 2164 uerno
1381 2112 1497 2166 audebat
1519 2126 1548 2167 se
1564 2112 1729 2183 cnttjnngerc
1751 2111 1813 2177 illis,

285 2217 339 2262 taes
352 2204 420 2260 recti
434 2205 515 2258 corde
528 2201 614 2273 (l’rul.
629 2203 718 2273 tutti).
735 2222 745 2253 t
761 2202 795 2256 Et
811 2201 974 2272 Apostolus:
1028 2199 1074 2254 sed
1091 2198 1282 2270 nragniteatat
1292 2215 1339 2254 eos
1351 2201 1543 2272 populuslalct.
1560 2202 1597 2271 u).
1614 2223 1623 2255 r

285 2294 373 2359 umine,
394 2294 490 2363 inquit,
517 2293 579 2347 lesu
595 2308 754 2364 otrttregeuu
770 2292 902 2356 dectatur,
918 2307 974 2347 coe·
1066 2289 1187 2360 «ltaque
1199 2299 1391 2358 percusserunt
1407 2291 1491 2346 iudai
1514 2293 1637 2348 inimicos
1657 2308 1720 2348 sttos
1739 2293 1816 2364 pingo

285 2399 304 2452 t,
315 2385 486 2440 terrestrium
500 2393 527 2436 et
546 2382 723 2442 intirmorum,
744 2390 772 2437 et
784 2383 872 2436 orrtuis
884 2381 974 2451 linguan
1032 2398 1040 2431 r
1058 2395 1167 2452 triagna,
1183 2388 1211 2436 ct
1222 2381 1379 2436 occiderunt
1402 2398 1460 2449 eos,
1473 2384 1617 2440 reddentes
1628 2386 1668 2440 eis
1681 2387 1752 2455 quod
1766 2387 1816 2438 sibi

285 2476 418 2546 aturquia
438 2473 693 2530 Doruirurslesusiu
708 2474 791 2544 gloria
806 2484 847 2528 est
862 2474 908 2528 liei
926 2474 977 2528 Pn—
1032 2477 1218 2539 tparaterant
1241 2470 1342 2537 lacere,
1365 2472 1391 2525 in
1410 2481 1523 2538 tautum,
1545 2481 1575 2527 ut
1595 2475 1676 2527 etiarn
1697 2475 1724 2529 iu
1740 2475 1818 2530 Susis

285 2564 363 2638 ltllip.
378 2564 421 2636 u).
440 2585 449 2616 r
1031 2561 1219 2632 «quingentos
1238 2561 1312 2616 uiros
1330 2561 1515 2618 interficerent
1529 2571 1606 2619 extra
1627 2565 1720 2619 decem
1749 2564 1817 2619 inlitus

285 2657 342 2712 itur
352 2656 503 2712 duodecimi
515 2657 625 2714 mensis,
638 2670 717 2725 quern
730 2654 803 2708 lidan
816 2655 905 2710 vocari
915 2663 978 2709 ante
1032 2652 1143 2706 «durau
1166 2652 1286 2724 Agagitoe
1314 2654 1400 2709 hostis
1428 2640 1591 2710 ludaeorum.
1614 2676 1624 2707 t
1650 2655 1718 2722 erid
1746 2658 1818 2724 quod

292 2743 420 2808 diximus,
444 2745 522 2797 tertia
542 2744 647 2797 decimu
675 2743 728 2806 die,
744 2744 851 2811 quaudo
873 2743 978 2798 curretis
1028 2742 1113 2798 ludaei
1130 2743 1222 2798 hostes
1239 2759 1302 2798 suos
1320 2754 1513 2814 persequentes
1529 2746 1691 2817 quingentos
1702 2748 1774 2802 uiros
1790 2748 1816 2801 in

285 2837 322 2892 eit
347 2834 499 2891 interiectio
527 2836 683 2905 parabatur,
712 2843 740 2888 et
766 2836 856 2889 hostes
883 2848 977 2887 eortrm
1030 2834 1107 2889 Susis
1131 2834 1300 2891 interfecisse
1328 2835 1463 2906 leguntur,
1488 2837 1609 2906 exceptis
1637 2836 1730 2892 elecem
1756 2837 1818 2890 liliis

285 2927 365 2984 abant
383 2927 520 2997 sarrguiui,
537 2930 699 2990 mesauloe,
722 2926 806 2979 iudai
825 2924 978 2993 superiores
1029 2926 1127 2992 hisrau,
1145 2941 1214 2996 quos
1230 2927 1257 2982 iu
1279 2928 1406 2998 patibulis
1429 2928 1589 2999 adigebant?
1602 2930 1653 2984 uisi
1679 2930 1750 2998 quod
1765 2945 1817 2984 nou

291 3027 443 3090 coeperuut,
455 3027 483 3073 et
496 3034 525 3073 se
535 3018 569 3073 de
581 3018 742 3073 aduersariis
753 3017 899 3071 uindicare.
909 3017 978 3071 Con·
1030 3016 1116 3071 solutu
1136 3016 1164 3070 iu
1191 3017 1316 3087 gentibus
1336 3033 1432 3073 omnes
1453 3019 1571 3087 operarii
1597 3019 1747 3087 iniquitatis
1772 3020 1817 3087 qui

285 3113 382 3184 ntique
401 3121 463 3168 sunt
486 3127 534 3182 per
555 3112 818 3181 singulnsciuitates,
837 3112 935 3182 oppida
952 3119 979 3164 et
1030 3116 1206 3176 perseverant
1227 3108 1255 3162 iu
1270 3108 1371 3163 malitia
1396 3125 1464 3175 sua,
1480 3125 1531 3165 uec
1545 3111 1578 3165 dc
1605 3111 1721 3179 peccatis
1733 3110 1820 3179 pmui-

295 3242 305 3270 ,
323 3209 355 3257 ut
376 3203 553 3257 extenderent
577 3218 672 3255 uranus
694 3210 787 3256 contra
812 3202 936 3256 inimicos
952 3210 980 3255 ct
1032 3181 1143 3252 tentiam
1154 3212 1235 3269 agere
1246 3197 1348 3263 uolunt,
1364 3214 1452 3268 neque
1464 3198 1818 3254 remissionemdelictorum

285 3299 416 3349 tenuiores
430 3307 504 3358 sues,
521 3291 663 3360 nullusque
678 3306 758 3346 arastus
776 3299 818 3346 est
841 3292 979 3356 resistcre,
1032 3301 1142 3343 sutorum
1156 3302 1206 3357 per
1217 3286 1333 3358 Spiritus
1345 3289 1429 3343 saneti
1443 3290 1558 3358 gratiam
1575 3291 1698 3359 accipere
1712 3298 1819 3353 curant,

285 3381 454 3452 modomncs
470 3379 582 3452 populos
597 3381 790 3451 magnitudinis
812 3396 905 3437 eorum
926 3381 981 3434 lor·
1034 3377 1207 3433 detestabiles
1231 3387 1259 3432 et
1284 3378 1357 3450 digni
1381 3380 1553 3436 ‹larnuatioue
1575 3382 1672 3453 populo
1694 3382 1741 3437 llei
1760 3398 1820 3437 esse

285 3479 481 3543 openetrarat.
500 3492 509 3525 t
529 3472 710 3526 Dttodecimus
724 3473 835 3538 mensis,
850 3481 879 3526 nt
899 3487 981 3542 supra
1032 3470 1174 3536 ridentum
1188 3471 1329 3526 sedetiam
1342 3472 1392 3542 ipsi
1419 3474 1542 3529 carnales
1560 3473 1654 3540 ludaei,
1671 3484 1822 3544 transgres-

285 3563 491 3629 r,nouissimam
502 3562 706 3617 antenasaecnti
718 3561 862 3632 siguificat,
873 3564 981 3632 quando
1031 3578 1108 3619 sores
1126 3564 1229 3620 scilieet
1246 3565 1367 3636 decalogi
1384 3564 1451 3636 legis
1467 3564 1599 3631 llosaiec,
1613 3575 1717 3620 reatum
1732 3565 1822 3620 crucis

285 3656 345 3712 atio
359 3655 429 3710 iacta
438 3661 479 3708 est
492 3654 692 3725 Redemptoris‚
707 3662 735 3709 et
746 3654 884 3725 Evangelii
898 3656 982 3725 ipsius
1031 3653 1142 3719 Christi,
1157 3669 1239 3724 quem
1251 3669 1285 3709 ex
1299 3654 1411 3724 persidia
1425 3670 1473 3711 sua
1488 3655 1515 3709 in
1532 3656 1657 3725 passione
1671 3655 1756 3726 ipsius
1771 3654 1822 3709 sihi

285 3745 350 3803 atio
363 3753 419 3800 toto
429 3746 495 3800 orbe
507 3744 691 3800 disseminata.
714 3744 844 3799 Similiter
859 3753 887 3800 et
900 3747 979 3800 tertia
1031 3749 1236 3810 contraxerunt,
1256 3745 1329 3814 juste
1346 3736 1444 3801 inferni
1460 3746 1611 3801 emeiatum
1630 3747 1764 3801 sustinere
1775 3762 1822 3799 co-

285 3849 302 3890 a
323 3834 382 3890 dies
401 3834 487 3889 lucem
503 3834 564 3889 lrdei
586 3849 619 3889 ac
632 3835 764 3889 bonorum
785 3849 907 3905 operum,
922 3851 983 3906 quae
1032 3844 1140 3908 gentur,
1164 3852 1216 3892 nec
1228 3838 1298 3893 ullus
1315 3838 1348 3893 de
1367 3853 1481 3893 atuntcro
1504 3837 1650 3894 electorum
1673 3839 1824 3892 commuui-

285 3922 554 3994 eatiooceuangelica
571 3924 599 3978 iu
615 3924 736 3980 Ecclesia
749 3940 798 3995 per
813 3925 905 3982 fideles
917 3942 984 3995 quo·
1033 3944 1096 3986 care
1123 3943 1218 3985 eorum
1242 3930 1369 3999 nequitiae
1395 3939 1442 3985 aut
1471 3939 1547 3985 actus
1575 3928 1706 3984 nefaudos
1722 3928 1822 3981 imitari

285 4014 421 4086 expletur,
444 4015 573 4071 declarat.
602 4016 669 4071 Nam
697 4017 859 4076 duodecimo
881 4036 983 4087 measse,
1034 4021 1168 4090 dignatur.
1186 4018 1263 4075 Unde
1287 4021 1385 4075 merito
1405 4019 1529 4075 subditur
1542 4019 1613 4090 qnod
1637 4016 1734 4082 iudei,
1759 4031 1821 4071 eum

285 4107 410 4163 tdecima
424 4107 466 4162 die
476 4110 586 4175 mensis,
602 4110 712 4179 quando
721 4109 825 4165 eunctis
834 4111 932 4167 ludaeis
944 4112 985 4166 in·
1033 4112 1125 4167 hostes
1135 4106 1199 4165 suos
1212 4110 1385 4175 occidissent,
1398 4111 1502 4180 prades
1514 4123 1547 4164 ex
1557 4108 1714 4164 substantiis
1730 4120 1823 4161 eorum

285 4197 323 4254 tio
336 4200 492 4268 parabatur,
508 4208 536 4256 et
550 4202 643 4258 hostes
655 4218 748 4257 eorum
767 4202 906 4257 inhiabant
926 4219 986 4258 san·
1036 4210 1146 4272 tangere
1156 4206 1185 4254 et
1196 4213 1277 4269 agere
1292 4199 1438 4253 noluerint.

296 4301 377 4345 terta
392 4290 451 4345 rice
466 4291 517 4360 ipsi
540 4290 623 4348 ludaei
647 4295 801 4364 superiores
820 4309 880 4350 esse
894 4309 985 4363 coepe·
1073 4291 1393 4363 «Statimquenumerus
1415 4305 1510 4346 eorum
1531 4290 1577 4360 qui
1601 4289 1684 4345 occisi
1702 4297 1781 4344 erant
1796 4289 1822 4343 in

294 4383 324 4432 at
345 4378 421 4433 sede
442 4380 604 4436 aduersariis
620 4381 775 4448 uindicare3
791 4403 801 4434 r
817 4383 880 4453 quia
900 4393 987 4439 coetus
1039 4382 1152 4450 «Susis,
1172 4383 1206 4438 ad
1219 4396 1310 4453 regem
1325 4381 1425 4437 relatus
1438 4389 1488 4445 est,
1505 4380 1551 4450 qui
1571 4380 1639 4435 dixit
1659 4379 1758 4449 reginae
1772 4395 1779 4431 :
1795 4377 1825 4431 lu

285 4479 329 4534 nt,
346 4466 374 4521 itt
387 4482 441 4537 quo
453 4477 494 4523 est
512 4485 575 4524 uera
591 4471 725 4527 consessio
743 4481 822 4528 recte
836 4473 908 4538 ddei,
924 4473 988 4528 licet
1040 4474 1132 4528 «urbe
1147 4471 1226 4528 Susis
1244 4470 1438 4527 interfecerunt
1461 4470 1546 4526 ludaei
1564 4472 1727 4541 quingentos
1740 4470 1824 4532 uiros,

285 4566 344 4613 tet
356 4568 545 4629 persecutores
565 4562 682 4617 nominis
693 4563 793 4619 Christi
819 4565 917 4635 ubique
935 4565 988 4621 illis
1041 4586 1050 4619 r
1071 4578 1099 4622 et
1113 4566 1181 4622 alios
1199 4566 1292 4622 decern
1315 4566 1383 4621 lilios
1397 4566 1494 4630 eimau,
1522 4572 1651 4636 quantum
1675 4574 1755 4634 putas
1779 4578 1827 4618 eos

285 4647 403 4706 unone
428 4651 547 4706 excitent
577 4660 604 4706 et
630 4667 678 4708 eos
703 4655 855 4724 opprimere
879 4664 989 4712 conten·
1041 4670 1197 4712 «exercere
1221 4656 1322 4710 eaden
1343 4654 1372 4709 in
1398 4654 1531 4710 uniuersis
1562 4653 1729 4724 prouinciis?
1756 4650 1826 4718 Quid

298 4737 352 4810 luti
367 4747 468 4806 brnen,
492 4743 579 4812 qratia
602 4742 651 4798 bei
675 4743 769 4813 adjuti,
793 4754 821 4802 et
843 4746 987 4804 contortati
1000 4772 1027 4833 D
1042 4764 1051 4796 ι
1069 4744 1139 4800 ultra
1160 4742 1298 4815 postulas3
1320 4751 1348 4798 et
1373 4741 1438 4812 quid
1458 4742 1501 4797 ris
1519 4751 1548 4796 ut
1563 4741 1621 4796 lieri
1636 4740 1764 4812 jubeam?
1776 4740 1826 4796 Cui

290 4827 354 4886 atei
368 4838 396 4885 et
407 4831 491 4885 armis
501 4831 621 4900 justitiae,
642 4835 812 4892 aduersarios
832 4852 896 4894 suos
908 4854 988 4909 supe-
1043 4855 1051 4886 ι
1069 4836 1113 4891 illa
1135 4834 1292 4907 respondit:
1310 4833 1339 4889 Si
1357 4835 1413 4904 regi
1430 4834 1527 4904 placet,
1549 4832 1628 4887 detur
1647 4828 1828 4902 potestas'lu·

285 4933 313 4975 tc
325 4927 455 4989 ameum
471 4920 562 4991 glorie
576 4924 609 4979 de
621 4924 661 4980 eis
675 4933 824 4995 reportant,
840 4942 902 4982 cum
917 4928 987 4995 illos,
1043 4946 1053 4980 r
1070 4928 1136 4983 dacis
1149 4935 1189 4993 nt,
1205 4928 1274 4983 sicut
1291 4927 1369 4982 hodie
1387 4928 1509 4981 lecerunt
1524 4927 1550 4981 in
1566 4924 1653 4990 Susis,
1674 4926 1713 4980 sic
1726 4932 1753 4980 ct
1766 4938 1828 4979 eras

285 5010 316 5066 tis
329 5010 458 5080 nequitiis
471 5012 655 5082 spiritualibus
666 5022 693 5071 et
703 5030 827 5070 errorum
840 5017 987 5073 seminato-
1043 5037 1053 5068 ι
1072 5017 1184 5084 saciant,
1197 5027 1224 5072 et
1238 5017 1330 5072 decem
1353 5016 1399 5071 nttt
1420 5016 1505 5070 duran
1529 5016 1556 5070 in
1580 5014 1707 5085 patibulis
1719 5029 1829 5084 suspen

289 5098 337 5168 qui
348 5112 397 5153 eos
415 5114 464 5169 per
480 5102 555 5156 uaria
572 5103 638 5158 uitia
653 5104 827 5171 seducebant,
850 5109 885 5161 ad
899 5106 989 5163 lucem
1042 5108 1174 5162 «dautur.
1197 5105 1381 5179 l‘rceeepitque
1410 5122 1458 5162 rex
1482 5114 1512 5160 ut
1537 5107 1573 5161 ita
1587 5107 1674 5170 heret,
1693 5125 1703 5158 r
1722 5114 1774 5161 etc.
1786 5105 1829 5160 ln-

285 5193 443 5243 oottrertunt
468 5197 495 5243 et
519 5191 665 5261 participes
692 5193 786 5262 gratie
811 5192 912 5249 Christi
932 5196 989 5251 elii-
1040 5198 1196 5253 tentiohaec
1216 5197 1316 5268 reginae,
1336 5197 1444 5263 Esther,
1473 5212 1526 5267 qua
1545 5198 1638 5253 hostes
1664 5196 1829 5253 suosualide

285 5317 288 5331 .
304 5277 477 5349 «Nullusque
489 5281 529 5335 cis
540 5282 668 5337 resistere
678 5292 719 5337 est
732 5298 823 5340 ausus.
839 5303 848 5336 t
863 5284 931 5352 Quia
943 5301 990 5356 pa·
1041 5289 1146 5356 insequi
1161 5296 1189 5343 et
1206 5287 1357 5358 exstirpare
1371 5290 1528 5355 contendit,
1550 5291 1667 5345 studium
1683 5299 1765 5359 atque
1785 5303 1825 5345 so·

285 5367 416 5438 tajeatntis
430 5372 535 5435 diuinae,
555 5388 615 5443 quae
633 5373 771 5429 miraculis
788 5378 991 5433 comscantibus
1040 5378 1146 5432 lentiam
1166 5393 1238 5434 terto
1254 5379 1363 5449 reginae,
1384 5381 1436 5435 hoc
1454 5389 1496 5434 est
1511 5388 1612 5437 sanctae
1633 5380 1831 5446 Ecclesiaseu-

285 5457 368 5514 clesia
381 5459 546 5526 declaratur,
564 5463 713 5519 carnalium
727 5466 810 5520 corda
824 5467 911 5523 valide
924 5484 990 5522 con·
1040 5470 1143 5541 primii,
1156 5485 1216 5541 quse
1229 5470 1320 5527 hostes
1334 5487 1397 5527 suos
1407 5474 1466 5528 sinc
1480 5475 1630 5529 cessatione
1647 5475 1828 5549 persequitur.

303 5550 377 5606 etad
397 5551 545 5607 cedendum
558 5555 641 5610 uerbo
663 5555 709 5612 Dei
723 5559 869 5627 corripellit,
890 5560 923 5617 de
937 5578 991 5632 qum
1041 5570 1069 5616 et
1084 5561 1205 5618 lunditus
1218 5573 1390 5633 prosternere
1408 5575 1490 5635 atque
1509 5567 1559 5621 sibi
1582 5565 1828 5635 subjicerereerut.

285 5645 437 5701 evenienter
449 5647 591 5701 subditur:
1044 5649 1126 5720 Cujus
1152 5666 1221 5708 uoce
1247 5667 1297 5723 per
1318 5653 1489 5710 Psalmistam
1518 5655 1639 5711 dicitur:
1658 5654 1830 5721 ‹Persequar

285 5733 344 5790 lant
367 5742 396 5791 et
411 5738 610 5807 prouinciarum
621 5736 738 5806 judices,
754 5742 836 5798 duces
848 5751 875 5797 et
896 5759 993 5813 procu·
1026 5740 1168 5796 ‚inimicos
1189 5757 1273 5807 muts,
1289 5751 1318 5798 et
1330 5745 1558 5816 corurprehendam
1576 5746 1645 5809 illos,
1660 5753 1687 5797 et
1698 5757 1751 5795 nou
1763 5755 1829 5792 cou-

285 5839 358 5892 ores,
377 5828 519 5896 omnisque
536 5828 652 5899 dignitas
666 5845 727 5898 quae
749 5831 861 5901 singulis
882 5831 949 5887 locis
962 5848 995 5888 ae
1045 5839 1139 5886 vertar
1150 5833 1235 5887 donec
1251 5833 1398 5888 deliciaut:
1419 5834 1534 5905 affligam
1548 5836 1617 5899 illos,
1636 5847 1686 5888 uec
1704 5839 1830 5898 poterunt

285 5914 366 5971 tribas
377 5924 502 5986 praerat,
515 5918 680 5974 extollebant
697 5919 803 5975 ludaeos
817 5922 912 5976 timore
923 5922 994 5977 llar-
1045 5930 1119 5976 stare
1131 5919 1218 5993 (Prot.
1233 5922 1311 5993 surr).
1327 5943 1337 5977 r
1352 5925 1417 5991 Quae
1434 5917 1550 5995 pinnum
1577 5926 1738 5995 quingentos
1758 5922 1831 5977 uims

285 6004 356 6072 ebal,
367 6021 448 6076 quem
462 6008 610 6078 principem
630 6024 690 6066 esse
702 6011 794 6079 palatii
810 6021 838 6067 ct
851 6011 994 6080 plurimum
1047 6013 1074 6068 iu
1091 6011 1167 6068 Susis
1180 6053 1188 6078 ,
1201 6011 1297 6068 deinde
1317 6021 1452 6069 trecentos·
1466 6016 1581 6080 occidis,
1594 6015 1661 6080 inuia
1673 6030 1735 6069 unu
1748 6015 1844 6068 seium
