4709 6767
371 662 411 719 aa
710 642 714 649 '
789 655 964 716 connrnr.
985 656 1017 711 ιι
1038 655 1160 713 nonos
1179 654 1362 712 rv-nacuu.
1382 605 1554 714 „inum
1572 656 1593 713 ι.
1973 658 2009 719 ιι

375 798 385 830 ι
404 794 467 833 mos
493 777 535 830 ei?
557 774 815 844 Respondomntque
838 775 877 829 eis
895 793 901 828 ε
918 772 999 828 lucta
1025 786 1166 826 numerum
1181 772 1204 830 Α
1256 787 1267 821 ι
1284 769 1387 825 interca
1400 770 1534 826 Palaestini
1548 772 1677 828 facientes
1690 772 1838 843 plaustrum
1852 789 1965 843 norum,
1979 779 2009 834 ln

376 888 385 919 ι
403 865 604 939 prouinciarum
620 862 783 917 philisthiim
799 864 919 933 quinque
932 878 999 918 anos
1011 876 1107 915 aurcos
1127 858 1167 913 la-

288 955 293 961 ’
375 957 493 1020 arietis,
513 962 541 1008 et
564 954 684 1024 quinque
700 969 792 1008 mures
806 968 913 1018 aureos,
935 953 997 1023 quia
1013 952 1090 1023 plaga
1113 966 1166 1004 una

376 1067 386 1099 ι
406 1047 458 1102 init
469 1045 596 1102 omuibus
606 1044 682 1099 robis
693 1052 720 1099 et
737 1044 854 1113 satrapis
872 1046 981 1099 restris.
997 1042 1167 1111 Facietisque

376 1159 386 1190 ι
404 1137 596 1193 similitudines
616 1150 729 1190 anorum
751 1143 914 1201 uestrorum,
930 1142 956 1191 ct
978 1134 1167 1190 similitudines

375 1247 385 1278 ι
404 1228 523 1282 murium
539 1227 585 1295 qui
604 1226 724 1281 demoliti
750 1235 812 1280 sunt
827 1234 936 1290 terram,
951 1234 979 1281 ot
1001 1225 1098 1280 dabitis
1112 1226 1166 1279 Deo

375 1338 385 1370 r
406 1318 489 1373 lsrael
503 1316 617 1387 gloriam
630 1316 652 1370 si
675 1314 745 1371 lorte
757 1318 845 1372 elevet
866 1333 974 1370 manum
997 1332 1073 1371 sunm
1092 1331 1167 1371 aro·

374 1428 384 1460 r
405 1410 458 1472 bis,
482 1418 510 1463 et
533 1424 548 1461 a
566 1406 618 1461 diis
635 1408 743 1472 restris,
764 1416 792 1462 et
819 1424 834 1461 a
862 1417 934 1464 terra
958 1417 1062 1472 restra,
1084 1415 1164 1461 tete.

372 1501 499 1569 Quinque
511 1499 555 1554 ani
568 1499 642 1553 aurci
655 1507 683 1553 et
698 1499 816 1568 quinque
839 1515 929 1554 mures
943 1499 1068 1553 similiter
1080 1496 1165 1560 aurei,

372 1605 442 1659 quos
461 1588 584 1644 leeemnt
596 1588 742 1643 Plrilistlraei
755 1598 815 1658 post
830 1589 935 1660 plagam
949 1604 1030 1659 qnam
1046 1588 1166 1659 perpessi

373 1685 447 1740 sunt,
475 1684 503 1730 et
529 1674 678 1729 attulerunt
700 1676 732 1729 ad
756 1691 848 1730 arcam
877 1678 993 1741 bomini,
1014 1677 1167 1748 significant

371 1765 445 1833 quod
459 1766 569 1834 quidam
582 1765 707 1820 carnales
717 1766 836 1835 quinque
849 1768 972 1838 corporis
986 1767 1109 1823 suasibus
1119 1769 1166 1824 tle-

373 1856 436 1917 diti,
450 1863 478 1908 et
494 1854 637 1909 illecebras
658 1854 825 1924 voluptatum
853 1866 1006 1926 sequentes,
1030 1873 1090 1912 cum
1106 1872 1167 1912 cor-

374 1947 443 2017 repti
466 1945 568 2001 inerint
593 1962 608 2000 a
626 1944 749 2011 Domino,
769 1945 871 2001 scelera
897 1962 946 2002 sua
960 1956 1165 2019 cognoscentes,

373 2037 447 2106 ipsas
457 2036 551 2107 plagas
570 2036 642 2105 iuste
657 2052 687 2091 se
698 2038 801 2108 perpeti
823 2051 838 2090 a
854 2037 968 2092 llomino
992 2038 1164 2103 confitentur,

1219 874 1230 910 ι
1246 873 1300 927 quo
1316 869 1464 928 posuerunt
1481 875 1583 926 arcam,
1595 862 1708 932 etjuxta
1721 879 1781 918 eam
1802 864 1947 936 capsellam
1959 866 2010 922 ba·

1219 965 1229 998 r
1249 950 1355 1004 beatem
1375 966 1441 1005 anos
1462 959 1490 1005 ct
1513 965 1603 1006 mures
1623 967 1732 1018 aureos,
1748 970 1818 1023 quos
1831 956 2010 1013 exsolvebant

1219 1056 1229 1089 r
1248 1055 1297 1109 pro
1319 1039 1427 1104 delicto,
1441 1040 1652 1107 collocaverunt,
1668 1042 1845 1115 adjrmgentes
1863 1044 1931 1100 duas
1945 1060 2008 1101 rae·

1219 1152 1229 1185 ι
1248 1150 1294 1189 cns
1308 1133 1386 1199 letas,
1400 1135 1499 1204 quibus
1522 1150 1576 1189 non
1600 1144 1660 1190 erat
1685 1138 1841 1207 impositum
1863 1137 1968 1210 iugum,
1981 1148 2011 1195 et

1220 1243 1229 1275 ι
1248 1225 1345 1279 ritulos
1363 1241 1456 1279 earum
1472 1226 1662 1281 concluserunt
1680 1227 1763 1291 domi,
1784 1247 1794 1281 ι
1813 1237 1843 1282 ut
1861 1230 2010 1298 probarent

1216 1316 1286 1370 unde
1299 1316 1339 1369 eis
1351 1316 1428 1386 plaga
1440 1318 1569 1382 venisset,
1581 1325 1634 1372 etc.
1650 1317 1704 1386 (Ee
1715 1317 1843 1386 isidoro.)
1855 1319 1950 1376 Vaccae
1961 1336 2010 1375 au-

1217 1416 1270 1463 tem
1287 1409 1337 1462 illae
1347 1408 1550 1479 allophylorum
1567 1423 1658 1463 aream
1672 1418 1811 1480 gestantes
1823 1410 1936 1482 figuram
1948 1427 2010 1467 san-

1216 1509 1321 1553 ctorum
1349 1498 1562 1553 renuntiantium
1593 1498 1692 1554 saeculo
1714 1499 1935 1570 designaverunt,
1961 1500 2008 1570 qui

1217 1589 1318 1644 nullum
1337 1588 1425 1644 delicti
1434 1588 1528 1658 jugum
1546 1597 1697 1643 traxcmnt.
1710 1588 1777 1643 Nam
1803 1590 1874 1644 sieut
1892 1589 1944 1644 ille
1968 1590 2011 1659 pi·

1216 1694 1329 1750 guorum
1347 1679 1487 1734 affectibus
1508 1695 1523 1732 a
1551 1688 1625 1734 recto
1642 1678 1739 1741 itincre
1756 1678 1868 1734 minime
1883 1679 2011 1750 digressae

1216 1779 1288 1835 srrnt,
1304 1772 1341 1825 ita
1367 1770 1454 1826 sancti
1479 1771 1579 1825 mrrndo
1603 1770 1790 1825 renuntiantes
1809 1770 1940 1841 parentali
1961 1771 2012 1827 ob-

1217 1872 1292 1917 tentu
1309 1878 1362 1917 non
1377 1862 1504 1917 debente
1525 1862 1596 1916 bono
1608 1862 1750 1931 praepediri
1772 1863 1921 1932 proposito,
1940 1862 2012 1918 sicut

1217 1952 1323 2024 lloyses
1338 1952 1375 2006 ait
1391 1970 1398 2006 ι
1414 1970 1424 2002 ι
1443 1950 1492 2017 Qui
1505 1951 1599 2005 dicunt
1618 1951 1688 2020 patri
1699 1966 1748 2005 suo
1758 1958 1786 2004 et
1797 1951 1876 2004 matri
1893 1949 2011 2007 :Nescio

1217 2058 1276 2107 ros,
1291 2051 1319 2097 et
1334 2041 1462 2096 iratribus
1483 2041 1539 2096 suis
1555 2058 1561 2093 :
1575 2039 1672 2110 lgnoro
1685 2055 1744 2104 vos,
1764 2046 1793 2094 ct
1806 2041 1963 2095 nescierunt
1976 2041 2010 2096 ii-

371 2137 400 2181 ct
413 2127 583 2191 ltcetcoacti,
597 2128 715 2182 studium
726 2129 789 2182 ritae
808 2144 863 2183 suar
887 2128 1045 2183 meliorandi
1061 2130 1164 2198 impcn·
1178 2113 1202 2171 Β
1216 2132 1266 2186 lios
1278 2147 1351 2195 suos,
1364 2132 1392 2186 bi
1406 2130 1593 2185 eustodicnrnt
1608 2138 1801 2184 testamentum
1816 2129 1874 2194 lici,
1895 2136 1922 2184 et
1943 2145 2012 2200 prae·

371 2220 452 2274 dnm
466 2219 540 2287 Quod
554 2220 623 2275 bene
648 2219 802 2290 significant
816 2220 935 2289 quinque
957 2220 1081 2273 ciritatcs
1100 2219 1164 2275 Pbi-
1214 2232 1290 2293 ecpta
1313 2222 1372 2292 ejus
1398 2227 1575 2276 serraverunt
1592 2238 1598 2273 :
1613 2219 1719 2274 iudicia
1740 2227 1796 2283 tna,
1814 2218 1907 2284 lacuit,
1922 2230 1951 2276 et
1972 2221 2012 2277 le·

372 2309 555 2376 listhinorum,
579 2311 605 2365 id
627 2320 680 2374 est,
701 2310 810 2373 drutus,
834 2310 918 2374 Gaza,
939 2310 1067 2372 Ascalon,
1082 2309 1161 2372 Geth,
1214 2327 1274 2383 gem
1296 2322 1380 2375 tuam,
1395 2310 1476 2366 lsrael
1501 2310 1590 2381 (Dent.
1612 2309 1722 2378 xxxrnl.
1743 2329 1752 2361 ι
1770 2309 1816 2364 lile
1839 2311 1912 2364 enim
1938 2306 2036 2368 scire'

371 2400 507 2465 Accaron,
530 2400 590 2455 illos
602 2401 727 2455 videlieet
749 2400 932 2469 exprimentes
950 2400 996 2469 qui
1021 2384 1165 2454 citerioris
1214 2401 1298 2456 Deum
1309 2401 1469 2456 familiarius
1482 2401 1593 2470 appetit,
1606 2401 1651 2470 qui
1666 2415 1722 2471 pree
1735 2416 1828 2457 amore
1841 2402 1952 2471 pietatis
1965 2418 2011 2460 nc·

371 2492 492 2546 hominis
505 2500 583 2546 actus
598 2494 764 2560 sequuntur!
775 2489 829 2562 (lla
844 2488 1026 2559 llieronpmo.)
1040 2488 1114 2546 Gaza
1127 2490 1165 2543 ci·
1215 2495 1286 2549 scire
1301 2495 1438 2550 desiderat
1452 2493 1632 2562 quodeunque
1645 2493 1791 2549 carnaliter
1803 2495 1902 2549 sciunt,

370 2586 444 2639 ritas
462 2594 504 2639 cst
518 2585 670 2649 lineorum,
685 2583 711 2637 in
737 2597 789 2652 qua
807 2581 964 2636 habitavere
979 2580 1162 2650 Cappadoces,
1253 2603 1262 2634 ι
1278 2584 1355 2638 lbant
1369 2593 1471 2645 autem,
1484 2584 1582 2653 inquit,
1596 2584 1622 2637 in
1635 2584 1767 2638 directum
1778 2600 1868 2639 saccae
1879 2587 2010 2655 perviam

369 2678 497 2746 pristinis
521 2676 669 2732 cultoribus
692 2675 851 2730 interiectis.
877 2673 954 2743 apuu
977 2682 1081 2727 ueteres
1105 2680 1166 2726 erat

369 2768 505 2822 terminus
527 2765 740 2820 chananaeorum
751 2764 827 2834 juxta
843 2762 1000 2832 AEgyptum,
1015 2761 1165 2829 ceciditque

370 2857 401 2909 in
414 2866 514 2910 sortem
536 2856 624 2908 tribus
635 2853 721 2918 Jrnlae,
738 2853 785 2907 sed
801 2868 860 2907 enm
884 2861 976 2906 tenere
986 2883 987 2886 =
998 2867 1051 2904 non
1067 2851 1163 2920 potuit,

368 2951 435 3019 quia
451 2949 589 3014 Enaelrim,
606 2948 632 3003 id
655 2964 708 3012 est,
729 2947 852 3018 gigantes
874 2945 1091 3016 allophylorum,
1105 2944 1163 3000 ior·

370 3044 477 3097 tissime
491 3045 661 3097 restiterunt.
673 3041 708 3095 tn
720 3051 761 3096 est
775 3057 859 3109 nsque
880 3041 959 3096 hodie
972 3040 1086 3109 insignis
1099 3039 1165 3094 ciri·

370 3147 413 3192 tas
428 3137 589 3192 Palestinae.
603 3136 737 3203 Quaeritur
747 3144 837 3189 autent
860 3134 1014 3203 quomodo
1008 3150 1034 3187 ιιι
1046 3133 1163 3201 quodam

369 3227 502 3296 propheta
517 3224 610 3295 (Sepla.
626 3223 657 3293 ιι)
672 3225 779 3279 dicatur
791 3223 862 3278 Gaza
886 3222 999 3277 lutura'
993 3239 1019 3276 ιιι
1032 3222 1164 3296 tumulum

1217 2691 1303 2744 ‹quae
1328 2676 1403 2729 ducit
1423 2676 1600 2743 Bctlrsames,
1627 2698 1636 2730 ι
1659 2687 1712 2734 etc.
1738 2680 1798 2747 (Ea
1819 2681 2010 2756 llieronpnro.)
2053 2676 2061 2683 ”

1214 2764 1367 2819 Betlrsamis
1378 2766 1473 2819 ciritas
1487 2774 1529 2820 est
1542 2767 1718 2824 sacerdotalis
1731 2770 1758 2823 in
1773 2771 1844 2824 tribu
1859 2771 2009 2840 Beniamin,

1215 2872 1275 2925 quae
1298 2871 1383 2925 usqne
1407 2857 1488 2912 hodie
1514 2858 1714 2915 demonstratur
1741 2862 1775 2917 de
1804 2863 2006 2935 Eleutlreropoli

1215 2946 1388 3016 pergentibus
1400 2946 1560 3016 Nicopolim,
1590 2948 1617 3002 in
1645 2949 1751 3004 decimo
1766 2951 1892 3005 milliario
1915 2960 2010 3007 eontra

1215 3034 1374 3091 orientalem
1389 3035 1506 3107 plagam.
1521 3036 1676 3092 Betlrsamis
1690 3039 1774 3093 altera
1794 3041 1820 3094 in
1836 3041 1905 3095 tribu
1920 3040 2007 3112 liepb-

1215 3125 1322 3191 tlralim,
1352 3126 1378 3180 in
1405 3134 1507 3194 quaet
1532 3126 1582 3197 ipsi
1611 3127 1730 3183 cultores
1754 3130 1860 3199 pristini
1885 3147 2012 3203 perman·

1216 3229 1286 3269 sere

369 3315 585 3383 sempiternum?
610 3313 685 3380 Quod
709 3313 841 3367 sotrtrur·
835 3320 882 3374 rt·,r
910 3312 1029 3381 antiquae
1037 3303 1111 3365 citit
1113 3287 1165 3366 atis
1240 3304 1334 3358 ‘¹13'-
1323 3305 1425 3392 ttinere
1448 3321 1503 3360 uno
1527 3306 1720 3377 gradiebantur
1738 3318 1881 3380 pergentes
1899 3319 1927 3366 et
1950 3327 2010 3367 rnu-

370 3406 461 3460 Ιυριηῃ
486 3405 531 3458 rix
558 3403 792 3458 fundamentorum
815 3403 936 3472 pr'Lbcl'e
953 3392 1082 3472 vestigia·
1083 3386 1183 3457 hec
1218 3378 1363 3466 1111011101,
1376 3404 1403 3449 cl
1414 3403 1476 3451 ndu
1456 3379 1654 3478 declinabant
1665 3415 1752 3469 neque
1766 3401 1799 3456 ad
1810 3402 1950 3458 desierant
1961 3419 2008 3460 lle·

370 3504 474 3555 autem,
485 3508 545 3562 que
560 3507 630 3547 nunc
647 3492 776 3553 csrrntur
793 3506 819 3545 m
835 3491 888 3546 atro
906 3490 964 3545 loco
977 3505 1029 3558 pro
1043 3491 1087 3545 rlln
1101 3490 1165 3546 eedr
1221 3502 1301 3556 «que
1314 3489 1346 3541 ad
1362 3479 1510 3552 sinistram
1515 3461 1606 3545 'r'etc
1627 3490 1701 3546 liene
1727 3493 1793 3547 dicit
1817 3495 1888 3564 quod
1912 3496 2011 3552 itinere

371 3586 464 3639 ficata.
482 3584 597 3639 Ascalon
620 3590 715 3637 autem
733 3583 799 3636 urbs
823 3590 864 3636 est
888 3578 995 3636 nobilis
1002 3567 1073 3640 Palm
1056 3561 1163 3666 ‘satim
1198 3575 1271 3652 fuluo
1284 3580 1658 3665 grarlicbanturllctlrsamis,
1674 3582 1725 3638 hoc
1743 3592 1795 3649 est,
1811 3585 1883 3638 riam
1907 3586 2010 3657 regiam

371 3675 439 3741 Quae
450 3685 477 3728 et
492 3689 550 3744 rpsa
563 3674 712 3742 antrqurtus
725 3688 776 3727 una
795 3670 846 3726 luit
864 3672 897 3726 de
911 3686 1030 3742 qumque
1042 3660 1166 3739 satlapns
1208 3657 1374 3723 incedentes
1389 3646 1539 3725 iudiciuin
1542 3671 1652 3734 solis,⁸
1634 3671 1776 3731 inlocum
1795 3674 2010 3744 ridelieetjusti·

371 3766 586 3835 allophylorum,
602 3772 725 3834 separata
738 3764 846 3833 quidem
864 3772 893 3817 et
911 3777 960 3830 per
971 3771 1071 3817 sortem
1085 3760 1165 3816 tribui
1217 3759 1261 3813 tiae
1274 3766 1302 3814 et
1324 3744 1456 3813 veritalrs‘.
1473 3731 1636 3816 barcinis
1648 3763 1719 3830 enirn
1744 3765 1938 3835 interpretatur
1962 3769 2011 3823 ric-

370 3854 449 3908 tricae
462 3856 581 3920 decreta
593 3870 645 3910 nec
657 3864 745 3909 tamen
760 3861 865 3909 retenta
879 3853 913 3907 ab
924 3869 966 3918 ea
980 3853 1042 3922 qnia
1058 3853 1165 3908 habita·
1217 3865 1275 3903 mus
1289 3849 1364 3914 solra
1375 3859 1402 3904 et
1413 3849 1546 3920 significat
1565 3853 1703 3907 coetestem
1718 3853 1878 3913 ierusalem
1896 3859 1943 3913 ubi
1962 3856 2010 3916 Sol

372 3955 448 4001 tores
465 3947 523 4015 ejus
545 3960 672 4014 superare
688 3960 740 3998 non
763 3944 860 4013 potuit.
876 3944 956 4007 Geth,
972 3944 1005 3997 ad
1025 3958 1105 4012 quem
1124 3942 1165 3998 lo·
1214 3938 1325 4007 justitiae
1351 3955 1457 4009 semper
1484 3940 1565 3996 lueet.
1581 3961 1590 3992 ι
1606 3941 1683 3998 ibant
1708 3954 1800 4000 autem
1825 3947 1851 4001 in
1875 3948 2008 4007 directum

371 4052 437 4092 curn
450 4037 645 4091 transtulerunt
658 4052 748 4091 arcam
768 4036 922 4091 testamenti
939 4034 1079 4100 dedzom,
1093 4051 1166 4090 nune
1217 4046 1316 4093 vaccae,
1328 4041 1355 4084 et
1373 4046 1426 4085 non
1442 4031 1615 4087 declinabunt
1625 4048 1712 4104 neque
1727 4036 1760 4090 ad
1770 4037 1909 4093 dexteram
1921 4055 2010 4111 necque

371 4129 450 4184 ricus
473 4128 594 4199 grandis,
619 4136 733 4182 rneatur
757 4127 906 4183 Geclrtham
923 4127 994 4182 inter
1017 4126 1166 4197 Antipatri·
1216 4120 1250 4175 ³⁸1
1273 4120 1422 4184 sinisiram,
1443 4120 1563 4176 1810·Ιά
1588 4129 1641 4187 est,
1661 4138 1714 4176 non
1737 4124 1935 4182 extollebantur
1946 4143 2011 4199 pro-

371 4222 433 4276 dem
450 4229 477 4276 et
488 4219 632 4274 lumniam.
645 4218 698 4274 Sed
710 4227 736 4274 et
747 4218 799 4272 alra
810 4217 872 4273 villa
882 4216 1032 4287 appellatur
1041 4216 1163 4272 Geehim.
1216 4211 1312 4280 specis,
1324 4225 1411 4279 neque
1424 4210 1619 4281 frangebantur
1630 4213 1761 4267 adversis.
1773 4214 1849 4271 Unde
1858 4216 1924 4272 dicit
1934 4220 2008 4289 Apo-

371 4312 496 4367 Accaron
512 4312 539 4365 tn
556 4312 626 4365 tripu
640 4319 683 4365 est
705 4310 773 4371 Dan,
790 4310 847 4364 sive
861 4308 903 4378 (ut
921 4323 971 4378 ego
996 4306 1122 4379 arbitror)
1137 4307 1165 4362 in
1216 4300 1322 4355 stolus:
1338 4319 1347 4351 ι
1364 4300 1417 4355 Per
1434 4316 1508 4355 arma
1519 4302 1632 4371 justitiae
1649 4318 1665 4355 a
1680 4303 1784 4358 dextris
1797 4314 1855 4360 eta
1879 4309 2007 4377 sinistris,

371 4404 445 4457 tribu
466 4400 541 4455 tude
559 4402 591 4454 ad
615 4402 707 4455 laeranr
730 4398 952 4462 chananaeorum,
975 4398 1040 4452 urbs
1064 4414 1116 4453 una
1132 4397 1165 4453 de
1215 4408 1264 4463 per
1273 4392 1387 4463 gloriam
1402 4401 1429 4445 et
1441 4393 1704 4464 ignobilitatem,pcr
1716 4395 1854 4452 infamiam
1869 4408 1897 4455 ct
1909 4400 2007 4456 bonam

370 4493 494 4561 quinque
506 4491 569 4545 olim
580 4490 706 4560 satrapiis
719 4489 876 4553 Palestinae,
888 4497 916 4544 ct
925 4489 1035 4544 decreta
1049 4494 1091 4543 cst
1103 4487 1164 4558 qui·
1215 4482 1326 4547 samam,
1338 4492 1368 4537 ul
1383 4484 1539 4538 seductores
1549 4491 1577 4538 et
1586 4498 1708 4549 veraces,
1727 4504 1736 4536 ι
1750 4493 1803 4540 etc.
1823 4487 1865 4558 (ll
1880 4488 1940 4543 Cor.
1955 4490 2006 4560 ιι.)

371 4587 433 4637 dern
450 4582 530 4636 tribui
540 4581 683 4646 Judae,nec
698 4589 786 4634 tamen
802 4588 873 4634 tenta
884 4581 917 4634 ab
928 4595 972 4646 ea,
983 4582 1046 4651 quia
1056 4580 1164 4635 babita-
1216 4572 1269 4643 (5²
1284 4569 1711 4643 01111011015111111111111111111111
1725 4573 1796 4629 30113
1811 4574 2005 4635 habitationem

371 4681 448 4724 tures
463 4670 592 4740 pristinos
606 4670 728 4739 nequirit
742 4667 885 4738 erpellere.
904 4668 957 4723 Sed
972 4677 999 4723 et
1014 4682 1100 4736 usque
1115 4668 1163 4722 bo·
1216 4666 1360 4729 tendimus,
1382 4665 1492 4735 dignum
1508 4666 1631 4735 proiecto
1644 4676 1728 4722 estut
1742 4668 1775 4723 dc
1790 4670 1838 4723 Dei
1854 4671 2006 4741 itinerepro

369 4764 415 4817 die
429 4763 539 4832 grandis
555 4764 629 4817 ricus
652 4764 751 4819 civium
765 4762 918 4818 tuuaeorurn
929 4764 1050 4818 decaron
1063 4763 1163 4817 dicitnr
1174 4807 1202 4866 D
1215 4755 1368 4811 carnalibus
1395 4754 1536 4809 allectibus
1560 4771 1614 4811 non
1641 4757 1815 4811 declinemus.
1844 4758 1911 4813 Tota
1933 4761 2005 4818 enim

369 4858 443 4910 inter
458 4854 571 4908 Azotum
589 4863 616 4909 et
638 4854 773 4910 lumniam
793 4857 826 4910 ad
846 4857 977 4910 orientem
1002 4857 1158 4927 respiciens.
1213 4844 1788 4916 11111111111111111111111111111111111111111111011ἰ
1803 4848 1926 4916 11111111111
1939 4864 2004 4920 81111·

335 4933 338 4937 ⁴
368 4947 486 5014 Quidam
511 4954 606 5016 putant
630 4946 754 5003 decaron
779 4957 880 5003 turrem
895 4946 1047 5016 Stratonis,
1066 4960 1160 5026 postca
1213 4939 1307 5007 l>0⁵l¹³3
1320 4946 1436 5008 1111111111
1450 4946 1477 4991 11
1494 4947 1613 5007 1111111111,
1626 4939 1691 4993 111111
1706 4940 1852 4995 1111111111ῑὸ
1875 4942 2002 5012 1111111115,

367 5037 520 5090 Caesaream
540 5045 732 5106 nuncupatam,
758 5035 860 5091 Motus
879 5035 920 5107 (ut
942 5038 1065 5107 superius
1091 5038 1159 5093 dixi.
1213 5037 1347 5084 0111111011
1372 5029 1517 5083 (1611111119,
1537 5044 1589 5082 non
1614 5029 1755 5084 lessecidttl
1780 5046 1898 5100 gressus.
1919 5032 2004 5087 Amo-

369 5128 447 5196 mus)
461 5126 655 5197 interpretatur
674 5127 742 5195 ignia
761 5128 844 5197 putria
868 5128 919 5181 mei
940 5127 983 5182 rel
997 5129 1157 5183 incendium.
1215 5135 1271 5173 retu
1285 5119 1392 5189 quidem
1416 5134 1465 5187 per
1489 5120 1704 5187 compassionem
1719 5120 1849 5185 sentiunt,
1861 5121 1908 5176 sed
1935 5122 2004 5177 cotta

368 5218 443 5272 Gaza
459 5218 655 5286 interpretatur
672 5216 809 5285 fortitudo.
820 5216 947 5282 Ascalon,
957 5218 1025 5287 ignis
1038 5218 1156 5287 insumis,

368 5316 418 5361 aut
429 5308 497 5377 ignia
510 5306 642 5377 ignobilia.
656 5305 742 5371 Getlr,
760 5308 887 5363 torcular.
906 5307 1030 5363 decaron
1052 5321 1158 5377 quoque

369 5398 564 5464 interpretatur
573 5396 687 5449 eruditio
702 5397 814 5453 tristitie
828 5397 872 5452 rel
885 5397 1043 5452 sterilitate.
1064 5396 1159 5453 Omnis

368 5489 442 5541 enim
456 5488 674 5556 concupiscentia
690 5486 798 5543 intumis
812 5496 894 5558 atque
904 5488 1030 5559 ignobilis
1042 5504 1090 5558 per
1100 5489 1158 5543 dia-

368 5580 462 5634 bolum
475 5578 648 5643 inflammata,
662 5588 743 5649 atque
761 5595 809 5650 per
820 5582 971 5636 contrarias
986 5579 1157 5637 tortitudines

368 5670 507 5740 instigata,
520 5677 548 5724 et
563 5670 638 5738 quasi
662 5685 710 5739 per
739 5669 857 5729 torcular
870 5671 998 5741 nequitiae
1017 5685 1156 5740 expressa,

368 5760 462 5813 rinum
489 5758 627 5829 profundit
651 5760 839 5815 amaritudinis
866 5760 893 5815 in
923 5760 1046 5816 doctrina
1075 5777 1155 5832 prara

368 5856 396 5903 et
407 5848 606 5918 temperatione
617 5864 754 5918 perversa.
772 5849 848 5905 Unde
862 5865 972 5907 necesse
988 5858 1030 5905 est
1051 5860 1081 5904 ut
1099 5859 1157 5906 ten·

368 5940 416 5994 dat
427 5940 462 5996 ad
475 5948 601 6007 mortem,
611 5941 656 5997 ubi
666 5952 708 5997 cst
720 5942 829 5997 tristitia
840 5958 902 5998 rera
918 5952 944 6001 ct
956 5944 1082 5999 sterilitas
1096 5959 1157 6015 pcr-

369 6040 460 6100 petua.

1213 5211 1348 5280 posterius
1362 5226 1415 5263 non
1431 5207 1587 5265 dellectunt·
1602 5208 1648 5263 Sic
1670 5209 1798 5264 nimirum
1812 5212 2003 5279 praedicatores

1212 5301 1270 5364 Dei,
1283 5301 1322 5355 sie
1332 5298 1424 5354 fideles
1434 5299 1534 5369 quique
1548 5312 1610 5352 esse
1622 5299 1692 5352 intra
1707 5307 1827 5354 sanctam
1852 5300 2003 5357 Ecclesiam

1212 5393 1320 5456 debent,
1332 5399 1361 5444 ut
1374 5398 1401 5444 et
1412 5390 1611 5458 compatiantur
1620 5390 1751 5459 proximis
1768 5406 1817 5459 per
1830 5393 2002 5460 charitatem,

1211 5490 1340 5535 ettamen
1359 5481 1392 5535 de
1407 5480 1449 5534 rin
1465 5479 1513 5533 bei
1530 5494 1582 5533 non
1601 5480 1753 5533 exorbitent
1765 5497 1814 5551 per
1836 5485 2002 5553 compassio·

1210 5587 1281 5625 nent.
1290 5571 1388 5625 Arcam
1401 5571 1500 5640 quippe
1509 5570 1706 5639 superpositam
1715 5569 1866 5626 Betlrsamis
1876 5589 2000 5644 pergere,

1209 5672 1251 5718 est
1264 5679 1324 5718 cum
1338 5677 1453 5731 snpema
1464 5662 1577 5718 scientia
1592 5663 1626 5717 ad
1640 5663 1753 5719 interne
1775 5666 1843 5720 lucis
1858 5667 1998 5722 habitacu-

1208 5753 1264 5809 lum
1278 5755 1469 5825 propinquare.
1497 5754 1549 5809 Sed
1565 5763 1629 5809 tune
1655 5770 1718 5810 rere
1733 5756 1885 5812 lietlrsamis
1910 5759 1993 5811 tendi·

1208 5862 1277 5908 mus,
1294 5862 1356 5901 eum
1368 5846 1411 5899 ria
1426 5845 1596 5900 rectitudinis
1607 5845 1761 5916 gradientes
1779 5849 1812 5902 ad
1826 5847 1913 5901 ricina
1923 5862 1999 5903 erro-

1209 5939 1246 5993 ris·
1260 5939 1343 5991 latera
1356 5953 1406 6006 pro
1423 5931 1518 5992 alleclu
1530 5937 1671 6006 pignorum
1683 5953 1737 5992 non
1760 5938 1938 5993 declinamus.
1952 5939 1998 5995 stc

1210 6044 1326 6101 namque
1343 6044 1415 6084 nnnc
1427 6043 1536 6083 neccsse
1553 6037 1595 6082 est
1617 6035 1646 6082 ut
1667 6027 1790 6084 incedere
1812 6029 1937 6095 debeant,
1950 6032 1996 6103 qni
