4709 6767
357 588 410 644 219
754 585 931 642 conabar.
949 586 983 642 bt
1002 586 1125 644 LIBROS
1143 586 1177 642 Ν
1199 586 1329 672 REGUll.
1347 620 1382 631 —
1401 589 1434 646 lb·
1453 592 1517 648 lllt.
1536 592 1581 648 lt.
1941 603 1993 662 250

357 703 442 758 salium
461 697 619 769 Romulia),
642 717 734 774 regem
754 700 893 766 Samaria),
915 703 1032 772 eoquod
1048 703 1076 757 in
1094 701 1148 757 illis
1161 706 1187 765 Α
1200 703 1347 772 superioris
1360 744 1368 768 ,
1383 720 1443 773 quar
1456 714 1516 760 erat
1530 706 1558 760 iu
1572 720 1637 778 agro
1650 705 1769 775 lullonis,
1786 709 1830 764 ubi
1849 711 1943 767 sordes
1964 726 1995 769 et

357 795 463 848 linitum
474 793 511 848 sit
522 808 637 864 Quum
652 793 748 866 Syriae,
760 794 787 849 id
799 802 851 860 est,
861 794 1031 857 Damasei,et
1039 809 1152 865 regnum
1204 794 1316 848 maculae
1331 796 1515 864 purgabantur
1526 795 1592 867 (lau.
1604 796 1664 867 vn).
1676 797 1804 864 Quamvis
1814 801 1884 854 enim
1900 801 1992 857 llcbaz

357 883 511 949 Samaria,
526 884 620 950 idest,
635 886 728 941 decem
750 886 879 951 tribuum,
896 901 957 956 quae
975 886 1029 941 alio
1044 887 1153 942 nomine
1203 896 1328 956 regnaret
1341 901 1422 956 super
1434 884 1542 950 ludam,
1562 896 1652 943 tamen
1671 891 1734 958 quia
1755 891 1853 960 impius
1872 901 1941 956 erat,
1965 893 1993 948 in

356 973 565 1043 appellabantur
577 975 717 1045 Ephraim.
730 974 875 1047 Sexaginta
888 987 976 1031 autent
992 985 1020 1032 et
1032 978 1152 1049 quinque
1203 977 1350 1046 superioris
1364 978 1474 1048 piscinae
1484 979 1616 1033 extremis
1629 980 1726 1034 linibus
1740 981 1906 1036 morabatur.
1922 984 1994 1054 Ergo

356 1064 418 1117 anai
432 1078 486 1117 non
504 1079 520 1117 a
540 1066 707 1134 temporibus
721 1065 822 1130 Acbaz,
846 1065 892 1121 sed
910 1067 944 1122 ab
956 1067 1029 1123 Oziae
1041 1083 1153 1122 enume-
1203 1067 1275 1124 Deus
1290 1084 1343 1122 non
1360 1079 1415 1123 mm
1430 1070 1502 1140 regis
1513 1070 1666 1133 miseretur,
1679 1085 1759 1140 quern
1773 1071 1911 1142 indignum
1922 1074 1995 1128 testi·

356 1162 461 1206 natur.
480 1153 565 1222 igitur
582 1153 688 1209 llebrcei
704 1155 775 1210 hunc
787 1156 875 1210 locum
887 1157 925 1212 ita
945 1157 1105 1222 edisserunt,
1122 1165 1153 1213 ut
1203 1162 1293 1216 mahat
1306 1161 1406 1227 salute,
1428 1178 1509 1231 quam
1523 1162 1613 1233 populi
1627 1164 1679 1218 sui.
1696 1164 1768 1218 Duas
1783 1173 1873 1219 autem
1893 1166 1994 1222 caudas

355 1242 437 1296 Amos
461 1245 509 1313 qui
536 1244 587 1298 sub
604 1244 669 1299 Ozia
688 1246 770 1315 ctepit
793 1249 973 1317 prophetare,
1000 1251 1108 1318 quaudo
1124 1258 1153 1305 et
1203 1251 1317 1305 torrium
1339 1251 1546 1323 fumigantium,
1570 1263 1599 1306 ut
1621 1253 1696 1323 prius
1710 1254 1838 1317 diximus,
1854 1265 1934 1310 vocat
1947 1271 1992 1311 sa·

356 1334 438 1388 tedas
452 1335 603 1404 prophetiae
625 1351 681 1390 suae
694 1336 788 1391 babuit
804 1339 955 1401 exordium,
976 1341 1078 1408 primus
1089 1354 1152 1408 pra-
1201 1341 1331 1410 pientiam
1369 1343 1548 1407 saecularem,
1579 1342 1790 1413 haereticumque
1814 1360 1991 1409 sermonem,

355 1426 510 1494 phetarerit
535 1436 629 1480 eontra
652 1426 758 1492 lsrael,
786 1428 879 1482 dicens
896 1447 930 1482 :r
955 1429 1037 1484 lsrael
1061 1441 1152 1485 autem
1202 1447 1316 1501 quorum
1336 1432 1397 1488 ilaris
1416 1434 1522 1487 exustio
1542 1442 1593 1488 est.
1612 1433 1662 1501 Qui
1687 1433 1785 1488 trustra
1800 1437 1993 1491 iniernntcon-

355 1519 479 1586 captivus
492 1517 609 1574 ducetur
626 1520 659 1574 de
672 1529 744 1575 terra
762 1537 810 1576 sua
836 1522 925 1594 (Amos
943 1525 991 1597 vn)
1004 1542 1011 1589 ;
1033 1545 1042 1577 r
1060 1525 1152 1582 titulus
1203 1522 1292 1576 silium
1306 1563 1314 1588 ,
1328 1533 1357 1578 ut
1372 1523 1549 1578 ascenderent
1563 1533 1657 1578 corrtra
1671 1524 1767 1578 ludam
1780 1566 1788 1589 ,
1802 1536 1831 1579 et
1845 1528 1922 1595 quasi
1946 1542 1994 1583 ne·

355 1625 463 1680 quoque
477 1612 629 1681 prophetiae
643 1611 700 1680 ejus
713 1622 807 1669 contra
823 1614 974 1670 Samariam
989 1617 1035 1682 sit,
1050 1626 1077 1672 ot
1090 1634 1153 1687 pro-
1202 1613 1346 1683 gligentem
1359 1623 1387 1668 et
1399 1616 1577 1669 dormientem
1589 1626 1734 1685 caperent,
1747 1626 1774 1670 et
1789 1618 1844 1670 suis
1856 1619 1995 1674 erroribus

356 1702 468 1772 phetam
481 1704 1153 1776 ceperitlndicbusbztaeragtstuda,anteduas
1203 1703 1380 1773 copularent,
1408 1713 1592 1774 ponerentque
1617 1721 1699 1775 super
1724 1720 1785 1759 enm
1805 1707 1992 1774 regemblium

356 1806 440 1846 annos
459 1801 642 1848 terraemotus.
667 1793 750 1860 Quem
776 1796 867 1850 volrrut
887 1813 920 1851 eo
939 1805 1060 1868 ternpore
1082 1799 1153 1854 acci·
1204 1792 1332 1858 Tabelrel,
1347 1796 1463 1858 lrocesl,
1483 1797 1583 1850 bonum
1605 1797 1701 1851 Deum.
1721 1797 1839 1866 Uterque
1854 1798 1925 1853 enirn
1947 1799 1996 1862 ade

356 1881 438 1946 disse,
456 1897 514 1950 quo
528 1883 667 1954 ingressus
684 1884 765 1940 Ozias
787 1886 813 1940 in
832 1887 961 1958 templum
980 1888 1026 1943 Ilei
1042 1889 1093 1944 sibi
1108 1905 1153 1944 sa·
1202 1885 1359 1949 belsarius,
1383 1884 1454 1954 apud
1472 1901 1501 1941 ⁵0
1524 1888 1686 1953 vernalem,
1711 1889 1780 1956 ³9⁰⁶
1806 1905 1834 1943 ὅθ
1864 1890 1994 1958 Ollissfflffl

356 1971 507 2025 cerdotium
521 1973 695 2041 vindicabat,
717 1986 744 2031 et
760 1986 832 2032 terra
853 1994 981 2048 percussa
996 1988 1053 2046 est,
1069 1989 1096 2035 et
1110 1981 1152 2036 ci·
1203 1976 1319 2030 aestimat
1331 1990 1391 2031 esse
1406 1977 1566 2031 doctrinam.
1583 1979 1704 2047 Denique
1717 1979 1836 2034 blarcion
1850 1980 1995 2036 haereticus

356 2077 434 2115 neres
444 2062 541 2118 altaris
550 2062 628 2119 effusi
642 2075 720 2132 svart,
735 2075 763 2121 et
777 2068 835 2137 ipse
849 2084 895 2122 rex
909 2084 1054 2138 percussus
1075 2071 1150 2141 lepra
1165 2056 1189 2115 Β
1202 2066 1302 2121 bonum
1317 2068 1364 2122 Dei
1375 2067 1483 2133 Filium,
1500 2070 1550 2124 ¹¹⁰⁰
1565 2078 1616 2135 esi·
1631 2071 1743 2125 asterius
1755 2080 1831 2140 ll¹¹¹²lt
1845 2087 1905 2126 ⁰⁸⁸0
1914 2072 1994 2127 Chri·

356 2150 396 2220 tlt
412 2152 480 2206 Par.
496 2155 583 2226 xxvi).
604 2156 700 2212 Volunt
717 2168 807 2212 autem
832 2176 931 2215 annum
956 2161 1039 2218 luisse
1053 2163 1152 2234 vigesi·
1202 2169 1282 2225 stum,
1299 2169 1326 2214 et
1339 2176 1393 2215 nou
1403 2159 1482 2228 justi,
1494 2160 1570 2229 cujus
1581 2162 1718 2231 prophetae
1735 2171 1819 2227 sunt,
1835 2178 1915 2231 quem
1930 2178 1995 2217 san·

355 2261 428 2300 marn
444 2247 569 2316 quintum
585 2248 667 2313 Oziae,
686 2252 794 2320 quaudo
814 2252 871 2306 haec
895 2253 1060 2319 aeciderunt,
1075 2253 1151 2324 cnjus
1201 2250 1364 2320 guinarium,
1387 2251 1522 2306 crudelem
1540 2258 1567 2304 et
1579 2251 1698 2320 judicem
1713 2260 1798 2306 vocat.
1815 2251 1878 2307 liae
1891 2250 1944 2305 illis
1956 2253 1997 2306 di-

355 2338 450 2408 reliqui
465 2341 530 2394 anni
545 2350 609 2395 surrt
627 2342 720 2412 viginti
735 2352 848 2413 septem.
865 2343 965 2400 Omnes
979 2347 1051 2401 enirn
1066 2362 1151 2403 annos

355 2429 480 2497 regnavit
493 2431 689 2500 quinquaginta
709 2433 787 2487 duos.
803 2434 866 2488 Post
878 2450 939 2491 curn
954 2438 1076 2507 regnavit
1087 2436 1150 2492 Joa-

354 2517 428 2571 tbam
457 2519 532 2575 lilius
559 2521 641 2589 ejus,
664 2523 742 2576 antris
770 2525 904 2591 sedecim;
929 2536 957 2581 et
980 2526 1061 2596 hujus
1080 2527 1151 2584 itlius

354 2610 443 2665 lehaa
464 2611 527 2667 aliis
540 2613 669 2667 sedecim.
686 2614 749 2668 Post
762 2630 842 2683 quem
859 2617 982 2687 regnavit
996 2618 1126 2674 Ezechias
1142 2660 1150 2686 ‚

355 2703 431 2769 cuius
454 2713 534 2758 sexto
552 2705 658 2773 imperii
671 2721 742 2760 anno
763 2717 845 2777 capta
862 2708 986 2762 Samaria
1001 2719 1053 2774 est,
1070 2720 1152 2780 atque

356 2794 389 2848 ita
404 2793 475 2850 ellici
498 2795 678 2853 simulaturos
692 2800 832 2870 sexaginta
854 2800 984 2870 quinque.
1012 2801 1151 2873 Scriptum

1202 2341 1326 2396 centibus
1344 2341 1475 2395 Dominus
1495 2342 1691 2407 comminatur,
1708 2342 1780 2411 qnod
1799 2357 1852 2396 non
1868 2351 1921 2398 swt
1932 2356 1997 2397 con·

1202 2430 1292 2484 silium
1315 2445 1428 2496 eorum;
1456 2429 1503 2484 sed
1528 2430 1635 2486 interitu
1659 2446 1797 2500 ultraquam
1821 2431 1867 2486 diu
1881 2431 1996 2486 tuendus
2065 2472 2073 2487 .

1202 2520 1253 2575 iste
1275 2528 1350 2584 stat,
1372 2529 1400 2574 et
1421 2535 1453 2574 ea
1477 2536 1537 2590 quae
1555 2522 1646 2575 ntundi
1663 2530 1727 2576 sunt
1754 2523 1782 2576 in
1815 2522 1872 2577 suis
1897 2521 1996 2577 [iuribus

1201 2618 1229 2665 et
1243 2611 1270 2664 in
1285 2609 1341 2664 suis
1354 2609 1464 2663 urbibus
1477 2610 1661 2664 dominantur.
1675 2611 1743 2666 Cum
1757 2620 1847 2666 autem
1868 2627 1989 2666 consum·

1202 2703 1330 2758 matianis
1344 2711 1449 2772 ternpus
1467 2704 1628 2767 advenerit,
1651 2705 1756 2773 hecque
1778 2704 1918 2774 sexaginta
1941 2703 1996 2758 duo

1202 2794 1276 2858 antri,
1288 2794 1371 2846 etiarn
1387 2793 1479 2848 mundi
1493 2809 1538 2849 res
1555 2808 1615 2862 quaa
1633 2794 1659 2847 in
1677 2810 1723 2848 ser
1737 2795 1816 2848 annis
1831 2794 1995 2858 factasunt,

354 2890 566 2960 csteuintquod
581 2891 1151 2969 Tbeglatbpbalasarrexllssyriontmsub
1202 2884 1410 2955 l¹¹³¹¹¹⁰¹¹¹¹¹5³2
1439 2899 1499 2953 ‘lssffl
1522 2885 1556 2938 ²1¹
1576 2885 1693 2953 quinque
1719 2899 1815 2939 ⁵0¹¹⁸¹¹⁵
1837 2886 1995 2954 pertinent,

355 2995 418 3051 rege
435 2981 528 3036 Acbaz
548 2984 702 3040 ascenderit
724 2987 750 3040 tn
776 2987 938 3044 bugamum
953 2999 980 3045 eg
1005 2992 1153 3047 gaggam
1202 2977 1283 3031 linem
1301 2975 1457 3044 acceperint
1470 2991 1477 3039 ;
1490 2983 1554 3029 tunc
1568 2975 1694 3028 universa
1709 2990 1769 3029 esse
1782 2974 1996 3044 saliendaque

354 3086 425 3137 mm,
452 3082 483 3126 et
506 3074 676 3130 transtulerit
700 3077 867 3134 habitatores
889 3079 949 3149 ejas
967 3080 1100 3152 Cyrenen,
1124 3092 1152 3138 et
1202 3069 1317 3139 demist-‘t
1338 3077 1366 3122 0²
1386 3067 1507 3122 hfflffflssl
1532 3067 1622 3122 summ
1638 3082 1691 3121 ⁰⁰¹¹
1704 3066 1828 3132 “edunto
1844 3077 1872 3122 θῑ
1887 3076 1997 3137 Pf⁰l¹0f

355 3162 437 3218 nasta
454 3165 624 3222 triennem
639 3209 647 3234 ,
661 3177 689 3223 ev
703 3171 776 3240 quoe
795 3173 940 3229 uetuere
957 3174 1068 3230 insidias
1083 3176 1152 3232 vua
1202 3158 1387 3213 vrrruernuen
1401 3173 1455 3212 ¹¹⁰⁰
1472 3157 1627 3228 intellitur
1643 3171 1702 3225 que
1717 3157 1852 3212 dicamur·

354 3269 420 3320 cee,
443 3254 501 3310 tilio
525 3257 669 3325 homeliae,
685 3258 752 3316 Osee
766 3261 837 3317 filius
852 3262 929 3330 llela,
944 3274 972 3319 et
988 3268 1152 3336 percusserit

354 3359 426 3409 eunt,
449 3353 478 3401 et
500 3347 669 3404 interfecerit
692 3360 719 3408 et
742 3355 897 3424 regnaverit
908 3370 958 3425 pro
970 3355 1015 3411 illo
1029 3358 1055 3412 in
1069 3359 1150 3415 lsrael

354 3438 431 3492 annis
442 3454 558 3504 novem;
569 3449 597 3496 et
610 3443 682 3511 quod
691 3445 796 3500 venerit
809 3444 984 3504 Salmanasar
995 3465 1042 3506 rex
1055 3452 1149 3520 llssur,

355 3538 381 3583 et
392 3531 535 3587 obsederit
548 3531 709 3600 Samariam,
723 3551 784 3605 qnae
798 3555 869 3594 nurrc
883 3539 1015 3597 sebasten
1027 3551 1150 3611 vocatur,

356 3623 443 3676 tribus
457 3623 548 3688 annis,
562 3631 590 3676 et
605 3640 676 3680 nouo
689 3641 760 3681 anno
776 3629 851 3698 regni
866 3629 936 3685 Osee
957 3633 1059 3701 ceperit
1073 3649 1150 3700 eam;

357 3711 512 3782 rictumque
525 3711 594 3768 Osee
610 3713 637 3767 in
658 3729 796 3770 carcerem
811 3718 932 3786 miserit,
944 3727 971 3774 et
983 3722 1153 3778 transtulerit

355 3801 433 3857 lsrael
449 3803 477 3857 in
494 3802 635 3874 Assyrios,
650 3807 826 3877 posueritque
840 3824 889 3866 eos
903 3810 929 3865 in
950 3811 1048 3877 hilam,
1076 3822 1104 3867 et
1124 3815 1150 3869 in

357 3891 475 3961 Thabor,
485 3893 566 3963 juxta
578 3893 677 3950 llumen
691 3897 803 3963 Gazam,
820 3899 846 3954 in
860 3900 1032 3968 civitatibus,
1045 3902 1103 3958 sive
1112 3903 1154 3975 (nt

357 3981 534 4054 Septuaginta
559 3984 765 4055 transtulerunt)
792 3986 819 4040 in
839 3988 976 4044 montibus
1001 3990 1150 4046 Medorum.

357 4070 581 4146 lurtaanagogen
588 4074 1013 4150 laeilisintcrpretatioest,quod,
1021 4091 1153 4150 regnante

357 4165 443 4220 lebaz
462 4181 528 4236 rege
542 4166 636 4236 impio,
651 4183 696 4221 rer
715 4167 809 4233 Aram,
830 4169 876 4239 qui
895 4170 1090 4241 interpretatur
1104 4189 1151 4227 ea-

360 4255 440 4311 relaas
453 4265 538 4325 atque
550 4257 681 4323 sublimis,
696 4266 727 4311 ut
740 4257 840 4313 indicet
850 4262 1031 4330 arrogantiam
1046 4263 1153 4331 sapien·

360 4345 396 4400 tle
410 4346 519 4410 eacutt,
542 4355 570 4399 et
594 4345 701 4403 Plracee
722 4347 793 4402 itlius
817 4349 946 4404 Romelim
972 4352 1028 4421 (qui
1050 4353 1152 4423 etipse

357 4434 429 4504 juxta
444 4437 518 4493 Osee
532 4439 690 4507 prophetam
711 4448 739 4493 et
757 4437 857 4494 tribum
876 4441 1024 4511 Ephraim,
1049 4444 1081 4499 de
1099 4459 1152 4513 qua

359 4523 512 4592 leroboam,
528 4528 599 4583 lilius
611 4528 737 4595 Nabath,
753 4529 854 4586 vitulos
867 4546 963 4587 aureos
978 4531 1005 4585 in
1019 4532 1112 4587 Ectbel
1125 4542 1153 4590 et

361 4615 409 4671 ban
435 4618 629 4680 corastituerat,
658 4627 686 4674 et
711 4619 822 4677 adomo
839 4620 924 4677 David
954 4623 1002 4677 Dei
1026 4624 1153 4694 populum

361 4718 541 4780 separaverat,
555 4718 581 4764 et
593 4721 737 4780 propterea
751 4713 868 4769 refertur
881 4714 914 4768 ad
927 4715 1078 4788 haereticus)
1089 4731 1192 4805 oon-1)

362 4798 545 4866 tntiarrtsibi,
555 4811 584 4856 ut
593 4812 748 4874 expugnent
762 4804 922 4860 Ecclesiam.
936 4807 1013 4874 Quod
1028 4823 1090 4863 curn
1101 4823 1151 4863 au·

362 4891 437 4946 berit
463 4893 562 4946 dumus
586 4893 670 4948 llavid
685 4935 692 4958 ,
709 4909 789 4963 quern
816 4896 843 4950 in
859 4897 1001 4953 Ezeelriele
1015 4908 1151 4968 pastorem

363 4980 456 5035 barrum
473 4980 591 5052 legimus
607 4985 768 5038 suscitatum
782 5025 790 5048 ,
805 4993 832 5039 et
844 4987 958 5056 populus
970 4985 1029 5055 ejus
1049 4987 1152 5058 simpli·

364 5072 425 5127 citer
437 5073 555 5126 credens
568 5073 595 5127 in
610 5072 724 5129 Domino
738 5075 926 5145 pertimescit,
945 5084 973 5130 et
990 5078 1051 5132 ideo
1065 5082 1151 5148 perti·

365 5165 465 5229 irascit,
477 5166 541 5234 quia
556 5180 611 5219 non
624 5165 766 5220 arboribus
779 5165 926 5238 lrugileris,
940 5168 988 5223 sed
1003 5167 1152 5224 infructuo-

365 5271 390 5310 so
415 5256 498 5311 salttd
526 5266 711 5327 comparatur.
747 5256 861 5313 Eosdem
891 5267 981 5313 avrtem
1011 5258 1152 5316 hereticas

365 5359 440 5417 atique
453 5348 570 5420 gentiles
590 5357 684 5404 eontra
705 5349 813 5405 doraum
832 5350 916 5406 llavid
930 5360 1152 5423 argumentorum

365 5450 387 5495 et
407 5441 558 5497 dialectice
584 5442 651 5496 artis
677 5440 773 5513 gladiis
800 5443 930 5498 dimicare
955 5442 1021 5498 nulli
1041 5443 1152 5499 dubium

365 5544 414 5597 est,
425 5543 455 5586 ut
464 5533 512 5602 qui
529 5533 601 5587 inter
613 5549 642 5588 se
654 5533 818 5604 discrepant,
834 5534 860 5588 in
872 5534 1000 5590 Ecclesiae
1013 5550 1152 5607 oppugna·

365 5625 434 5680 tione
449 5625 645 5690 consentiant,
666 5623 745 5693 juxta
772 5626 857 5691 illud,
887 5627 959 5698 quod
985 5625 1108 5682 llerodes
1125 5635 1153 5682 et

364 5711 463 5770 Pilatus
480 5714 552 5770 inter
575 5729 604 5771 se
627 5716 828 5778 discordantes,
857 5717 885 5770 in
903 5717 1009 5771 llomini
1026 5716 1153 5786 passione

364 5805 480 5860 amicitia
505 5804 673 5860 loederantur
689 5805 764 5876 (Luc.
783 5802 967 5875 xsvtt).lrnpio
990 5806 1046 5876 regi
1070 5806 1153 5862 isaias

362 5891 469 5965 jubetur
483 5911 630 5952 occurrere
641 5898 735 5950 exieus
749 5897 782 5950 de
797 5896 854 5951 locu
869 5912 919 5950 suo
930 5912 983 5950 mm
1002 5897 1030 5951 io
1052 5897 1153 5967 princi·

364 5986 407 6055 pie
429 5986 624 6057 aquaeductus,
648 5987 696 6042 sed
721 5986 748 6041 in
768 5987 897 6042 ettrcrnis·
919 5988 1018 6043 linibus
1041 5985 1152 6058 ptsdna

1487 3289 1601 3347 CAPUT
1621 3290 1700 3346 llllll.

1164 3394 1187 3457 C
1203 3403 1243 3460 De
1256 3402 1429 3459 translatione
1443 3402 1656 3458 decemtribuum
1670 3420 1730 3475 que
1742 3404 1885 3476 regnabunt
1897 3406 1925 3460 in
1945 3403 1996 3462 Sa-

1240 3475 1334 3539 maria,
1352 3475 1378 3528 iu
1399 3474 1520 3543 desqrt'oa
1541 3491 1587 3545 per
1610 3472 1783 3529 Solutunuaur
1803 3492 1887 3545 regem
1913 3477 1994 3546 Aug·

1239 3546 1349 3609 riorum,
1365 3545 1498 3616 inquibus
1514 3545 1577 3598 locis
1589 3543 1679 3598 itidem
1701 3547 1756 3614 ipae
1772 3561 1817 3599 rea
1840 3546 1907 3601 ulios
1924 3549 1996 3601 colo·

1239 3632 1285 3670 noa
1299 3615 1427 3668 adductos
1445 3616 1578 3669 substituit
1593 3617 1637 3685 qai
1656 3616 1717 3669 deos
1740 3615 1859 3686 proprios
1899 3634 1945 3671 eoa
1968 3616 1995 3671 itt

1238 3696 1309 3740 terra
1324 3701 1373 3738 auu
1391 3685 1544 3751 coluerunt,
1563 3685 1598 3738 ibi
1624 3686 1755 3750 colebant,
1774 3695 1799 3739 et
1827 3634 1995 3742 rrttttqomiuua

1239 3755 1323 3809 Deum
1336 3754 1431 3809 lsrael.

1239 3888 1313 3960 (Car.
1340 3888 1419 3959 xviv.)
1438 3906 1448 3938 r
1473 3887 1613 3957 iratusque
1623 3896 1665 3943 est
1678 3888 1807 3944 Dominus
1822 3880 1995 3947 vehementer

1206 3996 1215 4030 r
1239 3978 1340 4043 lsraeli,
1352 3987 1380 4033 et
1391 3977 1501 4032 abstulit
1515 3993 1562 4033 eos
1576 3996 1590 4032 a
1606 3991 1751 4049 conspectu
1764 3996 1823 4045 suo,
1841 3990 1868 4034 et
1882 3996 1934 4036 non
1950 3998 1995 4038 re-

1206 4090 1216 4122 «
1239 4072 1337 4126 mansit
1349 4071 1401 4126 nisi
1419 4071 1505 4125 tribus
1514 4070 1583 4125 luda
1602 4073 1795 4126 tarrtummudo.
1809 4072 1861 4127 Sed
1875 4089 1925 4128 nec
1938 4075 1996 4143 ipse

1206 4177 1216 4210 r
1237 4157 1320 4213 lutras
1337 4159 1485 4213 custodivit
1500 4158 1626 4213 mandata
1639 4161 1742 4214 bourini
1759 4161 1805 4214 llei
1821 4162 1872 4215 stri.
1884 4161 1996 4218 Verum-

1207 4267 1216 4300 r
1241 4258 1331 4303 tamen
1346 4248 1493 4302 atribulavit
1520 4249 1548 4302 in
1563 4249 1704 4304 erroribus
1727 4249 1820 4315 lsrael,
1837 4266 1904 4319 quos
1931 4268 1995 4323 ope-

1207 4349 1314 4394 rratus
1334 4337 1434 4395 luerat.
1469 4338 1642 4408 Projecitque
1680 4339 1811 4396 Dominus
1843 4357 1922 4398 omne
1951 4359 1994 4400 se-

1207 4449 1216 4483 r
1239 4447 1300 4486 meu
1309 4430 1401 4497 lsrael,
1411 4440 1438 4485 et
1449 4429 1542 4484 alllirit
1550 4446 1597 4484 eos
1605 4440 1633 4485 et
1644 4432 1754 4486 tradidit
1766 4446 1812 4487 eos
1826 4433 1853 4486 iu
1865 4449 1946 4487 manu
1956 4435 1996 4489 di·

1207 4541 1217 4574 r
1241 4522 1393 4593 ripientium
1408 4522 1494 4577 donee
1505 4522 1647 4592 projiceret
1657 4536 1704 4577 eos
1715 4538 1730 4575 a
1741 4521 1809 4578 laeie
1819 4539 1879 4587 sua,
1903 4545 1912 4577 r
1936 4534 1992 4582 ete.

1205 4611 1351 4668 Subversio
1362 4622 1453 4666 autera
1472 4612 1667 4679 israelitarum,
1689 4630 1749 4683 quae
1764 4615 1799 4669 ab
1816 4616 1933 4686 Assyriae
1954 4633 1995 4671 re-

1204 4705 1283 4775 gibus
1293 4713 1446 4774 perpetrata
1456 4712 1507 4768 cst,
1520 4704 1735 4773 quidsignihcat,
1744 4705 1953 4761 nisimirahilem
1966 4716 1993 4763 et

1205 4795 1287 4850 nimis
1298 4795 1447 4849 dellendavn
1462 4795 1568 4850 ruinam
1582 4794 1672 4865 populi
1690 4797 1884 4851 ecclesiastici?
1907 4796 1993 4865 Quam

1203 4901 1252 4940 rex
1266 4886 1404 4958 Assyrius,
1429 4887 1480 4941 boc
1503 4885 1692 4954 estdiabolus,
1715 4904 1777 4942 cum
1801 4904 1850 4943 sno
1872 4892 1993 4946 exercitu

1203 4976 1369 5031 devastando
1382 4985 1462 5046 atque
1478 4968 1625 5032 obsidendo
1639 4978 1757 5048 quotidie
1769 4977 1863 5045 ellicit,
1875 4997 1937 5035 cum
1947 4998 1995 5038 eos

1202 5078 1313 5140 propter
1324 5080 1436 5142 peccata
1447 5070 1590 5126 commissa
1609 5071 1643 5125 de
1659 5071 1768 5126 sedibus
1782 5073 1898 5141 propriis
1919 5073 1993 5128 erel-

1203 5159 1264 5216 lens
1275 5160 1361 5217 desert
1372 5162 1398 5215 in
1419 5168 1520 5216 terram
1535 5161 1662 5225 alienam,
1679 5176 1733 5230 quo
1747 5163 1833 5232 magis
1846 5161 1938 5233 lugere
1948 5165 1996 5217 tle·

1203 5253 1322 5316 lectant,
1348 5266 1429 5320 quam
1453 5251 1558 5306 eatvtiea
1585 5251 1684 5306 letitia
1711 5250 1842 5320 prolerre.
1872 5251 1946 5308 Unde
1967 5263 1995 5309 et

1203 5344 1347 5400 Psalmista
1363 5343 1478 5413 mystico
1493 5341 1600 5412 eloquio
1620 5341 1766 5396 boc-idem
1789 5351 1993 5408 eornmerrrorat,

1204 5438 1319 5494 dicens:
1338 5455 1346 5488 r
1368 5434 1455 5505 Super
1465 5433 1576 5490 llurniua
1590 5433 1734 5506 Babylonis
1750 5433 1804 5489 illic
1824 5435 1944 5489 sevlirnus
1967 5442 1995 5487 et
2039 5454 2051 5475 ·

1204 5527 1337 5590 bovium.
1352 5527 1414 5582 dunt
1429 5527 1636 5581 recordaremur
1650 5527 1699 5587 tui,
1716 5523 1791 5581 Sion.
1816 5525 1845 5580 ln
1867 5525 1995 5580 salicibus
2058 5548 2064 5560 ·

1206 5621 1233 5675 in
1249 5619 1336 5675 medio
1350 5618 1409 5689 ejus
1424 5616 1613 5687 suspendimus
1625 5632 1726 5689 organa
1738 5627 1842 5672 nostra.
1871 5616 1938 5684 Quia
1962 5614 1995 5669 il·

1207 5713 1241 5768 lie
1254 5713 1491 5781 interrogaverunt
1507 5726 1568 5775 nos,
1583 5710 1629 5779 qui
1643 5710 1763 5778 captivos
1776 5709 1911 5763 duxerunt
1932 5719 1993 5770 nos,
2044 5749 2051 5759 .

1205 5803 1464 5876 verchantiouum.
1479 5801 1512 5856 Et
1527 5801 1573 5871 qui
1596 5801 1765 5855 abduxerunt
1775 5812 1824 5852 nos
1839 5815 1845 5850 :
1859 5795 1995 5864 llymnum

1206 5905 1314 5952 cantate
1326 5896 1403 5951 nobis
1423 5896 1457 5950 de
1476 5894 1590 5949 canticis
1612 5892 1687 5947 Sion.
1712 5888 1852 5956 erornodo
1874 5885 1996 5940 cantabi-

1206 6003 1267 6045 mus
1275 5984 1554 6044 cautieurnllomiuiin
1562 5995 1633 6040 terra
1644 5982 1730 6038 alicua
1742 5977 1829 6051 (Paul.
1841 5980 1969 6036 crxtvrll
1982 5996 1992 6030 a
