4709 6767
377 631 429 690 tta

694 632 725 686 tt.
746 629 872 686 uiuant
892 629 1001 686 llalUlll
1019 627 1179 684 tuentur.
1202 625 1356 683 ttoouu'r.
1378 626 1521 682 ortuum
1541 625 1631 681 PARS
1649 626 1669 680 l.
1952 631 2000 686 dil

415 765 424 795 ι
444 744 575 812 Quoniam
592 760 608 798 a
622 745 676 799 Deo
691 744 810 814 prolecta
824 751 865 797 est
876 743 1018 812 sapientia.
1035 762 1044 793 t
1066 739 1159 796 Omnis
1173 745 1197 801 Α
1210 748 1269 795 εει;
1299 758 1308 790 r
1328 738 1501 810 concupiscis
1519 741 1699 810 sapientiam?
1718 739 1803 796 Serva
1820 742 1961 811 mandata,
1975 755 2002 800 ει

377 837 448 890 ειιίιιι
463 835 591 905 sapientia
608 832 688 903 (sicat
713 831 876 901 principium
900 831 960 885 libri
983 829 1062 897 hujus
1081 837 1164 884 testa·

378 926 431 994 turi
446 940 460 977 a
473 923 584 977 Domino
599 922 651 977 Uen
662 930 714 987 est,
730 921 792 990 quia
808 920 932 975 Christus
953 919 1107 990 unigenitus
1117 914 1164 973 bei

376 1014 459 1069 Filius
475 1031 490 1069 a
513 1014 568 1068 Deo
589 1013 669 1067 Patre
690 1019 833 1074 natusest,
848 1011 893 1080 qui
907 1010 933 1064 in
947 1008 1093 1080 Evangelio
1107 1008 1163 1062 ait:

379 1125 388 1155 ι
407 1106 509 1159 Exiria
525 1104 614 1168 Patre,
630 1113 657 1158 et
668 1104 727 1157 reni
743 1104 770 1156 in
790 1101 918 1155 mnndum
941 1098 1031 1171 (loon.
1046 1099 1102 1170 xm)
1115 1116 1122 1164 ;
1137 1105 1164 1154 et

375 1196 494 1250 iterum:
514 1213 523 1244 ι
541 1194 596 1265 ligo
616 1193 662 1247 lux
687 1193 713 1246 iu
734 1192 806 1246 bunc
830 1190 960 1244 ntundum
983 1188 1043 1241 reni
1070 1186 1161 1259 (ioan.

374 1286 460 1357 rui.»
485 1285 578 1342 illico
602 1284 673 1338 enim
698 1281 819 1353 proiecta
840 1287 882 1335 est
907 1278 1050 1350 sapientia,
1068 1277 1162 1347 quiea

375 1377 447 1432 loatte
467 1378 528 1431 ritae
542 1376 672 1447 processit
686 1373 808 1429 veritatis
831 1372 965 1436 doctrina,
981 1370 1024 1427 cui
1039 1370 1091 1428 rite
1105 1384 1163 1425 onr-

374 1469 416 1523 uis
436 1466 643 1538 conxpetitlaus,
657 1464 744 1520 uirtus
763 1471 791 1518 et
805 1461 899 1534 gloria.
927 1459 1002 1517 Unde
1026 1468 1053 1514 et
1073 1459 1162 1530 sequi-

374 1569 418 1615 tur
434 1578 441 1614 :

411 1668 420 1699 r
437 1646 582 1718 Sapientiae
595 1643 667 1701 enim
689 1642 736 1698 Uei
751 1641 850 1697 astabit
864 1640 932 1705 laus,
951 1646 979 1694 et
993 1638 1020 1693 in
1032 1653 1079 1694 ore
1089 1637 1160 1694 loeti

377 1726 559 1790 «alanndabit,
573 1734 599 1780 et
609 1728 763 1781 dominator
777 1726 852 1781 dabit
862 1741 921 1781 eam
937 1725 986 1780 illi.
1005 1724 1076 1777 »Uat
1087 1725 1159 1780 enim

1217 827 1347 884 Dominus
1359 829 1489 898 praebebit
1502 830 1574 883 iliam
1589 829 1637 883 tibi
1650 828 1779 898 (Ucetia).
1801 850 1811 883 ι

1255 936 1264 969 ι
1283 918 1341 974 Nou
1358 920 1454 974 dicas:
1477 919 1522 973 llle
1537 935 1580 973 me
1596 918 1767 989 implanavit3
1792 934 1846 975 non
1867 920 1942 975 enim
1958 937 2002 977 rte·

1219 1008 1357 1063 ‹cessarii
1378 1016 1440 1063 sunt
1454 1007 1490 1063 illi
1512 1009 1634 1065 homines
1649 1008 1733 1079 impii.
1756 1029 1765 1062 t
1791 1009 1850 1065 Non
1874 1019 1919 1066 εει
1933 1011 2002 1066 enim

1215 1099 1316 1155 erroris
1330 1098 1427 1164 nostri,
1451 1105 1479 1154 et
1498 1114 1588 1169 pravae
1609 1099 1722 1154 actionis
1741 1114 1824 1154 eausa
1845 1098 1904 1155 Deo
1919 1100 2001 1170 depu-

1215 1191 1305 1257 tanda,
1323 1191 1385 1260 quia
1400 1190 1476 1244 ruina
1489 1198 1580 1245 nostra
1593 1207 1646 1246 uon
1657 1198 1699 1246 εει
1708 1189 1747 1245 illi
1763 1191 1935 1257 neccssaria,
1956 1192 2002 1248 sed

1214 1281 1301 1349 magis
1317 1280 1373 1349 ipse
1386 1280 1482 1335 allevat
1496 1280 1648 1349 omnesqui
1670 1288 1761 1345 ruunt,
1775 1288 1802 1334 et
1815 1281 1896 1350 erigit
1908 1294 2001 1337 ornares

1213 1369 1314 1436 elis0s;
1339 1370 1440 1440 dequo
1462 1368 1577 1425 lacobus
1601 1369 1738 1439 apostolus
1758 1370 1786 1424 in
1808 1370 1929 1440 Epistola
1954 1385 2000 1426 sua

1213 1460 1330 1530 scripsit,
1348 1459 1441 1515 dicens
1455 1474 1463 1513 t
1479 1478 1488 1511 ι
1506 1458 1590 1516 Nemo
1600 1476 1661 1515 cum
1674 1468 1802 1525 tentatur,
1817 1461 1893 1516 dicat
1905 1462 2000 1532 quoda

1212 1550 1268 1605 er
1283 1559 1417 1605 tentetur:
1444 1551 1515 1605 Deus
1538 1550 1612 1604 enim
1635 1551 1783 1605 intentator
1804 1550 1940 1606 malorum
1960 1559 2001 1606 εει

1212 1638 1316 1711 (tarot.
1335 1640 1355 1710 r)
1370 1655 1404 1706 3»
1425 1638 1584 1695 subanditur
1604 1647 1840 1703 tentamentorum,
1860 1639 1920 1709 ipse
1929 1640 1998 1696 euim

1211 1728 1345 1783 nemiuem
1359 1735 1453 1783 tentat.
1469 1747 1478 1780 t
1494 1727 1533 1782 Ea
1544 1727 1666 1815 rideljoet
1680 1727 1839 1794 tentatione,
1856 1743 1918 1799 quae
1930 1730 1996 1786 deei-

376 1815 509 1871 Dominus
521 1815 591 1870 iideli
602 1816 717 1870 amatori
733 1830 783 1871 suo
799 1816 965 1871 intellectum
981 1815 1120 1885 sapientie
1131 1824 1159 1871 et
1210 1817 1249 1888 pit
1266 1819 1381 1874 miseros
1395 1826 1426 1873 ut
1440 1825 1573 1890 peccent:
1591 1816 1704 1873 «Bonus
1720 1826 1763 1873 est
1783 1818 1857 1873 enim
1872 1818 1998 1877 Dominus

322 1955 326 1962 .
378 1907 459 1962 rerba
475 1907 635 1976 prudentiae,
651 1915 680 1960 ut
693 1907 760 1978 legis
776 1921 833 1963 suae
847 1919 926 1961 verax
937 1905 1043 1975 agnitor
1058 1913 1086 1962 ει
1101 1906 1159 1961 ido·
1210 1910 1381 1983 sperantibus
1394 1911 1421 1968 in
1446 1926 1491 1980 se,
1517 1911 1623 1980 animae,
1634 1910 1765 1982 quaerenti
1789 1909 1866 1965 illum
1892 1909 1997 1984 (ibren.

373 2014 443 2053 nens
458 1998 554 2054 doctor
570 1999 670 2054 existat
680 2016 689 2067 ;
725 2014 776 2053 nec
802 2000 860 2069 ipse
890 2000 990 2055 donum
1025 1998 1159 2069 largitatis
1209 2003 1291 2076 m).r

374 2104 429 2145 sna
445 2088 525 2142 alicui
541 2088 651 2151 invidet,
669 2088 715 2157 qui
729 2089 786 2143 uult
803 2103 899 2144 omnes
912 2088 1036 2144 immines
1065 2086 1160 2143 salros
1249 2113 1258 2146 ι
1280 2095 1365 2151 Omne
1377 2103 1610 2151 exsecramentum
1624 2096 1725 2152 erroris
1738 2095 1890 2162 oditlieus
1905 2106 1932 2152 et
1946 2114 1997 2154 non

374 2193 446 2240 esse,
466 2187 495 2233 et
510 2176 717 2247 adagnitionem
733 2178 857 2234 veritatis
883 2178 1025 2248 peruenire
1049 2178 1075 2249 (l
1089 2174 1157 2233 Tim.
1212 2206 1222 2239 ι
1243 2187 1296 2242 erit
1315 2188 1431 2243 amabile
1452 2188 1607 2243 timentibus
1621 2186 1732 2242 illum.»
1752 2187 1831 2243 Sicut
1854 2188 1928 2244 enim
1940 2204 1996 2244 om·

374 2272 423 2337 ¹¹l3
439 2266 501 2321 ¹⁶⁰⁰
520 2275 719 2335 c⁰¹¹⁵⁰il¹¹i¹¹iti
731 2267 806 2321 dicit.
1207 2293 1268 2334 nem
1286 2293 1405 2333 errorem
1420 2278 1567 2333 detestatur
1582 2275 1663 2343 bens,
1686 2277 1765 2332 sicet
1788 2277 1834 2333 ille
1853 2278 1900 2348 qui
1924 2277 1996 2332 timet

408 2388 418 2420 ι
435 2368 493 2424 Non
509 2369 608 2424 dixeris
627 2384 676 2438 per
690 2370 773 2424 Deum
784 2368 858 2423 abest
872 2385 879 2422 :
894 2382 954 2438 qum
969 2364 1028 2422 odit
1040 2365 1111 2422 enim
1125 2381 1159 2422 ue
1207 2370 1303 2436 Deum,
1329 2379 1487 2426 exsecratur
1499 2369 1652 2426 universam
1675 2370 1779 2426 erroris
1789 2370 1952 2441 nequitiam,
1971 2379 1995 2425 et

371 2456 504 2512 leceris.»
535 2456 688 2512 Cavendum
714 2464 756 2511 est
780 2471 813 2511 ne
827 2471 859 2510 ea
879 2455 1026 2530 iaciamus,
1047 2469 1107 2524 qnae
1119 2454 1158 2510 illi
1206 2462 1280 2517 omni
1306 2462 1394 2517 studio
1416 2470 1498 2531 atque
1512 2461 1659 2534 sagacitate
1677 2459 1785 2517 festinat
1802 2460 1945 2532 pervenire
1963 2461 1994 2515 ad

370 2546 512 2618 displicere
524 2548 632 2603 omnino
645 2563 698 2601 non
712 2546 879 2617 ignoramus,
893 2544 970 2599 etsie
983 2544 1041 2615 elus
1053 2543 1160 2613 sapien·
1209 2553 1330 2610 veritatis
1342 2553 1478 2610 noticiam.

370 2638 413 2691 tiae
427 2639 559 2693 veraciter
584 2638 730 2708 participes
756 2652 857 2692 sumus.
882 2636 958 2693 Unde
975 2639 1007 2691 ει
1028 2636 1159 2707 scriptum

981 2791 1336 2807 m*

956 2938 1104 3017 utuutt
1141 2937 1385 3031 QutuTus

1058 3095 1302 3111 *-

625 3175 737 3234 CalPUT
754 3176 898 3235 ruttttttt.
1204 3179 1290 3235 solnm
1304 3180 1410 3249 eulpam
1434 3176 1512 3232 malae
1525 3177 1670 3234 voluntatis
1691 3185 1719 3234 ει
1741 3178 1860 3236 actionis
1874 3181 1990 3237 martra.»

369 3268 444 3334 Quod
460 3268 529 3321 Dens
552 3267 584 3321 ab
607 3269 680 3323 initio
703 3270 833 3324 docuinam
857 3271 1013 3325 constituens
1026 3272 1053 3325 in
1071 3288 1151 3325 monn
1203 3279 1254 3337 ret,
1270 3271 1412 3326 sedetiam
1429 3269 1499 3323 benc
1513 3268 1590 3336 velle,
1606 3285 1685 3341 agere
1699 3278 1782 3341 atque
1796 3271 1824 3325 in
1836 3272 1880 3327 his
1890 3288 1990 3343 perma-

592 3355 641 3391 i¹⁸⁰
655 3338 792 3393 ‘mnium
807 3339 921 3409 fenim·
1165 3387 1188 3450 C
1204 3378 1268 3418 nere
1281 3363 1394 3418 donaret
1408 3383 1413 3416 :
1432 3378 1441 3411 ι
1457 3359 1542 3416 Omne
1555 3361 1646 3426 euim,
1664 3361 1750 3432 inquit
1763 3362 1905 3432 apostolus
1918 3361 1989 3418 iaco

405 3448 501 3502 ‹Ueus
523 3447 557 3500 ab
573 3446 647 3502 initio
666 3448 804 3502 constitnit
817 3449 972 3517 bominem,
992 3457 1020 3505 et
1045 3450 1153 3521 reliquit
1203 3453 1264 3519 bus,
1287 3454 1546 3525 datumoptimum,
1570 3462 1597 3508 et
1619 3467 1698 3509 omne
1721 3452 1823 3508 donum
1844 3454 1989 3523 perlectum

369 3540 513 3593 «illumin
537 3555 616 3594 manu
641 3540 744 3595 consilii
770 3541 831 3595 sui:
852 3540 950 3612 adjecit
978 3542 1104 3597 mandata
1125 3553 1152 3598 et
1203 3542 1345 3598 desursum
1358 3551 1409 3608 est,
1424 3544 1620 3600 descendensa
1641 3552 1718 3613 patre
1729 3542 1865 3598 luminum
1888 3544 1989 3615 (lacot.

369 3650 378 3682 ι
397 3640 622 3701 p1·eccptasua.r
637 3633 765 3688 Conditor
778 3648 841 3703 ergo
855 3644 946 3688 noster
957 3634 1064 3703 quando
1076 3649 1151 3690 erea-
1202 3634 1222 3705 ι)
1238 3653 1245 3688 z
1261 3653 1270 3686 t
1285 3636 1331 3706 qui
1344 3635 1422 3705 quale
1438 3636 1474 3691 sit
1490 3632 1604 3691 liberum
1618 3636 1772 3703 arbitrium,
1788 3638 1864 3707 qrtod
1875 3640 1989 3693 bumana

365 3726 403 3778 rit
416 3726 514 3781 eoelnm
528 3735 554 3781 et
575 3737 684 3792 terram,
699 3737 726 3782 et
740 3730 861 3784 diuersas
885 3729 989 3800 species
1001 3730 1149 3801 germinum
1201 3726 1296 3795 spiritu
1309 3727 1407 3797 agitur,
1430 3735 1459 3783 ct
1470 3728 1548 3797 quale
1568 3728 1604 3783 sit
1615 3728 1685 3797 quod
1697 3742 1713 3781 a
1726 3726 1783 3783 Deo
1803 3730 1919 3801 regitur,
1933 3731 1985 3785 eri·

365 3824 445 3884 atque
459 3817 614 3872 animalium
630 3819 656 3873 in
667 3819 706 3874 eis
727 3834 788 3875 esse
800 3820 949 3886 constituit,
965 3819 1101 3876 bominem
1116 3822 1150 3876 ad
1200 3817 1296 3872 denter
1309 3818 1446 3883 ostendit,
1468 3818 1581 3873 dicens:
1609 3836 1618 3867 r
1634 3817 1710 3885 Quod
1727 3818 1750 3874 si
1763 3818 1853 3874 zelum
1869 3835 1987 3875 amarum

366 3904 508 3975 imaginem
534 3922 608 3961 suam
631 3909 766 3974 condidit,
787 3909 945 3979 caeterisque
970 3910 1150 3966 animantibus
1200 3909 1313 3974 habetis,
1325 3918 1353 3965 et
1364 3911 1551 3966 contentiones
1564 3910 1618 3965 sint
1629 3910 1656 3964 in
1671 3909 1796 3965 cordibus
1809 3913 1918 3979 restris,
1939 3930 1987 3969 no·

365 3993 439 4050 illurn
455 3995 589 4064 praeierit,
605 3999 672 4055 dans
693 3999 730 4054 illi
743 3999 857 4056 liberum
880 4000 1033 4065 arbitrium,
1049 4008 1079 4055 ut
1092 4002 1149 4072 ipse
1200 3998 1246 4055 lite
1260 3998 1368 4070 gloriari
1384 4000 1526 4056 adversum
1541 4001 1681 4055 veritatem
1706 4008 1734 4055 et
1747 4005 1894 4060 mendaces
1908 4020 1983 4061 esse:

363 4087 506 4157 imaginem
527 4089 571 4144 Uei
585 4098 689 4155 tenens,
716 4099 815 4160 qtranto
829 4090 970 4161 gloriosior
986 4089 1148 4147 missateta·
1199 4097 1317 4144 nonest
1343 4089 1394 4144 ista
1419 4090 1547 4161 sapientia
1573 4089 1713 4145 desursum
1738 4092 1918 4160 descendens,
1941 4096 1985 4151 seri

363 4179 438 4245 teris,
454 4188 529 4236 tanto
545 4182 666 4237 devotior
683 4189 754 4237 esset
773 4182 799 4237 in
814 4179 979 4251 subiectione
993 4183 1034 4237 sui
1054 4182 1146 4237 condi·
1198 4188 1316 4245 terrena,
1330 4181 1465 4249 animalis,
1483 4182 1632 4249 diabolica;
1646 4182 1691 4237 ubi
1709 4184 1781 4238 cuim
1799 4186 1875 4242 zelus
1887 4195 1914 4242 et
1926 4204 1985 4243 eon

364 4272 438 4325 toris.
455 4271 507 4327 Sed
522 4272 565 4327 ille
575 4274 674 4329 abusus
684 4289 811 4329 concessa
823 4274 874 4329 bac
885 4283 1018 4345 potestate
1029 4289 1078 4345 per
1087 4289 1148 4346 sug·
1198 4270 1294 4338 tentio,
1319 4272 1355 4326 ibi
1368 4272 1548 4327 inconstantia
1562 4280 1589 4327 et
1606 4287 1685 4327 omne
1696 4287 1765 4343 opus
1781 4290 1894 4344 prarnm
1907 4292 1915 4331 :
1927 4293 1984 4348 quae

362 4364 509 4432 gestionem
524 4365 625 4434 antiqui
647 4367 778 4434 serpentis
790 4367 876 4423 erexit
886 4383 915 4423 se
929 4368 1147 4424 incontrarieta-
1197 4371 1287 4418 autem
1314 4364 1453 4418 desursum
1474 4371 1514 4419 esi
1529 4364 1673 4432 sapientia,
1687 4365 1804 4434 nmmum
1817 4368 1927 4436 qttidcm
1937 4384 1984 4439 pu-

363 4464 415 4507 tent
440 4454 480 4508 sui
505 4455 625 4519 artificis,
642 4456 733 4511 rolens
748 4458 856 4527 propria
871 4459 908 4513 uti
922 4467 1074 4527 potestate.
1096 4474 1147 4514 nec
1196 4452 1256 4508 (lica
1272 4461 1323 4518 esi,
1335 4453 1430 4509 deinde
1443 4453 1565 4524 pacifica,
1583 4455 1712 4520 nrolesta,
1727 4456 1879 4523 suadibilis,
1906 4459 1982 4529 piena

362 4544 483 4598 subditus
497 4558 556 4599 esse
577 4546 626 4600 sub
639 4546 770 4600 creatoris
788 4547 829 4600 sui
852 4546 1042 4602 dominatione.
1069 4547 1145 4605 Unde
1196 4546 1382 4601 misericordia
1399 4554 1426 4600 et
1437 4544 1568 4601 lrnctibns
1579 4546 1666 4612 bonis,
1687 4562 1739 4600 non
1753 4546 1914 4616 dijudicans,
1927 4551 1984 4607 sine

362 4635 462 4689 laetum
473 4645 553 4692 estut
566 4645 748 4708 transgressor
759 4639 1000 4696 mandatorumliei
1014 4643 1143 4710 existens,
1196 4634 1365 4690 simulatione
1384 4634 1485 4707 (5⁰⁶⁰b·
1496 4634 1548 4707 ¹¹¹)-
1567 4654 1576 4687 r
1593 4634 1752 4705 Quicunque
1764 4652 1831 4709 eigo
1844 4639 1887 4695 his
1902 4641 1983 4696 viriti-

361 4724 388 4779 td
402 4726 472 4795 arrad
488 4728 627 4784 sumimus
644 4730 747 4798 accepit
765 4744 821 4799 prae
842 4731 965 4798 caeteris,
981 4732 1143 4788 minoratum
1155 4729 1182 4790 Ι)
1196 4725 1267 4780 oms
1281 4725 1388 4780 student
1401 4734 1482 4794 atque
1502 4725 1643 4790 taberent,
1661 4741 1714 4778 nou
1728 4741 1790 4789 saa,
1807 4729 1856 4783 seo
1867 4745 1982 4800 superna

360 4818 553 4873 interemant
573 4829 692 4889 tempore
703 4834 758 4874 succ
769 4822 1010 4891 peregrinationis;
1026 4823 1142 4893 necjam
1194 4816 1325 4885 sapientia
1337 4815 1460 4870 illustrati
1475 4822 1556 4869 sunt:
1573 4816 1699 4885 quoniam
1720 4816 1853 4874 Dominus
1871 4820 1919 4874 dat
1937 4836 1980 4875 sa·

360 4909 438 4963 aliter
450 4912 548 4965 salvari
571 4912 672 4982 possit,
698 4912 747 4965 nisi
761 4926 810 4981 per
823 4913 937 4982 gratiam
952 4910 1016 4968 Jesn
1030 4913 1141 4981 christi,
1192 4908 1331 4978 pientiam,
1345 4917 1372 4965 et
1383 4926 1397 4964 a
1407 4908 1475 4965 lacic
1488 4910 1545 4980 ejus
1555 4910 1668 4965 seientia
1683 4919 1710 4964 et
1723 4911 1878 4969 intellectus
1891 4912 1978 4986 (Pron.

359 5001 482 5057 videlicet
493 5002 534 5057 sut
550 5002 755 5071 uenerandum
781 5002 895 5058 uberum
907 5003 978 5058 enin
1001 5005 1142 5060 arbitrium
1193 5000 1243 5071 ιι);
1258 5009 1285 5055 ct
1299 5001 1356 5055 naec
1370 5016 1462 5056 eoum
1477 4997 1617 5057 verissim
1628 5001 1710 5072 gloria
1729 5012 1781 5067 esa,
1794 5004 1817 5058 si
1831 5020 1884 5060 non
1900 5007 1927 5061 ia
1942 5023 1979 5062 se.

359 5109 389 5149 re
403 5100 593 5157 excaecaverat,
608 5100 635 5147 et
646 5092 732 5163 ipsum
745 5108 774 5147 se
795 5092 947 5148 illuminare
958 5107 1011 5147 non
1025 5102 1141 5163 poterat.
1193 5092 1240 5147 sed
1253 5092 1280 5146 in
1293 5092 1406 5148 bomim
1420 5093 1577 5162 gloriantur.
1773 5153 1777 5166 Ι

359 5183 435 5240 Nunc
455 5194 543 5240 autem
567 5186 638 5240 idem
658 5186 800 5241 arbitrium
820 5197 979 5241 conversum
1000 5194 1062 5253 est,
1088 5201 1142 5241 non
1229 5202 1238 5233 ι
1258 5183 1287 5237 Si
1299 5184 1416 5238 volueris
1437 5183 1565 5239 mandata
1579 5198 1760 5248 conseruare,
1781 5189 1978 5263 conservabant

359 5289 502 5341 eversum
527 5284 556 5330 et
566 5275 693 5330 donatum
717 5284 759 5330 est
772 5275 796 5330 ei
812 5275 891 5331 aliter
906 5275 984 5341 velle,
1007 5276 1086 5333 aliter
1098 5291 1137 5332 aa·
1195 5289 1205 5323 ι
1223 5281 1260 5338 te,
1274 5281 1302 5328 et
1315 5273 1511 5343 inperpetuum
1525 5273 1604 5329 iidem
1618 5274 1744 5346 placitam
1765 5273 1868 5331 lacere.
1887 5296 1898 5328 x
1914 5276 1977 5344 eri·

358 5380 432 5437 pere,
443 5364 521 5418 aliter
533 5380 623 5435 agere,
635 5373 662 5420 et
675 5364 883 5420 incolumitatem
905 5381 981 5420 suam
997 5381 1049 5420 non
1059 5366 1086 5421 in
1101 5380 1140 5432 se,
1192 5380 1297 5434 cunque
1309 5380 1373 5436 ergo
1387 5366 1511 5421 mandata
1522 5366 1569 5420 Dei
1581 5365 1732 5432 custodire,
1746 5372 1775 5421 et
1787 5367 1917 5436 operibus
1929 5369 1977 5423 im-

358 5456 405 5511 sed
420 5454 447 5508 in
459 5454 562 5509 medico
576 5454 718 5521 collocare,
747 5456 807 5525 quia
820 5454 934 5509 necdum
955 5464 1009 5508 tam
1022 5455 1141 5525 perlecta
1192 5453 1266 5523 plere
1278 5455 1404 5526 elegerit,
1420 5454 1553 5525 iidemque
1565 5463 1666 5510 rectam
1678 5465 1706 5511 et
1718 5456 1883 5512 catholicam
1896 5473 1979 5528 ruspare

357 5544 443 5599 utitur
457 5542 582 5608 sanitate,
607 5552 638 5597 ut
652 5554 756 5612 eaquae
780 5543 804 5597 ei
818 5551 979 5607 nocuerant,
1008 5554 1142 5613 nequeant
1192 5547 1218 5601 in
1231 5547 1310 5601 struem
1323 5546 1383 5600 ritae
1394 5546 1522 5610 tenuerit,
1536 5546 1569 5600 ab
1583 5545 1689 5600 insidiis
1698 5547 1800 5617 antiqui
1815 5547 1903 5603 bostis
1915 5548 1977 5602 illn-

254 5667 259 5674 -
353 5635 409 5705 jam
425 5648 532 5698 nocere,
544 5641 591 5687 aut
603 5633 629 5686 in
643 5630 793 5688 salubribus
806 5632 891 5701 possit
901 5633 956 5702 jam
970 5634 1073 5688 uiribus
1086 5637 1141 5689 suis
1191 5653 1238 5692 sus
1250 5637 1300 5691 sub
1313 5637 1479 5707 protectione
1490 5636 1680 5706 omnipotentis
1693 5635 1740 5690 Uei
1754 5637 1877 5692 mauebit
1891 5655 1899 5690 z
1916 5637 1975 5707 quia

357 5735 517 5795 temperare.
532 5722 648 5778 Proinde
671 5723 751 5777 bomo
765 5721 810 5791 qui
827 5722 853 5774 in
868 5720 952 5776 libero
966 5721 1077 5777 arbitrio
1091 5724 1141 5779 luit
1190 5735 1218 5780 ct
1229 5728 1286 5797 ipsa
1298 5724 1406 5781 Veritas
1420 5726 1447 5780 in
1458 5727 1602 5797 Evangelio
1614 5726 1749 5791 ostendit,
1774 5726 1823 5781 ulti
1836 5727 1876 5782 ait
1890 5742 1900 5782 a
1926 5745 1936 5779 ι
1948 5725 1975 5782 Si

356 5816 451 5880 rnalns,
465 5816 492 5871 iu
505 5816 563 5886 ipso
575 5814 660 5870 libero
682 5813 794 5869 arbitrio
809 5812 896 5868 iactus
908 5822 950 5869 est
962 5815 1066 5883 bonns;
1093 5820 1140 5873 sed
1190 5818 1251 5887 (puis
1269 5833 1420 5873 sermonem
1433 5833 1522 5873 rneurn
1534 5819 1693 5883 servaverit,
1707 5827 1826 5873 mortem
1843 5834 1898 5875 non
1908 5819 1977 5874 ride·

356 5920 444 5973 perse
459 5904 554 5971 nialus,
570 5904 712 5975 perticum
724 5904 820 5967 bonus,
835 5904 880 5971 qtri
894 5919 955 5958 eum
974 5904 1009 5957 ita
1022 5906 1048 5959 in
1065 5904 1138 5961 illum
1190 5910 1266 5964 bitin
1280 5918 1409 5966 aeternum
1424 5909 1514 5982 (loon.
1526 5914 1613 5979 varri.»
1626 5911 1659 5965 lit
1672 5911 1756 5966 item:
1771 5929 1781 5963 ι
1799 5912 1830 5966 Si
1841 5911 1905 5983 quis
1915 5910 1974 5966 dili·

354 5994 483 6050 initialem
509 5995 636 6052 bonorem
652 5996 704 6052 aiio
718 5994 795 6051 initio
814 5995 980 6063 reformarit,
996 6003 1025 6051 ut
1046 5998 1071 6052 ei
1084 6013 1136 6052 non
1190 5999 1291 6071 gitme,
1311 6010 1463 6057 sermonem
1484 6018 1572 6058 mcum
1598 6002 1736 6069 servabit;
1756 6011 1785 6058 ct
1808 6003 1890 6060 Pater
1902 6019 1977 6059 meurs
