4709 6767
366 568 434 626 4185
702 594 706 601 ·
725 567 902 626 collaturis.
923 568 957 625 lii
976 568 1100 626 LlllllOS
1119 569 1406 627 MACHABAEORUM.
1427 601 1462 611 -
1480 571 1514 627 tri
1534 567 1598 627 ulti.
1618 570 1639 627 la
1920 571 2002 638 'ilssd

363 690 542 749 commutare,
569 697 638 754 quos
661 683 799 739 satutilers
823 684 915 755 praeda
943 685 1063 756 rapiunt,
1089 691 1117 740 et
1142 685 1402 749 aasubvertentur
1423 694 1451 740 et
1474 686 1637 742 dissolvetur
1655 686 1732 760 rigor
1749 699 1840 759 pravae
1857 681 2004 749 voluntatis

362 776 418 831 vita
435 774 538 831 carnali
551 790 583 830 ac
598 775 699 830 reteris
710 776 815 830 actibus
829 776 946 831 hominis
969 774 1091 830 funditus
1110 790 1158 831 oc·
1210 793 1314 844 eorum,
1337 778 1445 849 quando
1463 780 1535 850 quod
1547 779 1641 834 volunt
1654 781 1688 836 ad
1709 780 1834 837 effectum
1856 784 2004 853 perducere

361 866 465 923 eitiunt.
480 864 581 936 Sicque
601 873 774 920 reuertuntur
790 866 824 921 ad
843 867 929 939 ripam
943 865 1079 930 lordonis,
1097 880 1159 921 cum
1210 885 1263 925 non
1285 880 1409 942 possunt.
1441 870 1496 927 Nec
1515 871 1598 927 etiam
1619 873 1652 928 de
1674 872 1754 929 domo
1775 889 1845 941 sua,
1867 876 1920 932 hoe
1939 886 2001 944 est,

360 972 410 1014 eos
424 956 575 1028 perducunt
589 956 623 1012 sd
636 964 737 1012 statum
750 955 915 1013 Christianae
929 958 1066 1027 religionis
1078 966 1159 1028 atque
1210 960 1243 1016 de
1263 961 1436 1029 subsequenti
1461 963 1668 1019 conversatione
1688 978 1747 1029 sua,
1768 964 1926 1021 imminente
1944 965 2001 1036 jam·

361 1049 397 1102 sd
424 1048 625 1118 perceptionem
650 1047 721 1102 sacri
747 1048 929 1119 baptismatis,
954 1058 984 1104 ut
1011 1049 1047 1105 ibi
1074 1064 1159 1106 eran·
1209 1052 1318 1120 superni
1337 1051 1438 1121 judicis
1459 1053 1616 1119 sententia,
1636 1054 1757 1109 ordinari
1779 1054 1862 1121 licet,
1886 1056 1934 1112 sed
1957 1057 2004 1112 liet

362 1139 465 1211 gelicus
478 1139 620 1210 expleatur
638 1138 719 1205 ritus,
741 1153 864 1210 proquo
887 1140 963 1196 labor
982 1142 1160 1197 exercebatur
1182 1132 1186 1141 ’
1210 1140 1275 1196 illurl
1297 1143 1368 1211 qrrml
1388 1158 1438 1213 per
1458 1143 1629 1200 psalmistam
1652 1146 1768 1202 dicitur:
1787 1147 1928 1219 Disperdat
1947 1149 2001 1204 liu·

361 1236 445 1283 totus.
1209 1235 1294 1286 atinus
1309 1235 1430 1288 uniuersa
1443 1234 1513 1289 iahia
1527 1235 1618 1292 dolosa
1629 1247 1654 1291 el
1667 1237 1782 1309 lingnam
1794 1243 2000 1313 magniloquam.

397 1316 431 1372 tn
443 1317 540 1373 aadiuit
554 1316 697 1372 Bacchides
719 1327 743 1373 et
765 1318 834 1373 canit
848 1318 891 1372 die
900 1318 1067 1373 sabbatorum
1078 1335 1160 1389 esque
1210 1323 1262 1389 Qui
1282 1325 1434 1381 direrrurt:
1463 1326 1593 1397 Linguam
1615 1341 1732 1385 nostram
1755 1332 2001 1402 magnificabimur,

360 1411 396 1465 od
407 1427 484 1466 oram
497 1409 627 1466 dardanis
644 1412 672 1465 in
696 1412 790 1466 uirtute
805 1412 900 1477 multu,
920 1422 973 1468 etc.
988 1412 1054 1472 Cum
1069 1428 1155 1483 perse·
1209 1416 1279 1470 iahia
1295 1428 1384 1471 nostra
1402 1437 1418 1471 a
1439 1419 1511 1473 nohis
1531 1429 1603 1486 sard,
1624 1421 1681 1493 qais
1703 1421 1829 1478 Dominus
1842 1433 1930 1479 ander
1941 1436 1978 1479 est
1988 1426 2002 1480 i

359 1510 471 1559 catores
494 1500 616 1556 lirlclium
639 1502 753 1557 sabbato
770 1503 896 1572 spiritali,
918 1519 971 1573 quo
991 1517 1089 1559 uacant
1108 1505 1158 1575 ipsi
1210 1506 1296 1576 (Pani.
1311 1506 1361 1579 aa)

361 1594 480 1651 cultores
494 1593 594 1650 Christi
610 1610 625 1648 a
649 1596 765 1651 terrenis
778 1597 970 1667 cupiditatibus
992 1600 1026 1655 ad
1047 1599 1151 1655 aridicn·
1245 1596 1278 1650 Et
1296 1607 1415 1653 mortuas
1433 1609 1470 1653 cst
1485 1599 1601 1654 dicimus
1622 1601 1650 1657 in
1670 1611 1785 1674 ternpore
1801 1602 1848 1659 iila
1866 1622 1925 1659 crim
1942 1616 1999 1661 tar-

361 1686 425 1741 dum
441 1686 555 1739 verbum
576 1684 635 1750 Del,
656 1693 684 1739 ct
697 1686 802 1742 laudem
817 1689 932 1746 Domino
951 1691 1156 1757 concinendam,
1208 1698 1294 1741 orento
1314 1704 1419 1759 inagna.
1443 1690 1510 1757 Quia
1524 1692 1733 1761 perdurantibus
1750 1694 1884 1751 haereticis
1903 1696 1929 1750 iu
1950 1712 1999 1751 sua

361 1790 411 1845 pcr
423 1775 550 1830 invidiam
569 1776 667 1830 conciti
692 1777 850 1845 parturbare
866 1794 912 1834 eos
939 1781 1116 1846 contendunt,
1131 1790 1158 1837 er
1207 1780 1326 1847 nequitia
1344 1796 1429 1849 usque
1447 1782 1481 1835 ad
1503 1782 1582 1836 finem
1601 1785 1743 1852 praesentis
1759 1786 1831 1851 vite,
1849 1802 1924 1843 mors
1937 1788 2001 1842 sub

361 1874 561 1920 sacramentum
589 1867 714 1935 baptismi
742 1881 792 1936 per
820 1870 968 1937 potentiam
998 1871 1155 1927 saecularem
1207 1870 1330 1939 sequitur
1349 1872 1489 1936 secunda,
1518 1882 1546 1928 ct
1571 1874 1722 1941 mittentur,
1739 1875 1816 1946 juxta
1837 1879 2001 1933 sententiam

360 1956 547 2010 coritaminare
562 1956 704 2021 nituntur;
727 1955 860 2012 lurrntbns
883 1960 1013 2030 mysticus
1032 1975 1097 2016 suos
1116 1962 1158 2017 in·
1206 1958 1382 2031 Apocalypsis
1403 1960 1516 2018 loannis
1539 1962 1616 2034 (Cap.
1640 1964 1708 2037 mv),
1730 1966 1758 2021 in
1781 1976 1905 2039 stagnum
1930 1968 2001 2039 ignis

361 2050 428 2105 citat
441 2049 474 2104 ad
489 2066 605 2122 pugnam
623 2051 784 2122 spiritalem,
804 2053 855 2107 lroc
867 2062 919 2119 est,
940 2064 969 2109 ut
988 2071 1037 2127 per
1051 2058 1156 2131 parien-
1169 2037 1194 2098 Β
1207 2051 1313 2116 aeterni,
1337 2060 1365 2106 et
1386 2053 1579 2108 cruciabuntur
1603 2056 1664 2127 igne
1687 2065 1715 2111 et
1737 2057 1866 2128 sulphure
1885 2059 1913 2114 in
1934 2076 2000 2116 con·

363 2140 430 2195 tiam
443 2141 541 2203 ruentis
559 2149 589 2200 et
607 2144 691 2199 robur
703 2142 765 2198 lltlei
784 2152 903 2215 pugnent
915 2161 947 2200 en
962 2146 1077 2203 adverso
1090 2165 1156 2204 con·
1206 2148 1300 2211 spectu
1315 2141 1470 2213 augelorum
1489 2153 1655 2212 sanctorum,
1673 2154 1700 2201 θῑ
1718 2145 1745 2201 in
1762 2157 1905 2217 00⁰⁵i20⁰i¹¹
1918 2150 2000 2221 Abbir

363 2239 404 2285 tra
418 2231 544 2287 inimicos
557 2247 632 2299 suos,
645 2248 699 2288 non
717 2233 788 2303 quod
808 2235 961 2292 dinticando
975 2244 1021 2292 aut
1034 2237 1156 2296 leriemlo
1205 2240 1229 2285 et
1250 2232 1340 2301 firmas
1363 2242 1551 2289 tormentorum
1579 2251 1671 2290 eorum
1699 2237 1820 2293 ascende!
1841 2239 1876 2293 'in
1902 2239 2001 2295 succis

361 2322 596 2388 insterneret
616 2340 665 2394 per
686 2325 843 2395 parentiam
866 2335 894 2381 er
918 2330 1155 2388 mansuetudinem
1205 2321 1373 2388 incitarem,
1394 2323 1598 2380 seruauerunt
1619 2327 1733 2397 requiem
1749 2326 1792 2381 rra
1807 2343 1839 2381 rc
1857 2336 1940 2392 nocte,
1954 2326 2002 2399 nui

363 2413 504 2468 tolerando
517 2429 549 2470 ac
563 2414 702 2492 beneficiis
716 2418 913 2473 remunerando
927 2418 1154 2487 meliusrineant,
1205 2413 1381 2468 “willermi
1399 2414 1508 2469 hehham
1525 2426 1549 2469 ²⁸
1564 2416 1705 2488 imilli't‘m
1723 2417 1792 2486 ‘hilii
1814 2425 1842 2472 ei
1861 2432 2000 2473 comman-

360 2504 509 2562 seeundum
520 2505 593 2560 illam
606 2491 769 2561 sententiam
781 2505 941 2573 salvatoris,
955 2508 1000 2578 qui
1016 2509 1155 2581 discipulis
1205 2505 1305 2562 ducant
1327 2507 1433 2579 linguas
1455 2524 1518 2566 suas
1538 2525 1594 2581 prae
1615 2510 1725 2575 dolore,
1754 2518 1783 2566 et
1809 2510 1999 2582 blasphemant

359 2596 417 2651 suis
430 2594 483 2649 ait:
509 2594 628 2649 Audistis
641 2597 702 2665 qaia
714 2595 811 2649 dicrum
832 2605 871 2650 ert
892 2597 1027 2667 antiquis:
1042 2598 1155 2660 Oculum
1205 2596 1349 2654 Dominum
1369 2597 1432 2653 eoeli
1453 2613 1509 2670 prae
1531 2599 1667 2656 doloribus
1679 2599 1822 2656 vulnerum
1835 2615 1957 2666 suorum,
1971 2610 2001 2657 et

358 2686 504 2757 preasule,
515 2686 652 2741 cadentem
663 2702 711 2757 pro
729 2686 805 2741 dente
815 2703 826 2753 ,·
847 2704 894 2759 ego
911 2699 998 2743 aretem
1015 2690 1071 2752 dico
1086 2698 1156 2753 voire
1206 2706 1259 2745 non
1281 2697 1395 2760 egerunt
1419 2687 1584 2745 fructuosam
1607 2691 1795 2762 paenitentiam
1816 2706 1851 2746 er
1871 2689 2000 2761 operibus

359 2778 540 2832 nararesistcre
560 2777 641 2844 mala,
656 2776 702 2831 sed
719 2778 742 2832 si
754 2778 812 2848 qais
833 2788 857 2832 tr
874 2788 1075 2845 percusseritis
1090 2786 1155 2841 dea·
1206 2781 1272 2845 suis,
1296 2780 1358 2851 quin
1380 2787 1444 2835 ante
1465 2795 1495 2834 se
1515 2794 1642 2852 purgare,
1662 2779 1727 2836 dum
1746 2779 1833 2848 licuit,
1853 2780 2000 2837 noluerunt

357 2879 428 2922 tram
443 2867 591 2944 binium,
615 2869 701 2948 iiidie
716 2876 739 2929 ei
755 2885 779 2926 ct
794 2879 927 2948 alternrrr,·
952 2880 1016 2932 etei
1038 2878 1083 2948 qni
1102 2875 1156 2931 uait
1205 2872 1390 2928 uberioribus
1404 2871 1470 2927 suis.

359 2975 443 3020 terum
457 2970 596 3035 injudicio
610 2973 764 3025 contendere
784 2982 809 3027 et
830 2974 946 3027 tarsicam
966 2978 1038 3022 tuam
1051 2968 1153 3036 tollere,
1240 2968 1275 3023 Et
1296 2968 1360 3023 uidit
1380 2966 1524 3023 llacclrider
1544 2967 1669 3038 qnoniam
1689 2974 1808 3020 mortuus
1829 2973 1867 3021 est
1881 2962 1999 3020 hicimtts

358 3056 461 3111 dintitte
475 3059 499 3111 ei
512 3066 535 3111 el
546 3057 656 3128 pallium
670 3059 778 3131 (barri.
790 3061 828 3134 v).
852 3061 885 3116 Et
902 3062 965 3116 item
980 3076 987 3112 ς
1010 3057 1043 3112 ,ln
1055 3059 1155 3124 patien-
1205 3069 1228 3112 et
1246 3076 1363 3115 reuersus
1378 3069 1415 3115 est
1431 3059 1467 3113 ad
1484 3074 1568 3129 repent
1586 3066 1611 3112 et
1626 3055 1699 3111 siluit
1716 3066 1786 3109 terra
1797 3055 1874 3110 annis
1885 3054 1998 3109 duchac.

358 3148 397 3201 tia
412 3158 497 3202 cestra
509 3148 674 3218 possidebitis
687 3152 789 3205 animas
801 3160 898 3206 uestras
913 3151 988 3223 (Lac.
1000 3145 1069 3213 sari.
1087 3145 1155 3202 lliue
1205 3148 1428 3219 riperseeutione
1448 3148 1595 3204 infidelium
1618 3154 1646 3202 et
1668 3144 1859 3201 baereticorum
1883 3141 1997 3198 infesta·

358 3248 388 3294 et
399 3238 497 3295 Paulus
509 3240 566 3295 ait:
583 3240 614 3296 Si
623 3243 743 3296 esurierit
757 3243 879 3297 inimicas
893 3253 965 3309 tuns,
985 3243 1041 3297 ciba
1056 3238 1154 3305 illam‚·
1206 3240 1278 3296 tione
1295 3256 1388 3310 pacem
1408 3240 1501 3294 habuit
1521 3239 1554 3293 ad
1577 3247 1682 3306 tempus
1702 3233 1997 3300 Ecclesiasecundum

358 3333 464 3397 siritit,
488 3340 578 3401 patum
602 3331 637 3385 da
661 3330 722 3386 illi:
747 3333 795 3387 hac
814 3332 883 3387 enim
904 3332 1013 3402 iaciens,
1029 3332 1154 3386 carbones
1207 3331 1270 3386 illurl
1289 3333 1360 3401 qnod
1376 3333 1403 3385 in
1415 3331 1528 3386 Actibus
1539 3327 1721 3400 apostolorum
1739 3325 1837 3398 legitur
1850 3323 1926 3398 (Gap.
1940 3322 1998 3396 ssi:

357 3423 428 3493 ignis
441 3438 562 3493 congeres
575 3438 653 3491 snper
665 3425 742 3492 capbt
752 3423 818 3493 ejus.
833 3421 897 3477 Noli
908 3423 974 3477 uinci
988 3440 1004 3477 a
1016 3422 1097 3487 mala,
1108 3421 1153 3475 sed
1167 3404 1190 3470 C
1206 3418 1325 3477 Ecclesia
1345 3421 1450 3492 quidem
1469 3437 1516 3491 per
1535 3429 1617 3474 totam
1638 3417 1777 3483 deducam,
1797 3426 1821 3471 ct
1842 3414 1999 3483 Galilream,

358 3513 431 3565 since
445 3511 472 3564 in
483 3509 549 3564 hono
559 3509 658 3564 malam
669 3509 758 3581 (llam.
770 3509 831 3584 nu).
847 3508 957 3565 Talibus
968 3509 1040 3564 enim
1055 3508 1153 3564 hostiis
1204 3526 1228 3569 et
1251 3509 1421 3577 Samariam,
1444 3510 1554 3566 habehat
1575 3526 1666 3581 parent
1689 3517 1715 3564 et
1735 3507 1920 3577 edificabatur
1943 3524 2001 3562 am

360 3611 532 3673 proumretnr
551 3602 633 3667 Deus,
657 3601 771 3672 quidet
795 3600 937 3655 victoriam
953 3599 1038 3654 servis
1057 3599 1155 3655 suiset
1205 3601 1299 3655 halans
1324 3600 1353 3655 in
1379 3599 1472 3654 timore
1497 3598 1621 3666 Domini,
1652 3607 1677 3653 et
1705 3597 1884 3652 consolatione
1914 3596 2000 3651 sancti

359 3693 507 3764 prosternit
518 3690 641 3747 inimicos
653 3694 805 3747 eorurnsub
814 3691 928 3762 pedibus
937 3690 1064 3760 ipsorum.
1078 3690 1154 3746 Unde
1206 3693 1321 3763 Spiritus
1335 3691 1492 3763 replebatur.
1507 3690 1560 3747 Sed
1572 3692 1635 3760 quia
1646 3691 1772 3746 diuturna
1784 3697 1811 3744 et
1820 3701 2000 3760 permansura

359 3783 388 3839 in
411 3784 607 3853 posterioribus
629 3783 760 3855 seriptum
783 3792 825 3838 est
847 3780 919 3853 quod
943 3780 1073 3836 lonathas
1091 3797 1153 3836 cum
1204 3798 1258 3837 non
1272 3784 1323 3839 erit
1336 3798 1389 3853 pan
1402 3791 1429 3836 et
1442 3782 1575 3837 securitas
1588 3781 1613 3836 in
1627 3780 1754 3852 praesenti
1765 3780 1831 3848 vita,
1843 3777 2009 3837 manifestat.

358 3876 495 3931 bacchide
518 3883 707 3946 composuerat
733 3890 840 3946 pacem,
866 3881 894 3928 et
920 3873 999 3943 quod·
1013 3872 1163 3944 jururerat·
1203 3892 1321 3948 sequens
1335 3877 1480 3941 seruantia,
1495 3876 1539 3931 nbi
1553 3863 1686 3946 seiiptum
1700 3883 1762 3930 est:

358 3968 582 4023 llacclridcsmali
596 3966 661 4022 nihii
678 3982 706 4021 se
722 3966 745 4021 ei
767 3966 898 4036 [acturam
920 3963 1038 4018 omnihus
1061 3963 1153 4017 diebus
1241 3968 1275 4022 Er
1294 3968 1472 4037 coperuerunt
1497 3982 1585 4020 omnes
1606 3965 1690 4035 iniqui
1713 3964 1838 4031 dicentes,
1851 3973 1904 4020 etc.
1928 3963 2002 4020 luvi-

358 4060 419 4113 cita
433 4056 502 4127 eius,
518 4056 680 4128 reddiditque
693 4056 869 4127 captivitatem
879 4054 903 4109 ei
917 4068 996 4125 qnam
1010 4053 1083 4123 price
1096 4060 1164 4107 erat,
1204 4058 1269 4111 derit
1291 4054 1383 4110 hostes
1407 4054 1525 4110 universi
1547 4054 1607 4127 paci
1629 4063 1656 4109 et
1680 4053 1765 4125 quieti
1787 4054 1915 4110 Ecclesiae
1937 4054 1996 4111 Dei.

359 4149 494 4220 predatus
509 4148 717 4204 deterralada.
1206 4146 1282 4203 Unda
1303 4144 1422 4219 [Quod]
1442 4145 1565 4202 exoritur
1588 4159 1716 4201 successu
1742 4143 1815 4201 leliei
1842 4145 1997 4215 bonorum,

394 4238 429 4293 Et
454 4255 524 4293 anna
546 4240 684 4293 cemcsimc
708 4237 921 4309 quinquagesimo
943 4236 1037 4302 tertia,
1061 4249 1150 4289 mense
1203 4245 1328 4306 quaerunt
1345 4236 1379 4291 ad
1397 4236 1546 4292 nocendum
1567 4234 1668 4291 auxilia
1688 4249 1843 4305 pravorum.
1858 4234 1936 4304 Quod
1948 4235 1997 4293 de-

358 4332 496 4397 urendo,
525 4331 646 4403 precepit
667 4329 784 4385 Alcimus
807 4330 906 4384 destrui
930 4344 1020 4382 maras
1045 4326 1150 4381 dantes.
1204 4329 1293 4400 signat
1310 4328 1422 4400 epistola
1440 4323 1592 4394 bacchidis,
1614 4326 1722 4383 occulto
1740 4327 1825 4384 missa
1846 4326 1927 4389 sociis
1940 4325 2002 4384 suis

360 4423 483 4478 Diximus
502 4421 628 4493 superius
646 4421 718 4492 quud
736 4420 869 4486 Alcimus,
892 4418 1093 4485 contaminator
1114 4416 1153 4470 le·
1204 4421 1249 4491 qui
1271 4431 1350 4477 erant
1368 4422 1396 4476 iu
1413 4421 1504 4476 iudaea
1526 4428 1557 4476 ut
1577 4419 1838 4491 comprehenderent
1854 4418 2001 4476 lunaticam

358 4516 404 4587 gis
424 4521 452 4569 et
470 4514 592 4583 proditor
610 4514 720 4584 patriae,
741 4511 907 4583 significaret
928 4509 1080 4573 hereticos,
1104 4508 1151 4578 qui
1204 4524 1231 4572 er
1250 4531 1297 4571 eos
1318 4515 1365 4585 qui
1385 4530 1445 4570 cum
1463 4529 1496 4570 ρο
1512 4522 1591 4569 erant
1612 4514 1640 4568 in
1657 4510 1766 4579 indam
1789 4512 1854 4585 qnia
1872 4524 2001 4583 perseeu-

359 4606 565 4661 Testamentum
583 4605 631 4660 bei
651 4604 732 4660 sectis
752 4595 876 4660 nefandis
896 4601 1041 4673 profanare
1058 4608 1086 4656 ei
1101 4599 1154 4655 Ec·
1203 4616 1278 4663 rores
1312 4607 1376 4663 saevi
1404 4606 1574 4662 extrinsecus
1601 4620 1655 4661 non
1681 4602 1829 4673 praevalent
1856 4598 2000 4659 tormentis

358 4697 472 4753 “leiim
497 4696 729 4766 Dei>lii2i¹1¹ib³¹i
755 4710 808 4751 ¹¹0ss
835 4702 976 4760 memnii
1003 4693 1048 4748 hic
1070 4692 1152 4746 modo
1204 4699 1361 4753 subrectam
1382 4694 1552 4752 consessores
1562 4694 1676 4761 Christi,
1689 4698 1851 4749 construunt
1862 4691 1941 4748 dulos
1953 4691 1998 4748 iu·

357 4787 476 4843 destruit
495 4794 712 4843 muroiiancioe
729 4786 827 4842 (lomus
849 4785 1000 4850 interioris,
1023 4791 1051 4838 ei
1066 4797 1150 4855 0tt0i³
1164 4769 1191 4831 Ῑ)
1205 4791 1338 4846 trinsecus
1359 4786 1501 4860 perfalsus
1521 4786 1630 4852 iratres,
1652 4786 1698 4857 qui
1713 4786 1840 4840 ridentur
1856 4783 1884 4840 in
1904 4781 2000 4840 Eccle-

357 4881 552 4953 prophetarum
573 4877 709 4934 demoliri
721 4884 968 4941 commemoratur,
992 4874 1063 4945 (1⁰⁰⁶
1086 4889 1151 4929 0⁰¹¹·
1204 4882 1245 4937 sia
1267 4893 1449 4944 commanere,
1462 4885 1492 4932 ut
1504 4892 1583 4953 ¹quos
1604 4876 1717 4933 illinon
1738 4877 1886 4946 potuemut
1898 4871 2002 4945 gladio,

360 4972 508 5027 sentences
524 4970 612 5040 aptari
637 4975 728 5040 potest
752 4966 818 5039 ipsis
840 4965 996 5030 haereticis,
1028 4964 1074 5035 qui
1098 4979 1152 5019 11⁰⁰
1205 4973 1255 5029 bos
1279 4971 1318 5028 illi
1338 4970 1476 5042 decipiant
1497 4970 1569 5026 dolo.
1594 4969 1673 5027 Unde
1691 4980 1720 5024 et
1738 4967 1840 5024 Paulus
1861 4966 2003 5038 apostolus

356 5063 448 5122 selam
464 5062 575 5119 oracula
590 5062 785 5133 prophetarum
801 5061 879 5115 ranis
900 5058 1090 5115 traditionibus
1106 5059 1154 5114 de-
1204 5076 1276 5133 saepe
1299 5061 1327 5116 in
1350 5060 1478 5131 Epistolis
1500 5060 1557 5116 suis
1579 5056 1651 5131 (Gal.
1667 5057 1699 5130 n)
1719 5056 1896 5127 conqueritur
1916 5054 2001 5111 lalso-

356 5170 486 5227 prarare,
506 5154 554 5209 sed
575 5163 603 5209 et
624 5154 822 5209 munimentum
843 5152 905 5208 lltiei
928 5150 1010 5223 (quod
1023 5150 1051 5205 in
1064 5151 1153 5207 cordi·
1206 5169 1266 5208 rum
1279 5151 1393 5207 fratrum
1405 5149 1545 5216 fraudem,
1559 5151 1604 5220 qni
1618 5143 1833 5205 subintroierunt
1847 5158 1875 5204 et
1886 5161 2001 5221 perver-
2073 5197 2078 5206 .

356 5249 412 5303 bus
431 5246 605 5302 credentium
621 5245 656 5301 ad
680 5245 914 5301 conversationem
942 5243 1062 5314 mysticae
1085 5243 1153 5314 legis
1204 5252 1305 5323 terunt-
1319 5245 1461 5300 veritatem
1475 5242 1630 5315 Evangelii,
1650 5241 2002 5313 scdncnpctuersnt,qrtin

357 5338 409 5395 Dei
429 5338 532 5392 intenta
553 5346 645 5393 ruente
666 5335 845 5406 custodian),
868 5335 1057 5405 qualicunque·
1073 5333 1153 5389 modo
1204 5335 1319 5390 innotuit
1341 5335 1379 5390 eis
1402 5333 1540 5389 consiliam
1562 5350 1670 5400 earam;
1694 5333 1750 5405 agit
1768 5331 1841 5389 enim
1864 5331 2001 5389 industris

355 5442 474 5501 possunt
495 5431 596 5486 violare
620 5439 701 5500 atque
727 5431 864 5500 disputare
888 5427 1065 5483 contendunt.
1099 5425 1153 5482 Sed
1205 5429 1269 5486 boni
1291 5428 1409 5484 doctoris
1428 5435 1459 5482 ut
1480 5426 1551 5499 plebi
1575 5426 1627 5487 sibi
1646 5423 1829 5496 subjectorum
1854 5423 2004 5499 proriosrc

355 5520 501 5576 rideamus
520 5519 593 5590 quod
611 5521 735 5590 sequitur
754 5519 952 5575 communiter:
1205 5528 1233 5575 et
1252 5533 1348 5575 carere
1369 5519 1439 5575 sciat
1462 5517 1591 5577 astutiam
1614 5531 1815 5589 perversorum.

395 5608 432 5665 ln
452 5618 566 5681 tenrpm
585 5610 631 5664 itta
654 5627 792 5681 percussus
813 5619 851 5666 cst
868 5610 984 5666 Alcimus
1004 5619 1029 5664 et
1050 5609 1152 5681 perdita
1239 5610 1276 5665 ¹Et
1289 5609 1468 5682 apprehendit,
1485 5609 1582 5680 iuquit,
1599 5607 1706 5664 desiria
1720 5607 1841 5681 regionis,
1858 5604 1905 5679 gud
1920 5603 2000 5678 prin·

355 5710 422 5758 snat
442 5716 522 5773 opera
540 5702 625 5767 illins,
644 5713 697 5759 eto.
720 5703 787 5771 Quia
808 5703 871 5761 lieet
888 5701 962 5757 inani
980 5701 1050 5757 lustu
1069 5702 1154 5757 lraere·
1206 5704 1275 5773 cipes
1290 5711 1365 5757 erant
1377 5700 1488 5767 militie,
1501 5711 1525 5755 et
1538 5701 1724 5760 occidebantur
1736 5718 1752 5755 a
1764 5696 1907 5755 Bacchide.
1927 5693 2002 5765 onir

357 5794 409 5850 liei
428 5796 674 5866 superordinaret
691 5797 724 5850 acl
742 5803 849 5867 tempus
870 5794 1019 5866 prevalere
1033 5793 1155 5849 fidelibus
1207 5793 1280 5849 aliud
1295 5792 1347 5848 nisi
1363 5792 1391 5847 hi
1405 5791 1467 5863 qui,
1483 5792 1625 5862 superficie
1641 5791 1739 5847 littere
1757 5785 1850 5857 legalis
1865 5782 2002 5849 conteuti,

335 5950 343 5963 .
358 5899 412 5955 per
429 5884 551 5941 smnus
571 5893 711 5956 potentum
732 5886 812 5957 hujus
831 5886 923 5944 mundi
944 5886 1089 5941 audiantur
1104 5882 1154 5955 [ri-
1206 5884 1419 5940 Pentateuchum
1435 5883 1502 5955 legis
1517 5897 1572 5938 uon
1590 5880 1757 5951 spiritaliter,
1773 5875 1823 5932 sed
1839 5873 2002 5940 carnaliter.

360 5974 512 6051 muri,
534 5983 625 6036 tamen
645 5978 839 6051 omnipotentis
860 5978 908 6037 uei
928 5976 1030 6051 judicia
1051 5976 1080 6035 in
1101 5974 1160 6033 line
1207 5975 1236 6031 iu
1257 5974 1463 6032 circumcisione
1485 5980 1514 6029 et
1534 5968 1870 6053 sermonibus-observare
1883 5966 2000 6052 relenta
