4709 6767
410 615 463 673 815
727 614 758 680 B,
777 610 904 668 hatthui
924 612 1034 670 haunt
1053 612 1214 671 ancittae.
1235 616 1389 676 MOGUNT.
1410 618 1551 675 OPERl'hl
1571 619 1660 675 nttts
1678 621 1699 675 l.
1971 619 2037 682 ’316

411 741 434 786 et
448 728 527 793 Gera,
542 729 603 799 'ipse
616 725 748 782 transtulit
768 742 826 792 eos,
846 726 968 796 designat
989 726 1057 781 duos
1072 726 1195 797 priores,
1210 734 1234 793 Λ
1247 732 1309 801 quia
1322 743 1467 802 antequam
1478 733 1607 802 templum
1619 732 1809 801 udihcaretur,
1821 736 1848 792 in
1861 736 1962 807 palatio
1976 753 2037 794 erar

411 818 463 872 hnc
476 825 526 883 est,
541 815 661 871 Naaman
676 824 703 869 et
715 815 808 880 hchia,
822 816 905 871 luisse
921 816 1067 884 principes,
1087 816 1136 870 sed
1155 824 1196 870 ta-
1246 836 1309 876 arca
1324 823 1485 890 testamenti,
1505 832 1532 878 et
1546 824 1582 878 ibi
1595 824 1645 879 aedi
1659 825 1851 883 inserviebant.

412 923 474 962 men
495 921 526 962 se
539 906 689 961 subdidisse
703 902 784 959 Gora.
799 903 875 958 Unde
890 911 918 958 et
936 903 1065 974 singulari
1083 916 1197 956 numero
1282 910 1382 966 sertum
1402 929 1462 966 „em
1480 912 1552 981 fietu,
1566 910 1650 979 cm,
1670 913 1721 983 pqr
1738 916 1881 986 ,15qu
1904 918 1954 988 pm
1968 920 2037 976 cm

411 996 599 1052 describuntur
611 1013 618 1047 ι
632 994 692 1062 lpse
702 994 835 1048 transtulit
847 1011 900 1049 eos.
915 997 954 1049 lle
975 997 1027 1050 isto
1041 996 1111 1051 Gora
1132 1010 1196 1066 pru-
1246 1018 1306 1057 eum
1328 1002 1453 1071 [ratribus
1475 1004 1530 1057 sais
1553 1013 1576 1058 et
1590 1003 1667 1058 donea
1681 1006 1764 1075 patris
1786 1007 1828 1060 sai
1845 1006 1940 1077 (Nam.
1959 1011 2033 1081 xva).

411 1086 493 1141 cessit
507 1084 649 1155 progenies
660 1083 740 1147 Geta,
758 1084 804 1153 qui
820 1084 869 1137 init
884 1092 960 1153 pater
981 1083 1080 1140 Sentei.
1246 1089 1297 1145 llic
1310 1091 1384 1160 prior
1406 1091 1474 1146 Cora
1497 1107 1545 1163 per
1567 1092 1642 1163 aleph
1657 1095 1795 1160 scribitur,
1806 1106 1834 1151 et
1858 1108 1938 1153 sonat
1953 1098 2036 1156 Cara.

446 1174 527 1229 Baria
539 1184 626 1227 aurem
640 1182 665 1226 et
680 1170 760 1226 Sama
774 1174 904 1242 principes
919 1176 1104 1245 coqrrationum
1120 1174 1198 1230 hahi-
1247 1180 1387 1235 Secundus
1402 1197 1465 1236 vero
1476 1197 1524 1251 per
1539 1184 1580 1248 he,
1592 1192 1620 1238 et
1634 1192 1714 1239 sonat
1729 1183 1805 1240 Care.
1820 1186 1890 1242 Cora
1903 1188 2038 1259 clamans,

410 1266 520 1318 tantiam
539 1265 567 1317 in
586 1262 705 1316 Aialon:
729 1262 755 1316 hi
773 1263 927 1332 [uqaoernnt
944 1263 1103 1318 habitatores
1120 1261 1196 1319 Geth.
1247 1272 1315 1327 Cure
1331 1273 1419 1327 clauus
1442 1274 1645 1343 interpretatur.
1663 1275 1723 1346 lpse
1741 1284 1783 1332 est
1806 1278 1851 1347 qui
1868 1280 1896 1334 in
1910 1279 2040 1340 Numerig

409 1354 527 1426 Fugasse
546 1357 672 1410 dicuntur
688 1353 768 1407 haria
782 1361 810 1408 ct
829 1352 911 1407 Sarna
928 1352 1096 1408 habitatores
1115 1352 1196 1421 Geth,
1247 1363 1374 1418 scribitur
1395 1364 1421 1417 in
1446 1366 1578 1420 seditione
1593 1364 1676 1422 luisse
1700 1379 1796 1423 eonem
1821 1368 1941 1432 Moysen,
1959 1372 2038 1440 Quod

409 1445 471 1513 quia
493 1445 542 1500 ulti
565 1453 629 1500 sunt
650 1442 750 1500 tratres
770 1459 834 1500 suos
855 1445 994 1515 Ephraim,
1017 1461 1086 1516 quos
1108 1446 1198 1516 gladio
1248 1455 1437 1510 autemdicit:

409 1536 596 1591 conciderunt.
1284 1546 1320 1600 lli
1333 1558 1393 1601 sant
1409 1546 1503 1602 Caritrc
1516 1565 1593 1620 super
1605 1567 1684 1621 opere
1701 1553 1850 1620 ministerrt,
1862 1560 1983 1611 custodes
1997 1574 2037 1612 ac·

447 1625 567 1682 Fuerunt
579 1633 667 1679 autem
679 1624 729 1695 tilii
743 1623 819 1679 Ulanr
834 1628 883 1680 oiri
903 1626 1050 1695 fortissimi,
1063 1639 1088 1684 et
1102 1646 1198 1701 maqna
1248 1638 1402 1693 albatorum
1427 1640 1598 1705 tabernaculi,
1622 1642 1769 1713 signifiat,
1785 1646 1856 1714 quod
1876 1646 1922 1701 jsq
1942 1658 2023 1702 cusq,

408 1721 499 1774 robore
517 1717 648 1772 tendentes
663 1732 763 1779 arcum,
782 1724 805 1769 et
825 1716 921 1770 multos
939 1717 1060 1772 habentes
1082 1719 1150 1788 filios
1166 1736 1197 1773 ac
1248 1731 1357 1785 ,fiebam
1377 1730 1476 1785 ostium
1500 1731 1665 1788 ratffirnacuq
1689 1736 1828 1800 merium
1855 1744 1947 1804 paq-es
1968 1753 2036 1795 vem

408 1818 509 1878 ”timei
528 1804 657 1875 usquead
676 1814 776 1858 ‘imum
796 1806 996 1876 quinquaqinta.
1017 1807 1068 1862 fflc
1088 1819 1197 1864 ⁰0¹¹l¹¹¹¹¹
1248 1836 1342 1876 eorrnu
1361 1821 1406 1889 qni
1422 1820 1690 1888 subterscribuntur,
1709 1832 1737 1879 ct
1750 1828 1795 1895 qai
1811 1826 1837 1879 ia
1859 1826 1992 1883 Psalterio
2005 1829 2041 1883 ti·

314 1951 324 1963 .
407 1896 622 1968 quinquagenius
646 1910 773 1955 uumerus
789 1894 905 1950 refertur
925 1898 958 1950 aa
974 1897 1043 1953 utros
1063 1898 1198 1965 totarum
1249 1913 1320 1966 tutos
1333 1912 1441 1973 narrent,
1465 1912 1515 1980 ιιι
1534 1912 1720 1967 ausoniorum
1741 1913 1841 1968 ostium
1866 1915 1980 1972 innuas
1996 1925 2039 1972 ra·

408 1991 460 2045 1⁸10
482 1989 517 2044 ⁸5⁸
538 2002 653 2041 S⁰¹¹⁶¹¹⁵²
668 1986 788 2041 F¹¹⁰s¹¹¹¹²
811 1996 900 2041 annm
919 1987 967 2042 filli
990 1988 1067 2044 Ulaffl
1088 1997 1197 2044 celibum
1248 2001 1385 2056 bernaenli
1409 2002 1531 2066 Domlni,
1549 2012 1577 2055 et
1591 2010 1669 2056 erant
1691 2014 1829 2057 cantores.
1843 2003 1920 2071 erod
1945 2015 2038 2061 atttem

407 2077 615 2149 quinquaginta,
629 2090 678 2144 per
692 2085 798 2144 tropum
816 2077 861 2145 qm
883 2086 997 2132 vocatur
1015 2078 1194 2149 hyperbaton.
1212 2090 1437 2172 kgutqungjnn:

408 2256 460 2321 Qui
478 2256 556 2325 primi
574 2254 689 2322 filiorum
705 2183 983 2309 hhhhhhjhahhaoeriat
998 2257 1026 2311 in
1040 2256 1197 2323 Jerusalem,

442 2337 465 2378 et
490 2326 573 2394 officia
592 2325 757 2378 sacerdotum
780 2334 804 2376 ct
831 2324 1001 2390 heritarum
1019 2332 1198 2397 perorationes

441 2410 540 2464 qaoque
556 2394 623 2449 Saul
637 2411 667 2446 ac
679 2393 795 2461 filiorum
809 2395 868 2463 ejus
883 2406 1043 2464 repetuntur.

441 2484 460 2555 (l
475 2483 541 2536 Pan.
554 2482 604 2553 ιι.)
618 2480 758 2536 Universos
773 2500 833 2553 erpo
845 2483 930 2537 lsrael
944 2485 1124 2541 dinumeratus
1140 2497 1195 2553 est,

404 2584 428 2626 et
442 2588 544 2626 suntote
559 2588 647 2625 corant
665 2571 763 2641 scripta
775 2580 811 2625 est
831 2572 859 2625 in
878 2572 944 2627 libro
961 2572 1060 2644 Requm
1074 2574 1159 2630 lsrael
1172 2585 1196 2631 el

403 2663 486 2719 duda.
499 2662 629 2717 Translati
642 2672 701 2715 sorrt
718 2671 805 2715 autem
817 2663 844 2716 in
857 2661 1018 2735 Babylonem
1030 2675 1136 2736 propter
1152 2667 1198 2721 de-

404 2754 494 2823 lictum
506 2771 593 2808 snum.
608 2753 746 2810 Numerati
762 2762 825 2808 sunt
839 2768 903 2824 crgo
917 2754 965 2807 lrlii
980 2754 1063 2810 lsrael
1077 2758 1134 2812 sire
1148 2771 1197 2828 per

406 2844 502 2909 David,
515 2852 543 2896 ut
556 2842 694 2913 Scriptura
705 2841 799 2908 relect,
814 2843 870 2896 sive
885 2859 934 2912 per
947 2841 1128 2911 Salomonem,
1140 2846 1197 2901 sive

405 2951 452 3006 per
467 2933 548 2987 alium
562 2932 708 3003 quemlibet
723 2933 830 3003 reg'em;
848 2935 895 2987 sed
918 2943 1007 2988 tamen
1022 2945 1133 3006 propter
1147 2936 1196 2991 de-

406 3024 498 3077 lictum
512 3038 589 3077 santa
603 3023 629 3076 in
642 3022 794 3078 Chaldaeum
811 3022 932 3077 translati
947 3033 1019 3089 sant,
1035 3026 1133 3094 purtim
1148 3043 1197 3098 per

408 3109 694 3181 Thelgatlrplralnasur,
710 3111 808 3182 partim
821 3127 870 3183 per
885 3112 1068 3179 Salvnmraser,
1088 3118 1199 3185 partini·

407 3218 459 3276 ιιι
474 3217 522 3271 per
537 3201 793 3268 Nabuchodonosor,
809 3204 853 3257 uhi
875 3212 902 3259 et
917 3203 1026 3273 plurimi
1041 3222 1134 3261 eorum
1152 3210 1197 3264 dc-

406 3291 564 3349 fecerunta.
578 3292 653 3359 Quod
668 3299 757 3347 autern
769 3294 881 3359 dicitur,

440 3386 630 3441 liabitaaerunt
657 3386 735 3454 primi
761 3386 788 3439 io
811 3386 1016 3456 possessionibus
1038 3398 1061 3441 et
1089 3388 1197 3443 orbibus

405 3477 472 3541 suis,
495 3475 580 3529 lsrael
599 3483 623 3528 et
646 3475 804 3541 sacerdotes,
826 3474 921 3531 Lenito
935 3488 958 3530 et
976 3476 1126 3544 Nothinoei,
1142 3489 1194 3535 etc.

405 3565 550 3621 Sciendum
571 3564 642 3633 quod
662 3562 794 3619 Nothinaei
809 3565 917 3629 domini,
931 3566 988 3620 sive
1003 3568 1030 3620 in
1048 3566 1195 3622 humilitate

403 3655 551 3719 sortientes,
574 3653 795 3722 interpretantur,
816 3662 845 3708 et
867 3654 1107 3722 suanabaontec,
1128 3671 1195 3726 quos

405 3743 486 3798 Jusuc
501 3762 561 3798 cnm
580 3746 641 3798 ritu
664 3746 860 3810 reservaverit,
884 3746 917 3799 ad
941 3747 1080 3800 servitium
1105 3756 1195 3802 tamen

406 3837 497 3906 ternpli
511 3837 658 3906 deputarit,
671 3845 699 3891 ut
712 3852 796 3907 aquas
808 3845 835 3891 et
850 3837 921 3907 liqna
936 3838 1008 3893 illins
1023 3848 1197 3909 apportarent

409 3928 477 4000 (las.
492 3929 541 3998 ιι).

438 4019 549 4073 alearias
568 4036 668 4091 quoqne
690 4019 762 4089 filius
783 4018 892 4087 llelciar,
911 4021 961 4090 filii
980 4020 1129 4085 Mosellam,
1146 4023 1196 4091 titii

404 4108 501 4174 Sadoc,
510 4109 560 4179 filii
572 4108 715 4176 dlnraiath,
727 4109 776 4178 {ilii
788 4110 896 4163 Aciritob
906 4110 1023 4181 pontisera
1034 4111 1127 4165 donnas
1136 4111 1195 4178 Dei,

403 4210 430 4255 et
445 4201 556 4271 reliqna.
573 4202 625 4257 lste
639 4211 680 4257 est
694 4202 801 4256 Heluius
816 4204 942 4257 sacerdus
966 4218 1088 4272 magnus,
1103 4204 1149 4272 qui
1163 4202 1196 4257 li·

405 4292 482 4344 lirum
499 4292 564 4363 lcqis
577 4293 690 4359 invenit,
707 4294 757 4348 linc
771 4301 822 4358 est,
838 4293 1074 4347 Deuteronomium
1089 4293 1117 4347 in
1130 4302 1196 4348 tern-

404 4378 448 4450 plo
462 4378 579 4446 Domini,
592 4382 757 4451 tempor-ibus
769 4382 860 4448 iusim,
872 4389 899 4436 et
912 4381 1010 4437 dicitur·
1023 4380 1106 4438 luisse
1118 4392 1196 4455 pater

404 4469 528 4526 heremite
543 4472 680 4542 propheta
694 4472 720 4545 (l
729 4472 746 4524 V
762 4472 827 4544 llcq.
839 4474 918 4544 ιιι).

440 4562 574 4616 Barbarae
585 4581 686 4635 quoqne
700 4566 878 4636 carpentarios
893 4575 916 4619 et
929 4564 1006 4620 Galat
1018 4576 1042 4619 et
1058 4565 1195 4620 Mathania

1286 2180 1318 2234 h‘t
1342 2181 1451 2250 [emilia
1465 2191 1551 2250 patres
1565 2197 1655 2235 earam
1670 2198 1717 2251 per
1735 2183 1801 2236 uices
1814 2191 1960 2237 castrorum
1981 2183 2038 2238 Do·

1248 2271 1313 2324 mini
1328 2272 1500 2325 custodientes
1513 2273 1659 2337 introitum,
1674 2280 1826 2328 castrorum
1840 2275 1906 2329 dicit
1920 2275 2038 2331 liliorum

1248 2360 1313 2416 Levi
1326 2362 1399 2416 eirca
1420 2361 1621 2418 tabernaculum
1637 2363 1742 2418 Dourini
1768 2364 1974 2432 habitationem,
1989 2379 2040 2422 nec

1249 2467 1302 2506 non
1314 2462 1341 2507 et
1354 2460 1512 2507 caeterorum
1527 2452 1644 2507 liliorum
1658 2453 1740 2508 lsrael
1754 2463 1904 2510 castrorum
1919 2464 2038 2512 metatu·

1249 2556 1316 2608 ram,
1331 2542 1401 2597 sicat
1414 2548 1442 2596 ct
1456 2543 1484 2595 in
1498 2540 1623 2597 Nonacris
1638 2541 1857 2598 manifestissime
1871 2543 2039 2614 descriptum

1248 2641 1290 2687 est
1303 2630 1398 2703 (Num.
1412 2629 1454 2702 ιι).

1283 2722 1396 2779 Phineas
1408 2733 1505 2789 uatem,
1520 2724 1591 2794 filins
1606 2723 1740 2790 Eleazari,
1753 2734 1808 2779 erat
1821 2726 1876 2781 dua
1890 2743 1981 2781 earam
1994 2745 2038 2784 eo·

1248 2834 1305 2871 rum
1318 2817 1439 2880 Domino,
1455 2824 1509 2871 eto.
1522 2815 1568 2871 sic
1580 2826 1746 2872 monstratur
1759 2816 1874 2873 Phineas
1888 2834 1973 2889 nepos
1984 2819 2038 2874 ha·

1248 2921 1297 2960 ron
1319 2907 1360 2977 (ut
1373 2905 1477 2960 llehrcoi
1498 2905 1618 2976 tradunt)
1634 2907 1722 2962 adhuc
1745 2907 1772 2960 in
1794 2906 1888 2962 codem
1917 2917 2039 2979 tempora

1247 2998 1347 3062 rivere,
1362 3008 1390 3053 et
1405 2998 1432 3052 in
1447 2997 1620 3052 tabernaculo
1633 2998 1708 3051 vices
1728 2997 1941 3053 ministrantium
1962 2999 2037 3055 ordi·

1247 3105 1324 3146 nere.
1339 3077 1371 3144 tlt
1389 3096 1452 3144 sum
1466 3089 1540 3144 vices
1554 3088 1648 3160 viginti
1667 3096 1792 3158 quatuor,
1807 3104 1866 3158 qna
1881 3090 1907 3144 in
1924 3106 2038 3160 sequen-

1249 3179 1321 3235 tibus
1332 3179 1520 3233 describuntur
1532 3194 1547 3230 a
1561 3177 1644 3232 David
1658 3177 1789 3231 ordinata
1802 3179 1836 3232 ad
1855 3178 2037 3234 ministerium

1249 3268 1430 3335 tabernaculi,
1454 3282 1568 3337 quarum
1592 3268 1618 3320 in
1635 3267 1781 3337 Evangelio
1804 3268 1905 3322 mentio
1929 3277 2039 3322 estrat

1248 3358 1393 3414 Zachariae
1403 3360 1435 3412 de
1449 3360 1501 3411 rice
1513 3358 1579 3412 Abia
1592 3366 1664 3413 sorte
1679 3358 1777 3412 dicitur
1789 3358 1888 3420 exisse,
1904 3368 1935 3413 ut
1947 3359 2039 3416 irecen-

1249 3466 1308 3505 sum
1323 3458 1436 3519 anrreret
1450 3448 1476 3501 in
1490 3447 1590 3517 templo
1603 3447 1707 3502 Darnini
1722 3444 1797 3517 (Lac.
1810 3445 1840 3517 ι).

1283 3541 1337 3596 Per
1347 3550 1459 3611 quatuor
1471 3552 1557 3595 oratos
1571 3550 1644 3594 crant
1658 3540 1771 3604 ostiarii,
1786 3539 1814 3593 id
1827 3550 1878 3604 est,
1893 3540 1929 3594 ad
1944 3536 2039 3595 Orien·

1247 3642 1307 3697 tent,
1322 3631 1357 3684 ad
1372 3628 1547 3692 Occidentem,
1564 3628 1598 3682 ad
1612 3628 1765 3700 Aquilonem
1780 3637 1805 3681 et
1817 3628 1955 3682 Austrum.
1971 3626 1995 3679 F
1997 3647 2039 3682 ra-

1247 3736 1298 3780 tres
1315 3734 1401 3779 autem
1415 3740 1504 3777 eorum
1520 3723 1546 3775 in
1561 3721 1652 3776 viculis
1666 3722 1847 3786 morabantur,
1860 3729 1883 3774 et
1902 3720 2038 3774 oea'cbant

1246 3816 1273 3869 in
1289 3814 1409 3869 Sublatis
1429 3815 1484 3868 suia
1505 3813 1537 3865 dc
1559 3822 1672 3881 tempore
1695 3827 1775 3880 usque
1797 3809 1831 3863 ad
1853 3819 1964 3880 tempas.
1989 3808 2040 3864 tta

1246 3916 1360 3975 quatuor
1380 3903 1496 3956 excubiis
1520 3902 1669 3956 Leeitaram
1683 3902 1797 3955 creditus
1811 3911 1867 3954 erat
1887 3902 1972 3955 omrtis
1987 3919 2038 3956 nu-

1246 4011 1332 4047 merus
1345 3993 1506 4062 janitorum·
1519 4002 1543 4044 ct
1562 4001 1635 4045 erant
1648 4007 1725 4061 super
1737 3991 1845 4045 exedras
1860 4001 1883 4044 et
1902 3991 2039 4045 thesauros

1246 4084 1339 4137 dantus
1359 4082 1475 4136 Doarini.
1490 4081 1541 4135 Per
1559 4096 1651 4150 qqrum
1670 4096 1771 4149 quoquc
1791 4078 1916 4149 templum
1931 4080 2039 4133 Domini

1246 4173 1417 4226 morabantur
1428 4172 1455 4225 in
1471 4171 1595 4225 custodiis
1609 4172 1673 4235 ruis,
1689 4179 1729 4236 at,
1742 4186 1801 4223 carn
1819 4178 1919 4240 tempus
1933 4170 2036 4239 inisset,

1245 4264 1294 4334 ipsi
1313 4280 1389 4316 ritune
1410 4262 1539 4327 aperirent
1561 4261 1640 4328 sores.
1663 4259 1692 4313 ln
1713 4259 1887 4329 sequentibus
1902 4275 1979 4326 vero,
1993 4261 2039 4316 nbi

1247 4362 1302 4409 tota
1320 4352 1459 4423 dispositio
1480 4350 1621 4405 ministerii
1644 4348 1811 4405 tabernaculi
1833 4348 1941 4404 Domini
1956 4365 1972 4405 a
1988 4350 2040 4404 Ila·

1246 4448 1292 4502 vid
1316 4446 1445 4515 disposita
1467 4450 1705 4507 commemoratur,
1724 4442 1787 4512 quia
1802 4439 1912 4495 luerunt
1927 4439 1955 4494 lti
1970 4455 2041 4510 qua·

1247 4547 1307 4593 tuor
1326 4538 1425 4591 Levita
1448 4535 1544 4604 quibus
1564 4534 1682 4589 creditus
1696 4539 1775 4598 erat,
1803 4531 1892 4587 omnis
1909 4545 2041 4586 numurus

404 4650 475 4719 filius
492 4651 580 4706 qqcha
594 4653 643 4721 qm
663 4651 766 4720 zechri,
781 4653 830 4715 ἠμί
852 4654 960 4723 Amph:
975 4665 1000 4707 e,
1016 4652 1101 4708 oppia
1123 4653 1195 4723 fist„
1243 4632 1401 4703 janitorum,
1421 4629 1630 4690 dornonstratur‚
1650 4625 1694 4679 ubi
1717 4624 1754 4680 ita
1774 4624 1984 4693 scriptumest:
2001 4620 2041 4676 De

404 4741 588 4813 Serneite,1ilii
612 4744 699 4812 Gelai,
722 4746 771 4815 ptri
793 4746 915 4811 idithun,
930 4756 954 4801 et
977 4746 1108 4799 Barachia
1123 4744 1195 4814 filius

404 4833 470 4901 hta,
485 4835 534 4905 pilii
550 4835 668 4903 ldlcana,
686 4837 730 4906 qai
751 4837 876 4890 habitauit
889 4837 917 4890 in
938 4837 1014 4890 atriis
1036 4834 1177 4906 Netaphati
1187 4876 1195 4903 ,

403 4933 456 4980 etc.
474 4925 609 4980 bacbacar
623 4927 809 4993 carpentarius
824 4926 925 4979 idcirco
944 4924 1115 4991 describitur,
1130 4928 1193 4996 quia

405 5015 520 5070 artihcio
543 5028 592 5068 sao
617 5012 777 5083 louqebatur
794 5014 821 5067 in
839 5014 918 5068 ‹lorno
942 5014 1066 5079 Domini,
1085 5022 1112 5069 et
1135 5024 1194 5070 erat

405 5107 438 5162 de
454 5107 524 5161 trihu
544 5107 624 5174 Levi;
638 5115 666 5160 ct
682 5106 810 5160 Barachia
831 5104 901 5161 filius
913 5105 1004 5175 hsaph
1019 5105 1067 5159 filii
1081 5105 1192 5173 Elcerru,

405 5199 451 5267 qni
471 5199 602 5254 habitavit
619 5199 646 5252 in
661 5197 738 5251 atriis
755 5195 907 5268 Netophati.
931 5194 1075 5264 Netophati
1095 5211 1193 5252 nnnrcrt

405 5288 457 5342 loci
471 5297 522 5351 est,
544 5295 571 5341 et
587 5288 764 5355 intepretatur
786 5286 908 5354 inclqtas,
922 5284 967 5338 uhi
982 5285 1123 5339 lrulritabat
1141 5282 1195 5339 lle·

406 5377 450 5431 led
466 5377 536 5430 lllius
551 5376 651 5440 baana,
672 5376 705 5431 de
719 5392 772 5447 qno
796 5376 919 5444 superins
941 5376 1043 5431 dictum
1065 5385 1126 5431 est:
1142 5374 1194 5441 Qui

405 5475 480 5523 erant
492 5483 595 5520 cerame
607 5467 700 5520 dornrrs
712 5466 780 5521 Joah
796 5467 820 5539 (l
836 5463 901 5519 Par.
914 5465 956 5537 ιι).

441 5553 527 5608 Obdiu
549 5554 620 5624 tilius
635 5556 684 5625 fuit
701 5554 820 5621 Seraeirc,
833 5555 883 5626 ptri
898 5552 986 5619 Galal,
1004 5553 1055 5623 tilii
1072 5552 1193 5619 idithun,

409 5645 514 5701 lditlrun
529 5647 649 5701 cantoris
661 5646 756 5701 [ιιι-ιιι.

1246 4720 1320 4774 liora
1332 4731 1430 4783 autem,
1441 4719 1468 4771 id
1480 4727 1529 4781 est,
1542 4717 1574 4771 de
1592 4716 1656 4786 filiis
1674 4714 1781 4780 disrari,
1802 4711 1887 4769 Semri
1908 4712 2039 4783 princeps.

1209 4839 1235 4900 D
1249 4810 1310 4865 Non
1323 4810 1390 4865 enim
1403 4810 1530 4863 habuerat
1542 4808 1752 4877 primoqenitum,
1765 4804 1900 4858 etidcirco
1916 4811 2040 4871 posuerat

1247 4912 1393 4972 cumpater
1408 4900 1464 4970 ejas
1485 4900 1513 4952 in
1526 4898 1678 4967 principem.
1702 4895 1809 4950 llelcias
1823 4893 1965 4948 secundus.
1989 4890 2041 4945 Ta·

1247 4995 1327 5051 belias
1348 4994 1452 5058 tertius,¹
1468 4990 1612 5046 Zacharias
1634 4998 1754 5060 quartur.
1780 4985 1875 5041 Omnes
1897 4984 1925 5038 hi
1947 4982 1999 5052 filii
2017 4991 2041 5035 ct

1247 5084 1341 5153 {ratres
1354 5082 1427 5137 llosa
1444 5083 1575 5137 tredecim.
1590 5081 1627 5134 lli
1641 5079 1718 5134 dirisi
1730 5086 1790 5133 sunt
1812 5077 1841 5130 in
1852 5075 1995 5146 janitores,
2011 5082 2041 5127 at

1246 5193 1345 5245 semper
1354 5175 1482 5245 principes
1496 5173 1685 5236 custodiarum,
1698 5170 1764 5224 sieut
1781 5178 1805 5221 et
1820 5166 1916 5235 {ratres
1935 5180 2038 5226 eorum,

1245 5266 1422 5320 ministrarent
1435 5263 1462 5318 in
1476 5262 1553 5315 domo
1571 5259 1687 5314 Domini.
1705 5256 1794 5311 hlisste
1806 5263 1867 5309 sunt
1881 5262 1970 5307 autem
1985 5267 2042 5306 sor·

1245 5366 1282 5410 tes
1295 5373 1328 5410 eu
1340 5372 1414 5427 oeqao
1429 5363 1453 5409 et
1474 5352 1565 5424 parnis.
1577 5362 1601 5406 et
1620 5351 1720 5420 maqnis
1735 5365 1781 5419 prr
1798 5344 1915 5416 [amilius
1930 5361 1993 5397 suas
2012 5343 2041 5396 in

1245 5461 1452 5517 unamquamque
1470 5452 1614 5513 portarum.
1629 5438 1727 5494 Cecidit
1748 5452 1808 5506 erqo
1823 5450 1879 5489 sors
1894 5429 2042 5488 orientalis

1247 5544 1376 5602 Selcmire.
1392 5539 1474 5595 Porro
1490 5537 1636 5598 Zacharia,
1652 5534 1708 5603 filia
1728 5533 1795 5603 ejus,
1814 5532 1868 5586 uiro
1890 5525 2042 5597 prudentis·

1245 5635 1312 5691 sima
1323 5642 1347 5687 et
1364 5631 1477 5695 erudita,
1497 5629 1589 5682 sortita
1609 5625 1698 5694 obripit
1713 5622 1791 5693 plaqa
1806 5614 2039 5688 septentrionalis.

442 5732 584 5789 Obserttartt
599 5738 692 5807 quippe
706 5737 733 5791 t'n
748 5746 823 5807 porta
842 5739 909 5806 reqis
923 5735 957 5789 ad
974 5733 1105 5790 Orientem
1118 5734 1150 5787 de
1163 5733 1196 5801 ιι·
1249 5723 1397 5781 Obededom
1409 5738 1467 5775 ocra
1479 5728 1503 5773 et
1516 5717 1578 5787 filiis
1592 5716 1649 5786 ejas
1662 5713 1697 5766 ad
1708 5712 1844 5768 Austrum,
1858 5707 1885 5760 in
1899 5722 1952 5776 qun
1965 5714 2042 5774 parte

405 5828 448 5881 qq,
467 5826 529 5882 Levi
551 5845 596 5898 pe,
608 5829 675 5883 „qm
690 5847 762 5883 ,m
778 5828 828 5896 Qui
848 5835 923 5883 emm
942 5835 1077 5888 cantores,
1090 5834 1118 5878 οι
1131 5825 1197 5879 vici.
1249 5819 1341 5871 denras
1362 5823 1417 5869 crat
1432 5812 1561 5865 seniorum
1584 5804 1733 5861 eonsilium.
1747 5799 1852 5869 Sephirn
1870 5806 1894 5850 ct
1915 5794 1989 5849 Hosu
2004 5794 2040 5846 nd

407 5916 458 5974 ltus
481 5920 537 5974 suis
555 5919 590 5974 ael
614 5919 781 5988 psallendum
802 5932 863 5972 curn
887 5915 970 5970 David
990 5913 1196 5977 conveniebant,
1251 5908 1417 5965 Occidentem
1433 5903 1511 5971 iaxta
1528 5909 1628 5970 portam
1641 5910 1700 5965 qais
1718 5891 1790 5945 ducit
1811 5887 1846 5943 ad
1865 5888 1934 5941 ιίιιι
1949 5901 2040 5938 ascert-

446 6093 459 6122 ⁸
484 6081 505 6136 ll
526 6080 593 6153 licq.
617 6076 799 6147 sxrv;ll‘ar.
824 6093 883 6142 uxr,
910 6074 942 6129 tv
968 6073 1034 6147 ling.
1052 6090 1096 6138 ιι,
1122 6088 1193 6139 xrn,
1214 6087 1276 6125 ιιι.
