4709 6767
357 618 424 675 {025

676 601 714 663 tt(
727 597 983 661 ilzllthi'hthlll
1002 600 1163 660 assitme.
1187 594 1343 661 thGUh'T.
1361 603 1504 661 OPElthl
1525 602 1614 658 etus
1632 602 1653 656 Ι.

1926 605 1990 659 tuit

354 734 471 788 sionem.
490 745 499 780 ι
519 725 579 779 liae
594 737 659 791 ergo
671 721 804 775 sententia
822 720 991 773 demonstrat
1003 715 1335 781 haeredita-Ataremnt,
1350 728 1378 773 et
1400 718 1505 787 aliquas
1525 716 1656 771 virtutum
1676 717 1782 785 speeies
1802 713 1902 771 inritati
1921 728 1991 779 sunt,

354 832 409 876 tem
432 817 542 879 Christi,
567 820 690 868 sanctam
715 827 775 866 esse
800 810 960 875 Ecclesiam,
987 824 1068 880 quam
1089 807 1146 879 ipse

355 923 469 980 sponsus
482 902 693 975 gloriosissimus
708 900 770 955 fidei
794 916 849 954 snae
863 901 945 964 clorio,
961 908 987 954 et
1001 898 1147 969 baptisma-

356 1000 392 1055 tis
413 1003 585 1052 sacramento
606 994 734 1063 primitus
760 993 891 1054 lurnlavit.
918 993 1011 1063 sicque
1039 992 1073 1045 ad
1087 1006 1146 1046 earn

354 1089 474 1144 omnium
489 1086 609 1156 gentium
624 1084 746 1137 nationes
762 1097 907 1137 occurrere
921 1081 994 1135 lerit.
1010 1081 1086 1137 Unde
1101 1096 1148 1150 pa-

354 1184 431 1230 terna
460 1189 511 1228 vox
527 1173 560 1226 ad
576 1188 636 1226 eum
665 1171 691 1225 io
707 1170 811 1239 psalmo
829 1172 888 1225 ait:
914 1190 922 1220 ι
941 1170 1050 1224 Postula
1064 1186 1079 1223 a
1093 1186 1146 1235 me,

354 1277 381 1322 et
392 1267 462 1321 daho
477 1266 524 1337 tilii
539 1274 631 1336 grentes
646 1263 831 1318 haereditatem
850 1272 934 1328 trram,
946 1271 973 1317 et
997 1263 1146 1332 possessio-

355 1375 416 1414 nem
432 1367 504 1412 tuam
522 1355 653 1411 terminus
667 1366 745 1409 terne
768 1351 854 1426 (l’sol.
868 1354 910 1425 ιι),
929 1375 937 1406 ι
953 1353 1010 1409 lloc
1030 1369 1078 1423 per
1097 1355 1147 1407 lm-

354 1449 439 1503 hitum
455 1446 553 1500 dicitnr
567 1443 736 1515 formamque
751 1445 887 1509 servilem,
904 1461 936 1499 ex
962 1460 995 1499 eo
1019 1444 1091 1514 qnod
1115 1444 1146 1497 lr-

354 1543 408 1597 lius
423 1550 463 1597 cst
476 1541 590 1611 virginis
604 1558 611 1607 ;
631 1540 760 1610 quidquid
777 1541 848 1594 enim
866 1540 891 1593 in
909 1550 1029 1610 tempore
1044 1540 1148 1609 accepit

354 1635 491 1700 OEiristrrs,
520 1635 667 1689 seeundum
696 1634 833 1689 hominem
867 1648 927 1703 qnae
954 1649 1006 1687 non
1032 1635 1149 1688 habehat

354 1728 483 1798 acquirit.
499 1726 568 1781 llinc
581 1728 652 1781 enim
670 1726 791 1797 jubetur,
808 1735 837 1780 ut
851 1735 926 1795 petat
938 1727 1084 1781 seeundum
1099 1742 1146 1780 na-

356 1828 444 1875 turam
457 1817 625 1883 inleriorem,
639 1828 666 1873 et
679 1826 791 1886 accepta
806 1818 954 1888 possideat.
968 1818 1036 1872 Nam
1051 1834 1148 1873 sccun-

354 1911 418 1964 dum
434 1910 581 1979 potentiam
594 1908 681 1972 rerhi,
698 1907 882 1962 indifferenter
906 1908 997 1962 omnia
1024 1924 1083 1977 qum
1097 1909 1148 1963 ha-

356 2002 400 2055 het
415 2000 507 2064 Pater,
523 1999 646 2053 habetet
669 1996 763 2062 Filius,
793 2013 842 2052 nee
871 1998 907 2051 illi
923 2014 1033 2053 neeesse
1048 2007 1148 2067 cstpe·

1199 824 1381 877 supervacuus
1401 818 1429 863 ct
1442 808 1554 863 omuino
1574 807 1625 863 sihi
1646 806 1749 860 inutilis
1763 814 1816 868 est,
1830 806 1895 875 qrria
1916 808 1991 875 quid·

1199 901 1263 970 quid
1276 909 1351 955 extra
1371 909 1492 956 sanctam
1516 898 1667 956 Ecclesiam
1689 898 1729 962 tit,
1747 899 1880 968 gemitum
1901 915 1992 969 perpe

1200 1001 1286 1057 tuum,
1306 1009 1359 1047 non
1373 993 1499 1062 gandium
1513 1000 1656 1053 retentum,
1672 989 1752 1060 parit.

1238 1083 1328 1150 ‹eris
1342 1083 1427 1137 credit
1442 1082 1479 1147 ei,
1502 1082 1547 1150 qui
1567 1097 1619 1136 ιιειι
1645 1080 1726 1134 lrahet
1749 1080 1855 1143 nidum,
1877 1089 1904 1133 et
1921 1080 1993 1135 dede

1203 1192 1212 1225 r
1236 1184 1312 1228 ctens
1335 1175 1488 1243 triticunque
1516 1172 1710 1232 obscuraverit,
1739 1170 1820 1240 quasi
1841 1172 1993 1225 succinctus

1203 1280 1212 1313 ι
1235 1262 1305 1316 latro
1324 1262 1452 1316 exsiliens
1472 1262 1506 1316 de
1531 1260 1642 1315 civitate
1654 1262 1681 1313 iu
1697 1259 1848 1314 civitatem.
1864 1278 1874 1311 ι
1900 1258 1992 1313 h'idum

1200 1353 1245 1407 hic
1259 1362 1396 1423 nuraenpat
1411 1360 1534 1406 strictam
1548 1351 1705 1413 Ecclesiam,
1719 1350 1765 1404 ulti
1780 1350 1833 1420 pire
1848 1348 1993 1404 electorum

1200 1446 1297 1499 anirum
1311 1445 1380 1499 lilios
1393 1445 1525 1499 horterum
1546 1442 1705 1506 enutriunt,
1724 1442 1799 1497 node
1809 1442 1943 1511 scriptum
1956 1451 1995 1496 est

1200 1535 1228 1588 in
1237 1533 1368 1605 psalmo:
1383 1552 1391 1584 ι
1406 1534 1506 1589 Passer
1529 1535 1631 1588 invenit
1653 1533 1703 1587 sihi
1718 1533 1845 1597 domum,
1866 1540 1894 1586 ct
1911 1541 1995 1587 turtur

1201 1627 1304 1689 nidum,
1325 1626 1370 1681 uhi
1394 1634 1507 1696 reponat
1531 1625 1702 1695 pullossuos
1728 1622 1818 1695 (Psul.
1841 1625 1993 1692 emnil»

1203 1717 1252 1771 l'hi
1271 1733 1335 1787 ergo
1351 1717 1471 1786 requiem
1489 1724 1517 1769 et
1538 1717 1647 1769 tutelam
1665 1715 1757 1778 hahet,
1777 1713 1825 1782 qni
1849 1729 1905 1767 raon
1931 1714 1996 1767 iutra

1201 1816 1322 1861 sanrtam
1339 1806 1488 1869 Ecclesiam
1504 1814 1605 1869 raranet,
1620 1805 1774 1873 ubicunqne
1792 1802 1867 1856 enirn
1883 1818 1934 1871 per
1946 1801 1997 1856 hae·

1201 1900 1347 1953 reticornm
1375 1898 1501 1969 dogmata
1523 1897 1565 1953 sel
1588 1896 1812 1967 philosophorum
1842 1895 1934 1948 studia
1955 1895 1998 1949 de-

1202 1990 1318 2055 flexerit,
1344 2006 1452 2060 semper
1467 1992 1494 2044 in
1518 2005 1611 2044 errore
1635 1991 1699 2050 erit,
1725 1998 1752 2043 et
1778 1988 1869 2043 locem
1891 1989 2000 2043 sineere

356 2101 412 2147 tere
425 2107 484 2161 qnae
504 2091 583 2145 simul
603 2090 760 2161 agnoscitur
774 2090 924 2159 possidere.
941 2090 1041 2145 Gentes
1058 2098 1149 2146 autem
1163 2070 1188 2129 Β
1201 2083 1324 2139 ueritatis
1338 2097 1469 2152 nusquam
1490 2082 1618 2135 inveniet.
1638 2081 1720 2147 Quasi
1740 2080 1827 2134 etiam
1846 2081 2000 2134 succinctus

357 2184 464 2252 signant
480 2184 603 2236 nationes
617 2189 674 2235 toto
686 2182 752 2235 orlac
766 2182 897 2245 diversos,
922 2197 990 2251 quas
1006 2182 1152 2237 distinctas

358 2288 390 2327 ac
405 2282 545 2343 separatas
572 2272 684 2341 sanguis
700 2271 873 2340 amplectitur
885 2271 999 2326 Christi.
1015 2272 1083 2326 Nam
1099 2274 1152 2329 hoe

358 2363 445 2433 ipsum
457 2362 528 2431 qnod
546 2362 595 2425 ait,
612 2381 621 2412 ι
643 2371 725 2426 tuam,
744 2381 752 2413 ι
775 2362 989 2416 incarnationem
1004 2361 1079 2417 serbi
1092 2377 1152 2418 esse

358 2456 537 2518 demonstrat,
554 2463 583 2507 ut
599 2452 666 2509 nihil
678 2454 843 2524 intelligatur
855 2470 914 2509 esse
925 2456 1053 2520 divisum,
1069 2472 1152 2524 quan·

358 2546 392 2599 do
408 2562 459 2599 rina
474 2544 615 2613 majestate
628 2545 718 2599 omnia
737 2546 920 2615 possidentur,
934 2546 1004 2601 sieut
1026 2548 1051 2601 in
1065 2548 1153 2602 Evan-

358 2634 428 2702 gelio
452 2635 509 2703 ipse
535 2634 622 2688 dicit:
647 2632 770 2688 «Olunta
795 2649 855 2702 quae
869 2634 951 2688 Pater
975 2635 1070 2699 hahet,
1091 2652 1151 2691 mea

358 2731 431 2787 sont,
448 2732 475 2777 ct
488 2724 578 2778 omnia
593 2723 693 2789 Patris,
709 2739 769 2778 mea
784 2733 847 2778 snut
859 2723 951 2793 (loro.
967 2726 1047 2797 ιιίι).
1067 2746 1076 2778 ι
1093 2745 1102 2778 ι
1119 2727 1153 2781 Et

358 2811 569 2882 possessionem,
597 2812 693 2880 iuquit,
720 2821 794 2866 tunm
814 2814 943 2868 terminos
964 2822 1053 2868 terrm.
1077 2835 1086 2865 ι
1104 2814 1154 2869 Hie

358 2901 548 2957 manifestatur
574 2903 714 2957 universas
737 2911 831 2973 gentes
858 2904 883 2958 in
913 2903 1014 2959 Christi
1043 2906 1153 2960 nomine

358 2994 523 3058 credituras,
537 3008 586 3062 per
611 3009 691 3062 quem
707 2993 822 3047 muamus
839 2993 957 3064 explosis
979 2995 1153 3065 superstitio·

357 3085 438 3139 uilius
456 3084 647 3138 reconciliatus
660 3093 702 3137 est
716 3083 781 3138 Deo.
807 3082 874 3138 Nam
890 3100 952 3139 cum
966 3095 993 3140 et
1018 3086 1063 3141 hic
1088 3086 1154 3140 dicit

361 3159 587 3246 «possessionem
603 3184 685 3239 tuam,
706 3195 715 3227 ι
742 3185 867 3229 naturam
886 3176 1065 3231 humanitatis
1078 3191 1154 3231 acce-

357 3269 407 3340 pit,
423 3269 494 3338 qued
523 3283 631 3339 semper
655 3269 745 3323 diviua
770 3269 902 3337 possedit.
919 3268 1053 3339 llajcstati
1080 3268 1153 3324 enirn

358 3360 443 3429 ipsius
458 3361 515 3414 dari
531 3376 583 3414 non
597 3368 704 3429 poterat
718 3361 790 3429 quod
809 3360 937 3415 habehat.
950 3362 1070 3416 Termini
1081 3363 1154 3416 enim

1202 2174 1272 2230 latro
1284 2174 1316 2227 de
1328 2174 1438 2228 civitate
1452 2173 1478 2226 in
1492 2173 1629 2225 ciuitatem
1641 2171 1727 2235 exilit,
1743 2171 1807 2240 quia
1825 2170 1964 2225 instabilis
1976 2171 2000 2224 in

1202 2266 1276 2321 ontni
1292 2280 1320 2320 rc
1337 2281 1422 2335 uagus
1435 2273 1459 2318 et
1473 2261 1604 2333 prologus
1618 2262 1758 2316 deerrare
1772 2262 1801 2315 in
1815 2277 1943 2316 errorem
1958 2276 1999 2317 ca·

1203 2357 1251 2411 dit.
1265 2355 1404 2425 Sequitur.

1496 2447 1609 2503 CAPUT
1635 2446 1700 2501 till.

1204 2539 1231 2594 N
1233 2556 1267 2594 on
1279 2557 1334 2594 esse
1347 2541 1459 2594 criticum
1474 2549 1576 2593 tuntum
1591 2540 1704 2604 uontinc,
1718 2538 1763 2592 sed
1780 2554 1859 2607 apere
1877 2549 1905 2591 et
1915 2538 1966 2606 fide
1978 2547 1999 2591 ει

1533 2609 1670 2662 clrurr'tnte.

1240 2722 1316 2794 (Car.
1332 2722 1448 2790 ιιιιίι.)
1471 2741 1480 2771 ι
1497 2720 1592 2776 Omnis
1602 2719 1705 2773 amicus
1717 2719 1791 2772 dicet
1805 2737 1811 2770 :
1825 2717 1862 2772 Et
1875 2719 2000 2788 egoarni·

1208 2829 1217 2861 ι
1235 2812 1329 2866 citiam
1343 2811 1483 2881 copulari,
1497 2811 1544 2865 sed
1557 2817 1599 2865 est
1611 2809 1727 2868 amicus.
1743 2809 1807 2863 solo
1821 2810 1934 2863 nomine
1944 2810 2002 2863 arrii·

1207 2923 1216 2954 ι
1237 2920 1294 2959 εεε.
1313 2924 1322 2957 ι
1339 2903 1470 2974 Superius
1489 2903 1533 2957 uhi
1549 2904 1582 2957 de
1603 2903 1699 2956 anneis
1716 2902 1883 2972 disputarit,
1899 2902 2002 2972 diligen·

1204 2995 1259 3049 tius
1273 2996 1400 3050 disseruit
1413 2995 1501 3064 qualis
1514 2995 1550 3049 sit
1571 2996 1674 3049 auricus
1686 3010 1780 3059 serus,
1797 2996 1926 3065 rqrraliste
1938 2997 2000 3050 erni·

1205 3103 1253 3141 cus
1268 3086 1362 3152 lalsus,
1386 3087 1451 3156 quia
1467 3086 1529 3141 alihi
1554 3087 1733 3141 dictumest:
1749 3104 1758 3137 ι
1776 3086 1828 3140 list
1842 3088 1951 3141 amicus
1965 3104 2001 3141 se·

1205 3180 1323 3235 cundum
1340 3186 1446 3248 tempus
1460 3194 1550 3243 suuni,
1564 3186 1592 3231 et
1604 3193 1657 3232 non
1672 3177 1849 3246 permanehit
1862 3178 1890 3232 in
1907 3179 1949 3232 die
1960 3179 2002 3231 tri-

1205 3270 1363 3335 bulationis,
1381 3277 1408 3323 et
1422 3277 1464 3324 est
1479 3269 1593 3334 amicus,
1609 3268 1655 3338 qni
1678 3268 1821 3337 egreditur
1835 3269 1872 3323 nd
1897 3268 2001 3323 inliniri·

1207 3361 1283 3415 tiam.
1297 3360 1398 3429 Estque
1412 3360 1526 3424 anricus,
1542 3360 1633 3414 socius
1651 3374 1763 3423 urense,
1778 3369 1810 3414 et
1832 3376 1888 3414 non
1904 3375 1999 3430 perrea·

358 3462 438 3507 terno
460 3461 531 3518 sunt,
562 3452 608 3521 qui
631 3451 753 3505 tellurem
783 3452 895 3522 cingunt
924 3461 1006 3522 atque
1041 3454 1281 3515 conclu-Cnebit
1305 3454 1332 3508 in
1357 3452 1401 3508 die
1427 3453 1599 3509 necessitatis
1613 3452 1708 3523 (Eccli.
1725 3458 1773 3513 ιι).
1792 3473 1802 3505 a
1824 3454 1847 3507 d
1870 3456 1999 3509 contrario

359 3545 436 3609 dunt,
454 3551 497 3597 arrt
515 3560 567 3598 nou
583 3544 670 3598 solum
685 3543 772 3606 aritia,
788 3558 882 3597 venmr
897 3543 980 3597 etiam
1003 3545 1085 3600 totius
1108 3561 1153 3601 ac-

359 3635 398 3687 ris
414 3634 587 3703 circumiecta
603 3633 754 3687 substantia
783 3641 810 3686 ct
828 3634 949 3688 omnium
965 3643 1152 3690 ereaturarum

360 3725 529 3795 significatur·
554 3722 705 3793 integritas,
724 3724 795 3777 sieut
822 3723 919 3792 ipsein
940 3724 1086 3795 Evangelio
1104 3725 1154 3780 suh

361 3815 495 3870 lueritate
509 3814 653 3878 conclusit,
679 3813 795 3868 diceus:
817 3834 825 3864 ι
845 3814 912 3867 Data
931 3824 973 3869 est
987 3816 1053 3869 mihi
1065 3818 1155 3875 onutis

362 3916 482 3977 potestas
505 3907 531 3961 in
554 3906 624 3962 cralo
648 3915 674 3960 ct
690 3906 716 3959 in
745 3915 817 3961 terra
842 3907 950 3971 (lluttlr.
967 3910 1075 3982 xxvru).
1094 3932 1104 3963 ›
1121 3912 1155 3969 Et

360 3996 504 4068 hpostolns
520 4015 526 4050 :
545 4013 555 4047 ι
574 3995 609 4052 Ut
627 3996 654 4050 in
671 3996 791 4060 nondne,
805 3996 903 4067 inquit,
918 3997 980 4054 lesu
992 4016 1072 4056 orune
1084 4016 1154 4071 germ

362 4089 495 4156 llrctatnr,
522 4089 683 4149 eoelestiom,
718 4090 889 4144 terrestrium
922 4100 949 4146 et
983 4092 1153 4148 infernorum

362 4182 445 4253 (Pltll.
463 4182 503 4253 tt).
524 4202 533 4232 ι

399 4270 595 4340 rhdjotoriunt
620 4271 768 4327 secundum
788 4273 863 4327 illum
885 4285 927 4330 est
946 4285 975 4331 et
987 4278 1112 4333 columna
1126 4289 1156 4335 nt

364 4364 480 4433 requies.
499 4383 508 4414 ι
526 4362 696 4431 hdjntorium
709 4364 781 4418 enim
797 4365 925 4421 Ecclesim
941 4369 1088 4423 secundum
1100 4371 1156 4426 dis·

364 4454 547 4519 prrrsationem
578 4453 682 4507 Deretini
716 4463 743 4507 et
765 4456 855 4524 sponsi
881 4457 922 4510 sui
946 4466 1004 4522 est,
1033 4473 1084 4514 nec
1111 4461 1156 4515 illa

364 4543 471 4597 aliunde
488 4542 540 4597 nisi
555 4544 589 4598 ah
605 4543 662 4612 ipso
675 4544 772 4613 (patuerit
787 4544 923 4611 solatium,
940 4548 1001 4617 quia
1014 4549 1041 4603 iu
1055 4550 1100 4604 illo
1116 4560 1157 4605 to-

366 4634 417 4688 tius
427 4648 482 4688 snze
492 4634 661 4688 necessitatis
673 4634 975 4705 invenietnpportunurn
986 4640 1154 4711 suffragium.

367 4716 441 4777 ilnile
456 4722 483 4776 in
497 4723 600 4792 psalmo
620 4724 676 4794 ipse
688 4726 724 4779 ita
738 4726 822 4781 dicit:
839 4746 848 4777 ι
864 4727 971 4784 lustum
992 4733 1155 4802 adjutorium

1204 3560 1269 3600 vero
1282 3545 1371 3599 amico
1386 3544 1458 3600 fideli
1474 3544 1547 3598 nulla
1560 3552 1601 3599 est
1617 3545 1800 3613 eorttparatio,
1817 3547 1883 3613 qnia
1904 3548 1997 3600 amiens

1205 3635 1293 3692 tidelis
1315 3637 1543 3692 medicamentum
1574 3645 1615 3691 est
1637 3636 1700 3690 rite
1723 3646 1751 3690 et
1779 3637 1996 3692 immortalitatis.

1205 3725 1300 3782 Omnis
1312 3727 1425 3790 amicus,
1444 3728 1496 3782 hoc
1510 3735 1561 3790 est,
1578 3742 1656 3781 verus
1676 3735 1704 3781 et
1723 3725 1823 3791 lalsus,
1836 3744 1868 3782 se
1890 3729 1996 3783 amicum

1205 3833 1265 3872 esse
1280 3816 1436 3888 profitetur,
1457 3818 1504 3871 sed
1519 3817 1565 3885 qni
1581 3825 1723 3886 permanet
1744 3816 1828 3881 strias,
1848 3818 1896 3872 ille
1911 3819 1996 3871 merite

1206 3910 1286 3978 hujus
1305 3909 1423 3963 nominis
1441 3910 1544 3963 honore
1559 3908 1714 3962 decoratur.
1734 3906 1805 3962 Nam
1825 3910 1955 3977 rqrrorriam
1976 3910 1996 3962 in

1207 4000 1273 4054 lalso
1297 3999 1386 4054 antico
1414 3998 1570 4053 securissima
1599 3996 1667 4052 fides
1689 4012 1742 4052 nort
1771 3998 1923 4063 irasenitur,
1945 4015 1996 4069 pre

1205 4104 1299 4162 pterea
1311 4089 1457 4161 subjungit,
1470 4091 1563 4146 dicens
1576 4107 1582 4143 :

1245 4182 1367 4237 «Nonne
1388 4182 1499 4235 tristitia
1522 4188 1665 4249 estusque
1688 4181 1725 4235 ad
1748 4183 1889 4237 mortem?
1902 4182 1997 4239 Sodalis

1209 4282 1327 4327 «autem
1348 4281 1375 4326 et
1395 4272 1498 4326 auriens
1520 4270 1554 4325 atl
1575 4270 1745 4325 inimicitiam
1767 4282 1993 4329 convertentur.»

1208 4365 1355 4419 hlaaiumm
1379 4365 1452 4419 enim
1475 4363 1574 4417 malum
1595 4369 1647 4427 est,
1662 4370 1690 4417 et
1705 4364 1839 4439 continuo
1857 4365 1949 4420 dolore
1960 4380 1997 4436 qe·

1207 4459 1345 4520 mendum,
1358 4458 1431 4525 quod
1453 4456 1498 4511 uhi
1513 4465 1638 4525 speratur
1657 4454 1787 4519 fidelitas,
1815 4457 1853 4511 ihi
1874 4459 1997 4512 insenitm

1207 4548 1371 4619 malignitas,
1388 4557 1416 4602 et
1438 4548 1482 4600 uhi
1498 4545 1625 4599 andeitiee
1638 4546 1793 4601 assimilata
1814 4558 1860 4602 est
1877 4550 1995 4610 charitas,

1209 4641 1247 4696 ihi
1265 4640 1415 4694 inimicitie
1431 4640 1565 4708 reperitur
1577 4638 1751 4708 perversitas.

1247 4748 1256 4778 ι
1273 4727 1294 4783 0
1308 4728 1483 4798 praesumptio
1499 4727 1674 4796 nequissima,
1695 4728 1769 4783 unde
1785 4739 1881 4785 creata
1897 4748 1928 4788 es
1943 4748 1993 4787 rue

365 4832 479 4871 uictima
494 4816 618 4881 Domino,
634 4816 679 4885 qui
692 4816 781 4871 salmas
796 4818 859 4874 lacit
872 4829 961 4876 rectos
973 4825 1055 4880 corde
1066 4824 1151 4896 (Paul.
1165 4821 1193 4882 D
1208 4839 1218 4872 ι
1237 4820 1326 4891 perite
1345 4820 1449 4874 aridam
1464 4818 1567 4872 manlia
1580 4826 1607 4873 θῑ
1620 4817 1766 4874 (Ῐθῑθδὶῑῐιῑθ
1783 4821 1868 4875 illius·
1896 4842 1905 4873 ι
1926 4822 1993 4875 Mitt·

365 4905 423 4972 ιιι).
440 4925 449 4955 ι
467 4906 508 4958 hh
522 4921 576 4975 quo
593 4907 675 4960 etiarn
697 4907 778 4961 hahet
800 4909 964 4967 infirmitatis
985 4917 1158 4971 sustentatio-

366 5012 426 5049 nem
446 5004 474 5050 et
491 4995 593 5050 laboris
607 4994 738 5065 requiem.
754 4996 830 5052 Unde
845 5000 944 5055 dicitnr
963 5004 1087 5059 columna
1099 5006 1158 5062 lieri

326 5074 328 5077 ’
366 5096 391 5139 ιιι
404 5088 520 5156 requies,
533 5086 660 5157 quoniam
674 5086 732 5156 ipse
743 5087 788 5157 qui
799 5088 824 5142 in
840 5093 1020 5158 praesentire
1034 5095 1093 5166 ejus
1103 5096 1158 5151 lra-

366 5179 477 5249 gilitatis
491 5177 714 5244 sustentaculum,
731 5178 787 5246 ipse
801 5178 933 5239 inlutum
948 5184 994 5240 liet
1012 5188 1114 5257 requiei
1126 5187 1158 5242 il-

368 5270 419 5323 lins
433 5270 658 5339 supplementum.

406 5379 415 5409 ι
435 5360 484 5415 tihi
503 5378 556 5417 non
580 5373 621 5419 est
644 5380 732 5434 sepes,
744 5366 887 5436 diripietur
902 5368 1050 5437 possessio,
1071 5377 1099 5423 et
1113 5368 1157 5423 uhi

371 5466 451 5504 «riou
477 5460 516 5506 est
542 5455 639 5510 mulier
660 5456 813 5527 ingemiscit
837 5473 954 5529 egens.»
981 5458 1037 5513 lloc
1058 5460 1160 5515 iudicat

368 5543 440 5611 rqtrod
456 5543 498 5597 uhi
514 5559 566 5598 non
581 5555 621 5600 est
639 5563 732 5601 murus
746 5548 806 5603 fidei
821 5549 969 5615 catholiea,
981 5550 1026 5618 qui
1038 5565 1085 5620 per
1096 5567 1160 5607 san·

370 5645 473 5689 eturnni
498 5635 638 5691 diaretorum
658 5652 705 5692 ora
731 5639 876 5705 liutdatur,
903 5639 1001 5693 lrustra
1029 5642 1157 5709 virtutum

371 5731 504 5800 possessio
514 5730 660 5800 colligitur,
676 5731 738 5800 quia
751 5733 785 5787 ab
796 5732 942 5788 immundis
953 5733 1092 5802 spiritibus
1105 5744 1159 5789 tota

371 5820 522 5890 diripietur.
542 5841 551 5874 ι
567 5822 737 5893 impossibile
756 5832 798 5878 est
814 5824 886 5878 enim
903 5824 962 5879 sine
986 5823 1037 5882 lule
1054 5826 1161 5896 placere

371 5909 427 5965 [leo
452 5911 545 5984 (llelr.
568 5915 607 5985 m)
622 5931 655 5967 :t
678 5913 751 5968 ttrtde
773 5913 869 5983 conjici
887 5917 976 5980 datm,
994 5918 1065 5985 quod
1088 5925 1161 5973 tutus

371 5999 591 6073 philosophorum
611 6005 750 6076 gentilium
764 6004 849 6075 labor,
864 6008 910 6077 qui
923 6008 956 6065 de
968 6008 1056 6065 ethica
1070 6009 1161 6078 dispu-

1210 4921 1254 4967 tor
1267 4926 1332 4981 ergo
1347 4913 1388 4965 vir
1412 4911 1522 4981 sapiens
1544 4916 1635 4964 ortum
1654 4910 1795 4978 nequitie,
1812 4927 1897 4979 quam
1917 4922 1992 4966 mineo

1209 5012 1317 5061 constat
1335 5018 1368 5057 ex
1383 5001 1454 5056 mala
1470 5002 1608 5056 volontate
1627 5011 1764 5056 creature
1779 5004 1918 5072 prolatam
1936 5018 1991 5062 csse.

1209 5106 1236 5150 ει
1258 5095 1409 5150 detestatur
1430 5091 1509 5146 valde
1533 5091 1699 5161 hypocrisin,
1719 5093 1783 5161 quia
1805 5096 1950 5162 ῃεεείιιιιιιε
1963 5093 1991 5145 ri

1210 5188 1275 5240 tium
1296 5192 1336 5239 est
1351 5183 1500 5253 quemlihet
1520 5182 1572 5237 hoe
1587 5197 1616 5235 se
1636 5180 1737 5250 strigem
1750 5184 1832 5241 selle.
1850 5183 1989 5254 rqrrodper'r

1213 5286 1253 5331 tus
1266 5292 1319 5330 tion
1332 5283 1384 5337 est,
1402 5289 1464 5328 cum
1478 5273 1565 5328 malus
1578 5287 1608 5328 se
1629 5275 1709 5328 sinml
1723 5283 1750 5329 et
1766 5278 1880 5341 lionrmr,
1895 5279 1992 5348 injustas

1208 5366 1322 5436 justum,
1343 5367 1451 5436 iniquus
1465 5380 1583 5434 coquum,
1608 5366 1733 5420 iuimicus
1749 5368 1871 5422 autricum
1890 5368 1989 5423 simulet.

1211 5458 1397 5527 Coeperiendo
1413 5456 1585 5511 dolositatem
1601 5466 1628 5511 et
1640 5457 1745 5511 aridam
1765 5458 1947 5523 dolositatem,
1957 5459 1991 5512 nti

1213 5560 1321 5606 nonest
1343 5550 1477 5621 pinguedo
1492 5549 1645 5604 dilectionis
1663 5557 1691 5603 et
1708 5550 1921 5617 misericordie3
1937 5550 1993 5606 ded-

1213 5646 1252 5716 pit
1271 5645 1343 5699 euim
1363 5644 1497 5698 veraciter
1519 5643 1705 5712 semetipsum,
1727 5658 1791 5698 euru
1811 5658 1844 5699 se
1867 5646 1990 5700 taonem·

1214 5735 1366 5791 delusorem
1382 5742 1459 5805 pultat
1472 5747 1532 5789 csso
1547 5734 1675 5794 aliorum,

1252 5846 1262 5877 r
1280 5825 1386 5880 sodalis
1404 5825 1492 5879 amico
1505 5823 1720 5892 corqoeundatur
1734 5825 1762 5879 in
1775 5826 1960 5887 oblectatione,
1970 5829 1991 5876 et

1217 5938 1225 5968 ι
1245 5917 1271 5972 in
1286 5925 1407 5985 tempore
1422 5916 1606 5972 tribulationis
1629 5916 1881 5975 adversariuserit.
1903 5915 1990 5974 spele

1216 6029 1226 6060 ι
1245 6010 1332 6065 antico
1353 6008 1478 6065 condolet
1498 6002 1717 6073 conserenteis,
1731 6017 1761 6064 ct
1782 6019 1878 6066 eontra
1901 6011 1991 6066 lasea
