4709 6767
335 619 389 678 διδ

797 613 973 670 cellite-lt.
994 613 1026 667 ts
1046 604 1320 666 ltttttlllotlltril.
1341 638 1375 648 —
1394 605 1457 661 Llll.
1478 608 1497 661 l.

1915 603 1968 663 tet

334 734 484 807 (ieiunium)
510 739 601 785 sanctu
620 737 668 792 est,
694 737 717 779 et
733 742 828 779 trrossu.
854 722 886 777 Et
911 724 1024 777 siradio
1040 722 1167 782 sanctuli
1182 720 1335 789 ptenarium
1357 720 1461 774 dierum
1476 732 1617 772 tinnierunt
1636 719 1731 783 rtrrrit,
1759 718 1785 772 iu
1804 720 1968 775 continentia

334 838 357 877 et
373 821 450 876 rami.
471 820 548 887 Quod
562 819 585 872 si
598 817 680 885 aliqui
691 831 723 868 ec
735 814 813 867 rumis
821 812 899 882 [raeti
909 822 981 878 steret,
992 822 1019 865 tu
1031 821 1128 875 nartem,

334 930 393 967 curu
409 910 522 965 oleaster
534 925 611 971 esses,
632 907 744 959 insertus
759 920 785 957 ec
801 903 864 967 illis,
887 913 910 956 et
924 904 1009 955 socius
1033 901 1129 955 radicis

334 1016 357 1057 et
375 1000 543 1073 pinquediuis
557 998 631 1053 olium
646 997 733 1067 suctus
744 1012 781 1059 es,
807 993 860 1049 noli
873 994 982 1064 qloriori
1006 994 1128 1046 aduersus

334 1110 435 1159 remos,
456 1100 483 1147 et
495 1098 604 1156 caetera,
618 1104 677 1159 qum
691 1086 832 1157 Apostolus
855 1085 888 1138 ad
910 1084 1045 1138 Romanos
1060 1084 1129 1137 nriro

335 1201 367 1239 sc
379 1182 523 1252 multiplici
538 1195 661 1236 sermone
673 1178 785 1249 digessit
804 1174 892 1246 (llom.
910 1174 959 1245 ιι).
991 1172 1127 1227 Caularem

334 1277 469 1340 carnales,
481 1276 538 1329 sire
550 1271 680 1336 earnalia,
694 1284 756 1323 ossa
770 1268 894 1323 fortiores
906 1281 1026 1336 quosque
1037 1273 1063 1318 et
1074 1264 1128 1317 rir-

335 1379 422 1424 tutum
434 1383 516 1437 opera
533 1366 685 1434 designant.
708 1361 775 1417 Ossa
795 1361 822 1415 in
836 1373 944 1413 nemore
960 1355 1041 1411 labes
1054 1370 1128 1426 sepe-

334 1461 443 1524 lierunt,
460 1472 532 1519 curn,
554 1456 577 1510 si
591 1454 655 1525 quid
671 1453 697 1506 in
721 1450 834 1506 intirmis
848 1447 956 1502 virtutis
970 1461 1001 1500 ae
1016 1443 1127 1498 inlimti-

335 1550 398 1603 tatis
414 1549 584 1608 inuenerunt,
600 1558 652 1597 non
664 1542 715 1596 boe
728 1540 803 1610 quasi
818 1537 894 1592 nihili
909 1536 1058 1606 despicere,
1078 1533 1126 1590 sed

334 1638 480 1694 fructuosis
494 1644 649 1690 sanctorum
659 1632 786 1703 oporibus
798 1630 952 1685 maluerunt
968 1628 1123 1698 adjtrngere.

335 1730 447 1799 Siquos
463 1728 533 1781 inter
544 1726 666 1780 carnales
688 1740 720 1779 ac
735 1722 843 1794 fragiles
863 1720 1008 1775 virtutibus
1028 1720 1125 1774 animm

333 1819 442 1874 studere
452 1824 645 1885 cognorerunt,
659 1815 708 1869 laos
722 1821 876 1868 sauctorum
890 1810 1028 1865 consortio
1040 1824 1124 1862 aunu-

333 1924 439 1965 rnerarc
459 1915 597 1963 curarunt.
622 1904 675 1959 Per
695 1918 791 1958 tremus
804 1901 902 1971 qrrippe
916 1900 1046 1954 bonorum
1061 1913 1124 1967 ope-

333 2014 392 2053 rnm
408 1998 511 2051 lructus
539 1995 614 2050 norit
640 1993 764 2063 exprimi,
788 1992 880 2061 quiin
908 1988 1006 2044 Gerresi
1032 1988 1123 2059 legens

1180 807 1291 872 ducum,
1316 824 1348 862 ac
1363 809 1500 862 abstinent
1516 822 1546 862 se
1571 808 1605 861 ab
1631 808 1704 862 omni
1724 822 1806 879 opere
1828 809 1909 873 rataln,
1935 826 1970 864 ne

1180 897 1250 954 torte
1262 899 1344 954 simili
1367 900 1560 955 interficiuntur
1574 908 1670 954 morte.

1215 990 1336 1045 Mortuus
1351 1003 1388 1045 est
1401 1008 1461 1061 erqo
1474 989 1539 1045 Saul
1553 1002 1659 1062 propter
1673 992 1822 1062 iniquitates
1842 1010 1915 1057 suus,
1939 1009 1969 1046 eo

1177 1082 1247 1152 qumi
1261 1083 1448 1151 pruenricutus
1465 1082 1498 1135 rit
1521 1082 1675 1134 mundatum
1688 1081 1802 1142 Dotnirti,
1818 1084 1887 1152 quod
1898 1100 1968 1152 prn’·

1177 1180 1291 1240 ceperat,
1307 1183 1329 1225 et
1345 1188 1395 1225 non
1407 1172 1556 1225 custodierit
1568 1171 1634 1224 illud
1649 1169 1673 1240 (l
1686 1169 1747 1239 lleq.
1761 1171 1817 1241 ss),
1831 1171 1877 1224 sed
1896 1173 1969 1225 irretr-

1177 1271 1266 1331 peret
1290 1262 1467 1330 pythonissam
1490 1260 1650 1314 corrsuluerit
1666 1259 1691 1331 (l
1715 1260 1778 1330 lleq.
1795 1262 1899 1330 ruunt),
1922 1278 1969 1316 nec

1177 1350 1318 1418 speraverit
1333 1351 1361 1402 in
1377 1350 1500 1403 Domino.
1525 1349 1636 1417 Propter
1649 1349 1718 1418 quod
1732 1360 1754 1402 et
1769 1349 1898 1419 interfecit
1909 1368 1968 1405 eum

1176 1436 1343 1489 cttronstulit
1359 1452 1465 1506 reqnum
1481 1437 1537 1506 ejus
1556 1436 1590 1487 ud
1605 1436 1700 1501 Dauid,
1724 1435 1807 1505 pilium
1821 1437 1887 1491 isui.
1917 1439 1968 1494 Per

1177 1522 1268 1577 Saulis
1280 1533 1395 1579 mortem
1409 1525 1478 1579 bene
1493 1524 1655 1593 exprimitur
1671 1526 1745 1596 regni
1758 1526 1913 1582 ludaeorum
1928 1531 1968 1583 in-

1177 1616 1283 1680 teritus,
1299 1617 1369 1671 sieut
1385 1617 1569 1685 supradictum
1581 1624 1633 1680 est,
1650 1616 1696 1685 qui
1713 1626 1822 1686 propter
1838 1620 1967 1688 pensari·

1174 1707 1310 1760 eationem
1330 1708 1518 1762 mandatorum
1545 1706 1603 1771 liei,
1625 1721 1685 1775 qnae
1699 1707 1796 1774 saepius
1806 1709 1966 1778 transgressi

1175 1807 1247 1858 sunt,
1262 1804 1287 1849 et
1301 1805 1411 1866 proptor
1424 1796 1617 1861 idololatriam,
1633 1812 1713 1865 quam
1728 1796 1834 1850 desorto
1853 1796 1910 1850 Deo
1922 1812 1968 1850 eo·
2028 1791 2032 1801 '

1175 1887 1293 1950 luerunt,
1310 1887 1389 1940 sinnrl
1403 1888 1485 1940 vitam
1501 1887 1676 1956 perdiderunt
1688 1901 1720 1940 ac
1736 1901 1844 1957 regnum
1857 1903 1865 1953 ;
1879 1895 1966 1941 trous·

1174 1975 1311 2045 latumque
1324 1985 1365 2030 cst
1382 1991 1492 2045 regnator
1506 1976 1539 2029 ml
1551 1975 1635 2029 Dauid
1659 1976 1743 2028 lilium
1762 1974 1823 2039 lsai,
1845 1976 1897 2031 boc
1914 1984 1964 2037 est,

332 2089 405 2159 qnod
415 2088 458 2141 rel
471 2086 550 2156 qrtale
564 2099 659 2139 trerrms
670 2083 807 2137 llbralnnn
827 2081 852 2135 iu
868 2077 1000 2134 Bersabee
1015 2078 1122 2147 planta·
1139 2056 1161 2114 Β
1176 2066 1210 2120 ad
1230 2065 1367 2120 Christum
1386 2075 1412 2119 ῡῑ
1428 2065 1614 2120 Christianum
1628 2063 1764 2134 populum.

331 2182 400 2236 verit
414 2178 491 2250 (Gerr.
505 2177 570 2244 xxti,
586 2184 659 2231 reete
675 2176 824 2245 intelligere
847 2174 930 2228 norit.
955 2173 1039 2226 Porro
1053 2171 1123 2240 qtrod

331 2270 358 2324 ln
371 2269 442 2324 libro
456 2267 559 2337 Regum
574 2265 672 2336 legitor
686 2264 711 2332 (l
733 2263 796 2333 llep.
816 2262 903 2333 xxm),
923 2262 985 2333 quia
997 2262 1122 2316 cortibus-

329 2368 424 2415 serunt
438 2358 489 2412 viri
501 2353 581 2412 labes
592 2357 724 2411 cadavera
737 2354 801 2409 Saul
817 2365 843 2409 et
864 2354 979 2408 filiorum
997 2352 1064 2421 cjtts,
1080 2353 1123 2407 de

330 2455 466 2503 monstrat
479 2446 672 2500 sanctosviros
693 2444 799 2498 infirma
813 2460 892 2498 casus
907 2441 1059 2497 Judaeorum
1076 2458 1121 2497 sn-

1174 2284 1211 2338 lic
1225 2285 1416 2355 eupttqnntione
1429 2194 1667 2353 Ιιὺιῗὲιῗῗιιτιιιῖἶι
1680 2282 1776 2348 onnia,
1790 2284 1835 2354 qui
1846 2284 1964 2338 lectitant

1360 2355 1387 2408 t'n
1398 2356 1490 2420 debers,
1504 2356 1552 2407 lroc
1566 2366 1603 2407 est
1617 2352 1778 2406 Jerusalem.

1208 2447 1239 2519 (ll
1261 2448 1326 2501 Pan.
1343 2448 1393 2516 ιι.)
1414 2446 1592 2516 Conpreputus
1605 2456 1642 2499 est
1657 2462 1718 2514 erqo
1731 2446 1815 2498 onmis
1831 2444 1915 2499 lsrael
1929 2446 1963 2498 ud

330 2551 415 2607 perno
426 2535 578 2604 relinquere
588 2532 700 2601 jndicio,
716 2540 745 2586 ut
759 2532 816 2586 nne
831 2532 1000 2586 altitmliuem
1019 2529 1122 2585 divitia·
1171 2538 1257 2591 Dereid
1280 2538 1307 2591 in
1323 2536 1444 2602 lleiron,
1467 2539 1554 2591 dicens
1574 2552 1583 2589 .·
1606 2534 1642 2590 Os
1658 2544 1732 2588 tuum
1750 2552 1840 2589 stemus
1858 2545 1882 2589 et
1901 2552 1963 2589 curo

329 2645 389 2684 rtrrn
405 2627 543 2697 sapientise
562 2636 589 2681 et
604 2625 723 2680 scientiae
735 2624 781 2678 Dei
794 2622 871 2690 justa
895 2623 1136 2691 incompr·elreusi·'
1170 2640 1234 2691 enm·
1259 2629 1313 2681 liert
1331 2645 1432 2697 quoque
1451 2638 1475 2681 et
1489 2628 1585 2681 titedius
1610 2629 1717 2692 tertius,
1740 2644 1799 2681 cum
1818 2628 1903 2680 odltuc
1924 2644 1963 2680 re-

329 2719 382 2774 bile
400 2734 457 2773 suas
477 2715 775 2772 noluntntiseonsitinrn
802 2712 952 2769 iecisseml
968 2714 1121 2782 permisisse
1170 2726 1261 2787 qnoret
1283 2715 1363 2782 Saul,
1386 2727 1414 2770 tu
1441 2735 1498 2771 eros
1524 2718 1568 2787 qrti
1586 2717 1713 2770 educebas
1736 2726 1759 2770 et
1781 2717 1962 2770 introducebas

329 2803 691 2877 cognoscerentfflomxt).
715 2802 934 2859 Cotnbustioncm
957 2804 1055 2873 qrrippe
1071 2804 1121 2859 boe
1169 2805 1265 2861 lsrael.
1293 2805 1350 2860 Tibi
1375 2809 1443 2861 enirn
1470 2808 1536 2860 dirit
1560 2806 1687 2860 Dnrrrr'rms
1711 2806 1782 2859 Deus
1803 2816 1895 2860 tuus:
1924 2806 1961 2859 Tn

330 2898 356 2951 in
370 2897 430 2952 loco
436 2896 514 2966 juxta
529 2896 593 2949 illud
604 2894 753 2965 intelligere
772 2895 909 2960 debemus,
927 2895 998 2962 (prod
1012 2894 1044 2948 de
1057 2909 1120 2965 per·
1169 2912 1259 2967 priseos
1270 2897 1394 2966 populum
1408 2914 1493 2950 meum
1507 2896 1601 2961 lsrael,
1617 2908 1640 2950 et
1654 2896 1744 2950 tueris
1756 2897 1874 2967 princeps
1886 2912 1963 2966 tnper

328 2986 462 3055 cipirndis
475 2986 680 3056 scrutandisque
705 2986 851 3041 Dominieae
872 2986 1005 3056 passionis
1028 3001 1119 3041 sacra·
1169 3007 1239 3045 error.
1261 2990 1390 3045 Venerunt
1416 3006 1477 3060 erqo
1498 3005 1585 3042 omnes
1609 2989 1723 3059 saniores
1742 2996 1806 3041 notu
1827 2986 1914 3041 lsrael
1927 2988 1962 3040 uel

328 3079 428 3132 meritis
445 3077 506 3148 agni
519 3078 614 3131 edendi
629 3084 690 3149 typo
707 3078 882 3147 precipitur:
899 3076 928 3131 Si
945 3078 1008 3147 quid
1023 3078 1120 3131 residui
1171 3104 1254 3157 reqem
1269 3088 1296 3140 in
1312 3085 1428 3150 Hebron,
1443 3095 1467 3138 et
1480 3084 1536 3138 iniit
1555 3083 1639 3138 butue
1655 3084 1764 3136 cumeis
1778 3082 1962 3152 [eduscorum

331 3170 421 3233 'Wiis
435 3170 489 3239 {91¹5
499 3168 654 3222 ῑθιιῑῦιιῖθῑῑδ
668 3167 766 3239 (Elvi-
782 3168 841 3237 x¹³)·
1171 3177 1293 3241 llornirro,
1308 3186 1489 3246 unxeruntque
1506 3192 1566 3230 cum
1586 3191 1668 3244 repom
1682 3191 1761 3243 super
1779 3173 1864 3227 lsrael
1880 3176 1961 3245 jueta

363 3257 591 3330 Eit'ejmmveruni
607 3266 702 3328 sepiem
719 3258 821 3311 diebus·
845 3257 928 3311 Recio
952 3257 985 3310 ιι]
1002 3257 1119 3311 lister-lm
1169 3283 1313 3321 serenouern
1329 3266 1442 3329 Domini,
1457 3282 1535 3336 quem
1549 3265 1651 3319 locutus
1664 3274 1701 3318 est
1715 3266 1742 3318 in
1756 3281 1835 3318 nrurtu
1852 3262 1960 3319 Sunruel

328 3364 378 3419 pro
389 3348 514 3414 arrortuis,
539 3357 569 3402 ut
584 3347 616 3402 ad
631 3347 752 3417 requiem
767 3349 908 3418 pervenire
930 3347 1055 3414 vulcani,
1077 3364 1119 3402 ⁸⁰·
1171 3355 1197 3426 (l
1212 3355 1277 3427 Req.
1298 3357 1363 3429 rvr).
1378 3357 1448 3424 Quid
1463 3367 1610 3412 conventus
1624 3356 1674 3411 iste
1692 3356 1810 3409 tribuum
1825 3355 1909 3410 lsrael
1926 3355 1959 3409 ad

327 3452 402 3511 ptem
416 3438 511 3494 diebus
522 3437 673 3507 jejunabit,
699 3438 761 3507 quia
783 3446 845 3506 9⁰³1
867 3452 914 3492 ⁸⁰¹
931 3436 1009 3505 btrjns
1028 3437 1117 3492 ΜΠ
1171 3444 1254 3499 Dauid
1268 3445 1411 3516 signifieat,
1427 3446 1477 3500 nisi
1491 3454 1651 3500 conventum
1663 3445 1782 3499 omnium
1794 3445 1913 3515 gentium
1926 3444 1960 3498 ml

328 3539 431 3593 ιιιιιι,
455 3532 481 3585 in
498 3531 594 3601 quibus
612 3531 638 3584 in
657 3545 739 3585 cartre
760 3530 931 3594 laboramus,
952 3531 1064 3600 septima
1079 3538 1120 3584 est
1170 3535 1324 3589 Christum?
1335 3535 1399 3603 Quae
1410 3535 1446 3590 illi
1461 3536 1537 3607 quasi
1548 3536 1710 3590 blandiendo
1723 3534 1835 3589 dicunt:
1850 3534 1918 3588 licre
1931 3550 1959 3587 os

329 3622 355 3675 in
369 3621 415 3675 illo
429 3621 548 3675 mennon
571 3627 636 3674 atas
661 3618 835 3688 requietionis
858 3621 1010 3673 nnnnnnnrn
1035 3635 1119 3674 cartre
1169 3637 1242 3682 taran
1253 3639 1276 3683 er
1291 3646 1352 3682 cneo
1364 3640 1409 3681 run
1424 3646 1524 3692 sunnin,
1540 3644 1600 3683 curn
1616 3628 1719 3682 scilieet
1730 3627 1955 3690 inminationem,

328 3721 496 3775 tibiarum,
525 3710 551 3763 3¹¹
571 3725 624 3779 i1¹¹³
653 3710 731 3764 heile
750 3717 854 3779 tempus
875 3710 937 3764 illud
957 3708 1118 3780 ΒῙΟΓῙῙῙΝΙΙῺ,
1170 3735 1249 3788 quarn
1271 3735 1304 3772 ex
1328 3727 1419 3773 nostra
1444 3726 1541 3772 nntttra
1564 3718 1590 3771 in
1606 3715 1722 3787 Virginis
1736 3724 1812 3769 nlero
1832 3715 1959 3785 suscepit,

329 3804 437 3873 quando
449 3813 758 3870 rcsblssiiilssssfi‘ifflub
769 3808 948 3868 Oiibssssissiili·
961 3798 1042 3869 Cuius
1055 3797 1121 3869 fidu·
1170 3810 1284 3882 dilignnt
1305 3818 1384 3880 atque
1408 3816 1582 3873 venerantur,
1600 3808 1712 3877 ejusque
1732 3807 1828 3861 ditioni
1843 3806 1959 3861 subdere

330 3910 386 3948 rum
398 3893 499 3962 qllisslls
515 3899 542 3946 θῑ
560 3891 766 3946 resurrectionis
782 3890 934 3960 etseplittttt
949 3891 1006 3945 (lies
1022 3892 1048 3945 ill
1062 3890 1120 3961 iege
1170 3918 1199 3957 se
1217 3910 1360 3973 appetunt,
1384 3902 1489 3970 ipsique
1509 3901 1611 3956 sepvipe
1630 3900 1701 3954 omni
1719 3908 1838 3967 [empore
1853 3897 1957 3951 deside.

330 3986 428 4058 (ΕΜ
442 3984 500 4056 Π),
520 3994 547 4039 θῑ
561 3985 691 4054 septimus
714 3983 770 4038 Sile
783 3984 1021 4054 ill¹il¹sl⁰³d⁰⁸i¹¹¹l¹⁵
1034 3998 1120 4039 annus
1171 4002 1242 4048 rant.
1264 3989 1339 4048 Unde
1357 3991 1499 4046 Psalrrristo
1523 3991 1612 4046 dicit:
1631 3988 1838 4042 lleruirtiscentur
1854 3995 1877 4040 ct
1896 4002 1958 4037 con-

331 4076 422 4151 (lffl'b
436 4076 513 4146 xus),
536 4075 561 4128 5⁰
576 4075 672 4143 ‘lnibus
686 4075 793 4142 millies
805 4089 915 4144 Operum
929 4074 1053 4139 dabilis,
1080 4084 1120 4145 ly·
1170 4093 1302 4138 uertentur
1315 4084 1350 4135 od
1364 4082 1504 4136 Dourinnm
1516 4080 1628 4135 uniuersi
1646 4080 1711 4147 fines
1726 4088 1811 4140 terre,
1824 4085 1847 4129 ct
1860 4076 1957 4128 odoro·

330 4171 387 4241 pice
404 4166 620 4238 praetendebant.
650 4166 738 4236 ¹lisuffl
756 4181 819 4219 V⁰i⁰
849 4164 1000 4233 exemplum
1020 4174 1120 4219 ¹¹0⁵&OE
1171 4174 1234 4228 bunt
1256 4175 1433 4243 inconspectu
1457 4188 1548 4227 omnm
1557 4170 1667 4242 [turullius
1690 4170 1815 4239 qerrtr'unr,
1834 4169 1958 4238 quostiam

331 4262 386 4332 spei
401 4268 429 4317 et
453 4258 514 4313 nelei
537 4274 585 4312 sua
609 4258 809 4327 dispensatione
837 4256 966 4310 Dominus
991 4257 1119 4323 ostendit,
1169 4262 1277 4315 Douriui
1302 4273 1339 4316 est
1366 4279 1491 4332 repnum,
1515 4271 1538 4314 et
1566 4261 1620 4329 ipse
1644 4259 1821 4313 dontinnlritur
1844 4258 1958 4328 pentium

331 4352 390 4422 quia
406 4360 483 4406 sexta
504 4348 616 4404 Sabbati
639 4348 795 4414 crucifixus,
821 4348 935 4417 septima
950 4348 1120 4417 requiescens
1172 4346 1257 4422 (Psoi.
1282 4352 1349 4422 uxr).
1375 4352 1512 4406 l'enernnt
1532 4364 1638 4419 quoqne
1655 4357 1681 4403 et
1705 4350 1821 4419 majores
1840 4357 1904 4402 natu
1924 4349 1958 4403 tle

330 4456 443 4512 corpore
457 4440 484 4494 in
498 4446 680 4503 monumento,
695 4450 799 4505 octauo,
815 4454 874 4511 quae
888 4448 916 4493 et
934 4452 986 4492 una
1009 4438 1120 4495 Sabbati
1170 4439 1252 4494 lsrael
1266 4443 1299 4495 ad
1315 4456 1405 4511 regem
1427 4441 1453 4494 in
1475 4440 1603 4504 llebron,
1625 4456 1685 4494 curn
1701 4442 1838 4508 propbetas
1851 4448 1878 4495 et
1892 4455 1957 4508 opo-

331 4532 461 4587 bretcnus
484 4530 630 4583 carraalitcr
647 4530 869 4594 observantium,
893 4529 966 4583 circs
982 4530 1121 4584 contribu-
1172 4530 1233 4584 stoli
1250 4545 1302 4584 una
1316 4530 1367 4586 sule
1382 4539 1408 4585 et
1429 4530 1488 4600 pari
1511 4530 1652 4584 elevatione
1666 4531 1699 4583 ml
1718 4529 1892 4584 llcdiatorem
1911 4544 1958 4583 no-

329 4620 422 4691 lesque
435 4620 478 4675 sui
506 4619 598 4674 tidelcs
620 4619 716 4673 rnerito
744 4619 880 4673 tristitiam
900 4628 928 4674 ct
951 4620 1080 4675 continuo
1093 4620 1120 4673 in
1172 4629 1257 4673 strum
1272 4627 1474 4685 convenerunt,
1490 4618 1633 4688 dequibus
1653 4619 1861 4687 scriptumest:
1878 4615 1958 4670 Prin·

330 4711 410 4767 corde
424 4710 543 4765 retinent
565 4708 697 4774 dolorem,
713 4709 790 4778 quasi
818 4718 920 4778 septem
934 4710 1027 4764 diebus
1052 4708 1120 4778 jeju·
1135 4712 1241 4805 Dcipes
1256 4709 1344 4781 populi
1358 4720 1530 4763 conceperunt
1545 4710 1571 4761 ιἰι
1585 4725 1665 4762 unum
1678 4724 1736 4760 cum
1753 4706 1807 4760 Deo
1824 4706 1958 4760 Abrabam

330 4811 405 4866 nant,
424 4801 482 4870 qui,
500 4800 652 4855 constitutis
672 4801 759 4855 adbuc
774 4800 801 4853 in
816 4814 908 4854 errore
931 4799 1059 4854 iratribus
1074 4816 1121 4855 eo·
1174 4801 1261 4874 (Psoi,
1277 4801 1359 4871 serr).
1373 4801 1406 4855 Et
1420 4801 1482 4855 alibi
1496 4818 1502 4853 :
1517 4800 1549 4852 lu
1561 4812 1839 4869 conspectuseruorum
1849 4813 1957 4851 suorum

331 4893 473 4961 gnatisque
498 4889 565 4956 suis,
591 4889 743 4945 nullatenus
771 4889 877 4960 plenam
892 4899 1006 4960 possunt
1022 4890 1121 4945 babere
1172 4889 1325 4962 ploriulitur
1336 4888 1720 4961 (reat.xcvrneonvententer
1734 4895 1824 4941 autem
1837 4887 1955 4941 dicitur:

331 4982 461 5037 laetitiam.
478 4981 545 5036 Cum
561 4989 651 5035 autem
667 4988 694 5035 et
705 4981 754 5051 ipsi
770 4988 872 5035 octavae
890 4980 953 5045 diei,
969 4980 1059 5046 idest,
1073 4982 1121 5037 llo
1172 4978 1250 5046 Quod
1272 4978 1356 5032 David
1377 4978 1457 5032 iniret
1472 4992 1533 5031 cum
1549 4976 1676 5032 lsraclitis
1696 4974 1783 5030 ludus
1796 4990 1888 5030 coram
1904 4975 1956 5029 llo·

333 5072 439 5126 mirricte
450 5070 529 5125 simul
552 5080 579 5125 et
594 5083 650 5124 suae
657 5068 873 5124 Resurrectionis
889 5070 1046 5140 mysterium
1060 5086 1121 5140 per·
1170 5075 1255 5138 mino,
1270 5080 1457 5143 unxeruntque
1471 5086 1533 5126 com
1548 5086 1638 5140 regem
1653 5086 1734 5142 super
1747 5070 1837 5125 lsrael.
1852 5069 1958 5140 Signifi-

334 5162 403 5217 lecte
424 5162 609 5232 cognoverint,
637 5162 743 5231 utrique
757 5162 870 5231 pariter,
885 5159 997 5228 jurante
1018 5160 1118 5217 Clnisti
1170 5175 1215 5220 eat
1239 5180 1314 5234 ergo,
1336 5165 1418 5233 qrrotl,
1441 5162 1586 5231 Evangelio
1603 5165 1722 5228 condito,
1748 5160 1873 5216 Christus
1896 5175 1958 5215 cum

333 5253 428 5323 notia,
445 5260 574 5322 terretur
592 5251 740 5306 rnrtvnnn
755 5251 917 5321 sordebunt·
940 5251 1119 5321 Detinuere
1171 5257 1309 5321 auctions,
1332 5256 1393 5309 ono
1417 5255 1534 5325 sporus
1557 5257 1643 5310 sance
1663 5257 1765 5326 grata,
1788 5255 1850 5309 tntu
1870 5254 1959 5310 enon

335 5350 387 5395 tet
396 5344 532 5414 sepultura
546 5342 611 5398 Saul
634 5350 661 5396 ct
676 5342 789 5397 liliorum
815 5341 873 5410 ejus
889 5358 939 5411 per
952 5343 1024 5398 rinos
1038 5342 1119 5398 labes
1171 5347 1323 5416 mysticent
1337 5348 1532 5401 observationis
1542 5349 1729 5401 mandatorum
1743 5347 1790 5401 llci
1801 5361 1958 5401 remunera-

335 5432 433 5488 Galaad
452 5433 597 5488 secundum
613 5433 794 5487 moralitatem
808 5442 834 5488 et
847 5433 925 5488 aliter
944 5433 1065 5503 intelligi,
1083 5434 1118 5487 ita
1172 5435 1305 5503 tionisquc
1321 5434 1426 5489 stature.
1442 5437 1526 5502 Quem
1540 5446 1677 5490 uerterunt
1691 5436 1792 5507 Regem
1804 5452 1885 5506 super
1899 5449 1957 5491 om-

336 5529 373 5586 ut,
387 5523 458 5592 quod
471 5522 521 5576 riri
535 5521 615 5577 Jabcs
630 5521 731 5576 Galaad
746 5523 1048 5592 sepelierunteadarera
1056 5523 1121 5578 Saul
1172 5539 1234 5579 nem
1249 5525 1354 5580 lsrael:
1370 5526 1433 5594 quia
1453 5527 1573 5579 ornniom
1594 5525 1760 5579 credentium
1774 5541 1826 5579 una
1841 5533 1884 5579 est
1895 5538 1959 5579 eon-

338 5611 487 5666 etfitioram
498 5611 566 5680 ejus,
582 5629 629 5682 per
641 5612 816 5683 tropologiam
830 5613 963 5683 significet
973 5615 1044 5682 otrod
1059 5630 1122 5669 san·
1173 5614 1264 5680 lessio,
1284 5631 1390 5684 antique
1413 5616 1515 5684 religio,
1531 5632 1563 5671 ae
1583 5626 1656 5671 certa
1668 5616 1797 5680 delinitio,
1818 5616 1888 5685 qrrod
1908 5614 1959 5668 sub

339 5701 371 5754 cti
385 5703 434 5756 riri
459 5704 626 5759 detestantur
641 5714 755 5759 mortem
777 5705 931 5774 impiorum,
956 5714 982 5759 et
998 5705 1119 5775 esernpla
1172 5702 1236 5759 Jcsu
1251 5704 1350 5760 Christi
1373 5706 1485 5775 imperio
1507 5706 1629 5759 militiam
1655 5706 1729 5761 onrrri
1745 5714 1863 5774 tempore
1879 5708 1959 5768 agant

340 5806 425 5848 eorum
438 5797 581 5866 sepulture¹
600 5797 727 5851 oblivioni
743 5797 862 5861 tradunt,
889 5812 939 5851 nee
963 5812 993 5850 ea
1009 5798 1059 5851 sibi
1086 5798 1119 5851 ml
1172 5794 1350 5865 spiritualem,
1363 5803 1550 5864 exspectantes
1569 5797 1712 5849 adrentum
1725 5794 1782 5861 ejrrs
1797 5794 1915 5845 luterum
1930 5806 1959 5843 tn

340 5879 508 5938 imitationem
528 5899 676 5954 proponere
690 5884 797 5949 solunt,
813 5886 858 5939 setl
881 5884 1002 5955 jejunant
1017 5893 1119 5955 septem
1172 5887 1215 5942 dic
1224 5886 1328 5956 judieii,
1340 5889 1448 5955 qrnmlo
1462 5888 1565 5940 venerit
1580 5887 1605 5939 in
1619 5886 1733 5938 nubibus
1748 5898 1809 5935 euru
1824 5888 1959 5949 potestate

339 5971 435 6032 «lietera.
449 5974 510 6030 ertia
526 5989 605 6028 mnne
627 5987 730 6044 tempus
748 5975 826 6030 istius
839 5976 910 6039 trite,
936 5976 1006 6045 qtrotl
1020 5991 1068 6046 per
1078 5992 1120 6033 sc·
1173 5993 1269 6047 magna
1287 5986 1314 6031 ct
1334 5978 1471 6045 majestate
1484 5978 1603 6046 judicare
1616 5977 1691 6029 risos
1705 5982 1733 6027 et
1746 5981 1866 6027 mortuos
1879 5972 1955 6043 (luc.
