4709 6767
355 580 405 644 qb}
677 571 709 628 B.
727 568 852 626 llthNl
871 567 980 626 dabui
997 568 1157 637 inclitae.
1178 566 1333 625 MOGUNT.
1351 564 1494 625 orendil
1512 565 1603 624 iias
1620 567 1640 623 l.
1930 570 1986 627 ΞΜ

356 711 391 752 ex
407 709 440 752 ca
459 698 578 764 suscepit
595 705 602 745 :
620 704 733 760 quorum
749 687 851 742 scilicet
863 665 1027 757 primus'qiii
1044 685 1144 742 dicitur
1157 689 1180 751 Α
1195 683 1301 739 lloddoi
1310 723 1317 749 ,
1328 691 1428 738 sectum
1442 682 1535 745 asom,
1546 682 1682 752 septimam
1697 679 1781 734 boniti
1792 691 1801 731 .·
1814 695 1927 753 psorsiis
1941 696 1986 736 so·

357 789 442 854 Zara,
455 801 514 842 cusis
528 792 611 839 essent
624 779 699 835 untho
710 779 806 851 gemini
824 778 851 833 in
869 789 942 832 ntcro
953 778 1061 843 matris,
1074 779 1144 833 misit
1195 787 1266 826 rores
1288 770 1395 840 {omont
1419 770 1512 826 Soroio
1535 779 1559 823 et
1581 767 1694 838 diipoil.
1715 766 1867 837 Queritar,
1883 784 1936 826 cur
1955 770 1986 825 iii

357 895 464 933 morisim
476 890 552 929 sitnm
568 886 577 924 :
590 873 633 926 cui
645 870 768 926 obstetrix
779 868 867 940 liqooit
879 869 1012 924 coccinum
1026 882 1036 921 .·
1052 868 1145 923 dehinc
1194 859 1264 917 libro
1276 860 1379 932 Regitur
1390 861 1521 931 scriptum
1533 859 1569 915 sit
1580 866 1641 915 octo
1654 856 1723 916 lilios
1735 858 1987 928 hanoniensem

357 966 404 1021 illo
416 978 522 1020 mosot
534 961 689 1017 instrinsecus
702 956 857 1023 retrahente,
867 957 1005 1027 posterior,
1016 957 1060 1027 qai
1073 972 1147 1010 aocc-
1195 950 1224 1008 in
1239 950 1463 1023 Paralipomenon
1477 966 1531 1007 iion
1546 948 1661 1021 amplius
1672 966 1754 1022 quam
1769 960 1873 1023 septem
1890 952 1988 1026 legan-

355 1065 401 1108 tur
413 1052 525 1116 Phorci,
536 1047 666 1104 mendo
678 1046 803 1119 processit
816 1044 893 1117 (Gen.
906 1044 1037 1119 xxxiiii);
1051 1044 1147 1117 ligura·
1196 1050 1249 1097 tiir.
1266 1041 1312 1097 Sic
1327 1042 1399 1098 enim
1418 1041 1456 1096 ibi
1474 1047 1659 1112 scriptumest
1682 1060 1689 1096 :
1712 1039 1797 1096 boon
1817 1051 1905 1098 ostem
1929 1052 1990 1099 eset

356 1143 419 1197 liter
433 1141 549 1195 innuens
563 1135 635 1207 quod
654 1135 812 1190 extenderet
830 1133 913 1191 lsrael
933 1135 960 1190 iii
979 1133 1046 1207 legis
1064 1147 1146 1204 opera
1195 1129 1267 1200 filios
1285 1128 1438 1201 Epirotboi
1457 1129 1489 1184 dc
1507 1127 1639 1185 Bethleem
1658 1129 1797 1197 inamati
1816 1146 1911 1187 nomen
1931 1143 1992 1188 erist

356 1246 467 1288 manum
480 1244 566 1293 suani,
578 1236 607 1282 et
617 1241 678 1282 eam
689 1225 894 1296 prophetarum,
904 1227 1012 1282 Maon
1025 1231 1053 1278 et
1063 1223 1147 1295 ipsius
1196 1220 1253 1275 lsoi
1262 1260 1270 1287 ,
1283 1221 1328 1292 qui
1345 1219 1455 1277 habebnt
1470 1229 1527 1274 octo
1544 1219 1614 1290 plios
1631 1218 1662 1292 (l
1681 1219 1746 1291 lleq.
1763 1218 1846 1294 xiii).
1859 1220 1915 1278 Sed
1928 1223 1991 1279 lime

359 1321 507 1378 Salvatoris
518 1319 646 1391 pollutam
660 1331 758 1373 cruore
772 1315 960 1370 contraxerit:
976 1322 1070 1385 postea
1081 1327 1148 1370 reio
1197 1311 1310 1383 quaestio
1327 1310 1431 1369 scilieet
1444 1312 1515 1382 apud
1531 1308 1660 1366 llehraos
1673 1311 1711 1366 ita
1724 1309 1885 1378 solvitur,ut
1896 1314 1992 1370 dicant

357 1411 510 1482 proruperit
524 1407 637 1479 populus
651 1406 781 1478 gentium,
794 1403 907 1471 scilicet,
918 1412 949 1459 ιιι
962 1401 1045 1460 iuturi
1057 1408 1149 1459 essent
1196 1400 1303 1458 Nathan
1313 1402 1472 1475 prophetam
1489 1402 1574 1458 hlium
1589 1401 1714 1458 Seminaa
1732 1401 1780 1457 dlii
1797 1401 1849 1470 sui,
1863 1417 1946 1475 qiieiii
1960 1404 1992 1460 in

358 1500 499 1563 novissimi,
513 1499 558 1569 qui
571 1505 650 1553 cmnt
662 1496 740 1567 primi
748 1512 758 1561 ,·
770 1505 800 1550 et
811 1495 889 1566 primi
903 1492 990 1550 loturi
1000 1503 1092 1551 essent
1102 1493 1148 1565 qui
1197 1492 1259 1552 loco
1274 1492 1323 1549 lilii
1339 1493 1381 1551 sui
1396 1494 1557 1550 educaverat
1573 1501 1600 1550 et
1614 1493 1846 1579 nutrierat,lnter
1862 1494 1934 1551 lilios
1950 1496 1991 1552 ihl

358 1598 436 1647 crant
447 1589 578 1645 novissimi
596 1587 702 1660 (Morio.
713 1584 771 1658 xx).
1198 1594 1415 1640 annumeratum.
1429 1584 1497 1639 Nam
1511 1594 1540 1640 et
1551 1599 1643 1641 coram
1661 1582 1786 1640 Samuele
1803 1592 1908 1657 septem
1930 1584 1990 1655 eins

394 1679 460 1734 Filii
474 1688 560 1733 autem
572 1673 687 1742 Pliores,
697 1674 799 1729 ilesron
812 1682 837 1728 et
848 1671 959 1727 lismoi.
969 1669 1034 1726 Filii
1046 1685 1148 1742 quoqne
1198 1674 1247 1730 lilii
1261 1675 1387 1746 leguntur
1402 1674 1510 1730 adducti
1525 1673 1607 1731 tuisse
1619 1673 1646 1748 (l
1663 1673 1728 1747 deq.
1744 1674 1823 1746 xri),
1835 1683 1863 1730 ct
1876 1682 1992 1733 octavies

360 1767 446 1835 Zoro,
459 1767 563 1833 anri,
577 1775 600 1819 et
615 1765 715 1830 dibon,
729 1772 753 1820 et
767 1761 864 1826 Emori,
880 1761 990 1816 Caluini
1006 1777 1107 1833 quoque
1124 1770 1149 1816 et
1198 1779 1260 1820 esse
1277 1765 1305 1819 iii
1319 1764 1443 1836 pascuis;
1459 1763 1611 1835 intorques
1629 1763 1736 1823 Nathan
1750 1762 1886 1835 adlectum
1906 1763 1991 1822 luisse

359 1856 442 1921 Doro,
456 1853 535 1909 simul
548 1852 669 1925 quinque.
681 1851 747 1907 Filii
762 1850 882 1917 Charini,
893 1851 990 1916 Achai,
1000 1852 1046 1921 qai
1060 1851 1150 1927 torio·
1199 1852 1371 1909 manifestum
1388 1860 1439 1918 est,
1450 1852 1496 1922 qui
1509 1849 1641 1908 Ionatham
1654 1861 1777 1920 vocatur,
1789 1852 1825 1908 de
1836 1866 1892 1924 quo
1903 1853 1990 1910 ines·

358 1944 392 1998 on
406 1941 492 1998 lsrael
506 1951 530 1996 et
541 1940 655 2012 peccoris
668 1940 695 1994 in
707 1939 779 2012 forto
790 1938 975 1994 anatliemntis.
986 1937 1148 2004 isaachii,
1200 1952 1287 1999 trema
1301 1954 1379 2015 parte
1397 1942 1531 2001 Samuelis
1548 1944 1657 2011 dicitur,
1668 1960 1731 2001 curn
1749 1946 1782 2002 dc
1801 1944 1992 2005 interlectione

359 2031 406 2101 qui
421 2030 510 2084 Action
530 2028 719 2100 appellatorio
734 2029 803 2084 libro
819 2025 884 2084 iesu
899 2027 1060 2100 Nereidos.
1076 2028 1147 2102 vii),
1162 2022 1186 2084 ll
1199 2034 1317 2107 gigantis
1335 2041 1463 2090 narratur
1484 2052 1491 2089 :
1513 2032 1644 2091 Percussit
1664 2045 1750 2090 nutem
1770 2051 1830 2090 cam
1841 2034 1990 2104 Jonntlinit,

358 2121 429 2176 iilius
451 2118 502 2174 luit
519 2120 644 2186 Charisii,
657 2119 703 2191 qui
718 2118 769 2173 luit
782 2119 854 2175 illius
867 2119 945 2190 Zapti
964 2120 1021 2174 sive
1041 2119 1147 2187 Zamri,
1199 2125 1270 2196 filias
1284 2124 1408 2182 Semotoo
1426 2125 1517 2197 scotris
1531 2125 1617 2181 Dncid
1629 2124 1673 2201 (ll
1686 2124 1749 2199 Peg.
1760 2126 1830 2200 xxi).
1842 2127 1877 2183 Es
1893 2137 1991 2185 notan.

359 2213 404 2281 qui
424 2211 475 2266 luit
492 2210 652 2266 illiuszarae
667 2211 700 2265 de
714 2208 984 2264 tribulabamini
1002 2215 1093 2264 autem
1107 2224 1150 2264 co·
1200 2217 1283 2282 dnm,
1306 2214 1378 2286 quod
1401 2215 1554 2287 ubicunqne
1578 2216 1707 2288 propbeta
1729 2226 1857 2274 vocatur.
1880 2218 1990 2275 Notlinsi

359 2302 434 2357 lister
454 2302 582 2374 insidians
601 2302 807 2371 interpretatum
826 2299 927 2365 beliar,
942 2299 1077 2366 tsrhotus,·
1097 2299 1149 2355 hoc
1199 2303 1338 2369 scribitur,
1348 2317 1412 2369 non,
1423 2301 1569 2359 leontion.

358 2393 559 2447 demonstrante
580 2391 695 2447 veritate
718 2391 856 2446 nominum
878 2391 949 2461 quod
981 2389 1072 2459 isqui
1101 2403 1150 2461 per
1235 2393 1301 2450 Filii
1324 2393 1559 2461 Soraioetiibisoi,
1574 2393 1642 2449 ioci
1656 2403 1680 2451 et
1694 2395 1790 2462 Asoel,
1804 2405 1867 2451 tres.
1887 2396 1991 2469 Aiiqnil

359 2485 501 2539 auaritiam
515 2484 692 2539 insidiabatur
703 2484 736 2539 de
747 2485 919 2539 anathemate
931 2483 1031 2554 aliquid
1043 2497 1149 2555 rapere,
1200 2493 1286 2540 autem
1298 2486 1387 2557 penult
1400 2483 1508 2552 Amase,
1526 2484 1602 2556 cujus
1613 2494 1688 2556 puter
1700 2484 1749 2554 {ab
1769 2484 1861 2541 iether
1872 2485 1991 2542 lemnlie-

358 2582 453 2646 captus
468 2576 495 2631 in
510 2574 628 2641 scelere,
643 2575 769 2630 turbatus
788 2575 870 2631 estin
891 2574 1003 2631 sceleris
1022 2575 1124 2631 ultione
1140 2591 1149 2630 ε
1200 2574 1270 2631 lites.
1285 2574 1363 2643 Quod
1376 2576 1404 2630 iri
1416 2574 1531 2646 Paralip.
1553 2573 1651 2647 legitur
1669 2575 1768 2631 hmasa
1785 2574 1856 2633 lilius
1868 2591 1931 2634 esse
1944 2576 1990 2633 ie·

358 2666 473 2737 mystice
495 2666 572 2723 nobis
588 2666 704 2721 innuens
717 2665 788 2736 quod
801 2666 847 2722 ille
860 2667 906 2736 qui
920 2675 981 2738 post
993 2665 1054 2723 ndei
1070 2668 1148 2724 indn-
1201 2667 1258 2721 tlier
1280 2664 1451 2733 ismahelitis,
1464 2675 1492 2722 et
1504 2666 1532 2721 in
1544 2664 1659 2738 Regum,
1682 2660 1774 2723 ierim
1791 2666 1926 2725 israelitis
1947 2667 1989 2741 (ll

359 2765 480 2809 iiicntinu
506 2755 720 2811 conversationis
744 2755 882 2810 saecularis
909 2756 1011 2811 cultum
1036 2755 1149 2825 inducit,
1201 2753 1266 2827 fleg.
1280 2756 1363 2828 xvii);
1379 2765 1489 2827 propter
1514 2757 1673 2812 meritorum
1694 2756 1852 2828 qualitatem
1875 2760 1935 2816 linc
1950 2759 1991 2816 ili·

359 2846 438 2918 quasi
459 2845 569 2916 pallium
592 2846 626 2900 tle
644 2847 817 2901 anathemate
836 2847 915 2902 tollit.
930 2846 984 2903 Sed
1002 2856 1030 2904 et
1052 2849 1096 2904 ille
1117 2850 1151 2906 da
1201 2844 1316 2901 ιιιιίιιι
1340 2845 1479 2901 nominum
1498 2852 1562 2901 nata
1576 2854 1626 2901 est.
1643 2844 1710 2901 llum
1723 2842 1826 2913 ictbra,
1844 2849 1989 2915 residuunt,

360 2935 533 2991 anathemate
547 2933 656 2991 iericho
671 2934 793 3006 iraudal,
805 2937 851 3007 qui
867 2938 894 2992 in
907 2937 1049 2994 ecclesiam
1066 2940 1151 2997 limia-
1202 2934 1403 3006 interpretatur,
1425 2932 1519 2992 iether
1539 2951 1614 3005 iero,
1637 2938 1769 2992 modicum
1789 2940 1944 3006 residisum;
1962 2952 1991 2998 ct

360 3025 477 3080 ticorum
491 3025 573 3080 inlert
584 3026 719 3098 dogmata,
729 3027 772 3082 vel
784 3028 969 3100 superstitiosa
982 3030 1151 3088 secularium
1204 3024 1312 3081 residue
1325 3024 1449 3097 iungitur
1462 3024 1607 3093 lmelilist
1632 3025 1793 3098 modicoque
1821 3028 1933 3087 residuo
1954 3028 1990 3087 le

360 3113 512 3169 litterarum
527 3114 626 3169 studit·
641 3113 704 3169 llaec
716 3115 789 3171 enim
805 3126 847 3173 est
860 3118 951 3190 regula
964 3134 1061 3188 aurea,
1075 3120 1151 3178 lucii-
1204 3116 1329 3174 maclitis.
1951 3110 1954 3115 ’

360 3206 436 3262 lento
459 3221 584 3262 serniooc
608 3216 710 3278 aptata.
730 3205 806 3265 ilunc
826 3208 944 3267 fraudati
968 3223 1031 3269 sunt
1053 3212 1149 3282 iliius,
1237 3204 1316 3261 0⁰¹²&
1333 3222 1402 3274 mro,
1417 3204 1489 3276 filiii
1504 3205 1617 3275 Helm,
1635 3209 1732 3281 melli!
1751 3226 1869 3279 uxorem,
1887 3213 1992 3269 tollite

360 3295 479 3353 liureion
501 3304 530 3352 et
551 3297 702 3364 Basiliiles;
724 3297 805 3355 iurati
821 3311 883 3356 sunt
898 3301 969 3358 enim
983 3304 1028 3359 isti
1043 3305 1151 3376 regulas
1203 3296 1304 3362 Aulia,
1323 3297 1355 3352 dt
1370 3313 1423 3369 qao
1444 3299 1532 3368 detuli
1550 3298 1668 3365 lilim:
1692 3296 1799 3371 iterio!
1818 3316 1921 3373 qvoqve
1940 3300 1992 3372 flllt'

361 3404 461 3445 aureas
475 3390 509 3445 de
521 3387 641 3457 iericho,
652 3399 680 3446 et
693 3390 912 3462 philosophorum
927 3404 1028 3449 sectam
1041 3410 1093 3451 non
1108 3372 1186 3451 re-,C
1202 3385 1259 3456 ‘ill‘
1270 3385 1350 3441 ¹⁰⁸⁶*
1364 3394 1388 3441 θ’
1401 3384 1486 3442 &⁶⁰⁶
1499 3396 1524 3442 θ’
1536 3386 1636 3442 Alm-
1651 3385 1768 3460 cmliii
1781 3400 1886 3446 mortun
1898 3392 1991 3462 [Μ

345 3490 432 3537 ἰιιιιι
445 3481 472 3536 in
486 3480 635 3537 Ecclesiam
647 3484 738 3538 conati
749 3492 811 3539 sunt
825 3483 1007 3554 introducere,
1017 3495 1046 3542 et
1058 3502 1151 3543 macti·
1200 3477 1300 3542 Avila,
1312 3479 1410 3549 “iiiiii
1423 3494 1532 3534 “wem
1546 3477 1623 3534 ciiii
1639 3479 1767 3550 Elimia,
1785 3497 1844 3553 σιω
1856 3482 1956 3553 poetri!
1966 3485 1992 3539 α’

358 3571 418 3627 lare
439 3586 547 3627 onmem
569 3572 717 3628 Ecclesiam
736 3572 858 3642 Domini,
874 3575 911 3631 ita
926 3583 957 3632 ut
972 3578 1151 3648 perderentur
1201 3568 1273 3636 flii,
1288 3579 1316 3626 el
1331 3571 1409 3641 reliq.
1425 3570 1546 3641 EPhfflli
1566 3572 1622 3643 iil⁸³
1639 3579 1681 3628 0⁸²
1695 3572 1779 3628 Malli
1793 3586 1871 3629 ⁸⁰1⁰?
1886 3572 1990 3647 ”iiiiii

359 3662 437 3717 mulli
450 3677 501 3733 per
512 3676 570 3719 eos.
581 3662 696 3734 ideoque
707 3662 804 3732 abjecti
816 3680 866 3736 pro
880 3667 1061 3735 anathemate,
1072 3670 1150 3739 qnasi
1200 3674 1270 3730 quae,
1283 3669 1424 3733 postquam
1439 3670 1545 3717 mortua
1560 3661 1609 3716 suit
1619 3660 1820 3735 deuba,nnpslt
1829 3660 1922 3731 Ouleh,
1931 3680 1992 3736 qino

360 3768 459 3810 aceri-o
473 3753 604 3823 lapidum,
618 3754 655 3810 ila
670 3755 841 3812 multitudine
853 3765 1024 3827 peccatorum
1038 3774 1149 3816 suorum
1200 3752 1305 3822 peperit
1318 3753 1343 3808 θῑ
1359 3751 1426 3819 flur,
1441 3761 1545 3823 Patrem
1561 3752 1619 3818 Uri»
1640 3768 1720 3809 ilium
1732 3752 1861 3822 Βθῑθῐθθῑι
1873 3756 1920 3826 (1¹¹i
1933 3772 1991 3812 ΙΜ-

358 3842 481 3912 oppressi
494 3850 576 3912 alque
587 3843 714 3899 exstincti
727 3852 799 3899 sunt.
1201 3842 1287 3913 gister
1307 3843 1441 3899 artillciiin
1473 3842 1524 3898 init
1546 3843 1572 3898 in
1596 3844 1795 3901 constructione
1821 3846 1989 3902 tabernaculi

396 3931 462 3987 Filii
474 3943 561 3987 uatem
580 3931 683 3987 llesron
702 3936 746 4005 qui
768 3936 822 3989 noti
842 3945 903 3990 saint
923 3937 957 4003 ci,
973 3935 1113 4004 Jerontccl,
1125 3948 1150 3993 et
1201 3933 1228 3987 in
1241 3932 1349 3988 destrw
1361 3933 1431 3988 sicul
1445 3934 1472 3990 in
1486 3933 1579 3990 E¹⁰d⁰
1591 3933 1689 4006 Ῑθεῑῑΰῐ
1699 3933 1799 4006 (and.
1814 3950 1891 4002 ¹¹¹¹,
1905 3951 1990 4006 ΗΠ,

362 4020 439 4087 Pom,
454 4033 477 4076 ei
492 4019 596 4098 Coluii.
608 4020 701 4079 Caluisi
715 4022 772 4097 ipsc
787 4033 829 4079 cst
840 4024 931 4090 Colch,
944 4041 1014 4081 unos
1029 4036 1071 4082 cst
1084 4028 1150 4083 duo·
1200 4039 1282 4079 xxxvi
1295 4035 1318 4079 et
1331 4024 1447 4096 ιιιιιι).

360 4112 447 4167 dcciin
462 4111 678 4183 exploratoribus
695 4115 741 4184 qui
761 4115 837 4170 niissi
855 4114 995 4171 luerunta
1013 4115 1103 4191 lloyse
1116 4131 1150 4173 cx
1237 4115 1321 4174 Porro
1337 4117 1407 4173 llos.
1430 4119 1489 4189 lpse
1512 4127 1554 4174 est
1579 4118 1611 4175 de
1636 4132 1690 4191 quo
1716 4118 1858 4192 Scriptura
1884 4128 1988 4187 narrat,

361 4202 467 4258 ilcserto
482 4203 509 4257 iii
526 4211 624 4258 terrani
642 4202 770 4260 chanaan
789 4205 823 4259 ad
840 4206 980 4262 ridendam
995 4214 1151 4263 terrumre
1202 4210 1282 4281 qnod,
1310 4209 1419 4281 qnando
1442 4208 1532 4276 losue,
1557 4208 1628 4266 ilius
1651 4208 1722 4277 Nun,
1750 4212 1875 4267 minister
1906 4211 1990 4285 lloysi

361 4294 550 4365 promissionis
566 4293 660 4368 (Num.
674 4296 751 4370 xiii);
768 4297 892 4367 idemque
906 4313 966 4353 cuin
983 4298 1081 4364 Josuc,
1095 4298 1150 4356 dlio
1200 4302 1360 4373 pugnaverit
1374 4319 1435 4358 cuni
1449 4299 1512 4357 liliis
1524 4302 1605 4358 lsrael
1619 4310 1712 4358 contra
1724 4302 1867 4372 Amalech3
1884 4314 1990 4361 susten·

359 4384 430 4450 b'un,
438 4383 511 4440 solus
523 4400 556 4440 cx
569 4387 693 4442 omnibus
704 4386 770 4442 uiris
782 4388 827 4457 qui
842 4387 874 4442 dc
886 4387 1002 4459 AEgypto
1014 4388 1149 4456 exierunt,
1202 4402 1291 4449 tarent
1301 4410 1398 4450 monus
1411 4392 1495 4467 lloysi
1509 4395 1599 4451 Aaron
1613 4404 1641 4452 cl
1656 4395 1723 4462 llus,
1739 4397 1850 4453 sedente
1861 4411 1895 4453 eo
1908 4412 1991 4470 super

360 4473 387 4528 iii
417 4483 519 4528 terrani
546 4476 763 4545 repromissionis
786 4476 917 4543 intrauit,
941 4485 969 4532 et
996 4478 1150 4533 suburbana
1202 4482 1331 4553 iiipidem;
1347 4492 1376 4539 ct
1395 4482 1495 4540 iactum
1518 4493 1574 4550 est,
1593 4492 1623 4539 nt
1638 4500 1736 4541 manus
1754 4486 1838 4556 ipsius
1860 4502 1915 4541 nois
1937 4486 1992 4543 lis-

360 4561 468 4618 llebron
484 4562 510 4616 iii
526 4565 725 4634 possessionem
741 4567 852 4639 recepit.
868 4567 936 4624 Noni
953 4567 1061 4636 Catali,
1078 4571 1151 4640 quod
1201 4583 1329 4630 serentur
1340 4589 1426 4645 usqne
1439 4575 1472 4630 ad
1486 4590 1611 4631 occosuui
1626 4575 1691 4631 solis
1704 4576 1803 4648 (Enni.
1816 4578 1895 4651 xvii).

360 4652 388 4708 iii
404 4654 627 4726 Paralipomenon
645 4656 752 4730 legitur,
766 4660 838 4714 coitis
856 4677 928 4714 meos
947 4661 1148 4731 interpretatur.
1232 4664 1784 4736 Postltecinqrcmasestllesronodfiliom
1792 4665 1991 4740 licebirpotris

360 4743 464 4800 Nomen
485 4762 551 4803 uero
573 4746 663 4817 Celei,
678 4751 750 4821 qood
771 4751 900 4823 ineptatio
922 4750 980 4823 (sic)
1003 4754 1149 4822 insanitur,
1162 4727 1190 4789 D
1203 4751 1317 4821 Golond,
1339 4762 1364 4810 et
1383 4755 1481 4824 acecpit
1504 4769 1572 4821 ensis,
1593 4765 1738 4811 comesset
1759 4773 1890 4813 nnnorsm
1914 4773 1991 4814 sess·

360 4834 483 4892 absolute
495 4838 568 4892 conis
581 4838 690 4893 dicitur.
706 4837 761 4893 Nec
774 4855 828 4894 non
842 4848 870 4895 et
884 4839 948 4894 illud
962 4841 1005 4897 liic
1019 4842 1150 4898 lntimnn-
1202 4847 1284 4917 ginta,
1295 4861 1354 4917 qam
1365 4846 1462 4916 peperit
1472 4846 1496 4900 ei
1507 4845 1602 4917 Sequi.
1619 4847 1707 4902 Sedet
1718 4846 1805 4919 Sequi·
1817 4849 1988 4922 gensitinir,

360 4928 423 4980 dum
438 4935 490 4993 est,
505 4929 576 4997 quod
589 4927 694 4983 llcsron
708 4938 736 4983 et
746 4928 866 5002 lephone
881 4932 961 4987 unius
973 4933 1091 4990 bominis
1103 4950 1151 4991 no
1202 4945 1226 4991 et
1240 4936 1352 5006 possedit
1370 4935 1461 5006 oiqinti
1474 4945 1526 4991 tres
1539 4937 1656 4992 eiiitotes
1680 4939 1709 4992 in
1729 4947 1800 4993 terro
1824 4936 1942 5009 Golsnd,
1961 4951 1989 4997 et

361 5018 433 5072 mina
452 5026 525 5073 sont.
539 5017 615 5074 Unde
630 5018 773 5089 aliqnando
786 5019 867 5076 Caleb
882 5021 953 5078 lilius
967 5023 1088 5092 llcsron,
1101 5026 1151 5082 ali·
1204 5027 1282 5099 reliq.
1303 5027 1367 5084 Post
1378 5028 1445 5095 inc,
1462 5027 1537 5094 dicit,
1551 5029 1604 5084 lice
1620 5035 1672 5095 est,
1691 5039 1834 5101 postquam
1847 5046 1883 5087 ex
1897 5032 1989 5089 Asnbs

361 5108 469 5176 quando
483 5117 573 5163 autem
587 5107 658 5164 lilius
670 5108 791 5180 Jephone
802 5126 862 5167 csse
875 5110 981 5184 legitur.
1202 5127 1230 5174 et
1242 5119 1361 5190 Ephrata
1378 5119 1497 5191 suscepit
1511 5118 1592 5184 lilios,
1611 5120 1749 5191 ingressus
1768 5128 1811 5176 est
1831 5119 1936 5177 llesron
1954 5122 1988 5179 ad

398 5196 484 5255 Porro
508 5199 578 5254 Rom
605 5202 692 5272 qcooit
717 5201 874 5258 Aminodoh.
894 5205 1041 5261 Aoiinndiili
1064 5218 1150 5264 nutem
1202 5209 1285 5266 liliam
1298 5209 1400 5266 blachia
1417 5211 1504 5281 patris
1522 5209 1633 5267 Galaad.
1655 5212 1759 5268 dachic
1778 5228 1843 5269 vero
1857 5213 1990 5271 iliiuslnit

360 5292 449 5360 qemeit
463 5290 606 5365 Noliqsson
623 5294 764 5369 principem
781 5295 896 5364 liliorum
911 5297 993 5352 indo.
1011 5297 1151 5356 Nohossoo
1203 5299 1325 5356 Manasse
1344 5301 1392 5356 lilii
1405 5300 1523 5373 ioseph:
1549 5301 1594 5371 qui
1615 5302 1685 5357 ultra
1702 5300 1850 5358 Iordanem
1870 5307 1990 5376 suscepit

360 5397 461 5452 qnoque
476 5383 564 5453 qsnnit
579 5382 687 5449 Snlnin,
700 5383 732 5438 tle
745 5401 796 5456 qao
813 5396 884 5440 omos
902 5397 938 5441 est
956 5386 1038 5442 Boos.
1051 5389 1152 5444 Notan-
1202 5392 1395 5460 hereditatem,
1410 5392 1499 5462 lloyse
1512 5392 1647 5449 tribuente
1660 5391 1688 5448 iii
1702 5400 1775 5449 terra
1784 5392 1897 5450 Galaad.
1912 5395 1991 5454 lindo

361 5472 425 5525 duin
439 5483 530 5528 antem
545 5475 617 5544 quod
631 5475 658 5530 in
673 5474 896 5547 Paralipomenon
912 5477 1002 5534 Sulmo
1014 5498 1071 5551 por,
1084 5482 1152 5537 scri·
1201 5485 1229 5539 iii
1242 5483 1310 5540 libro
1322 5483 1501 5539 Numerarem
1512 5483 1643 5555 scriptum
1655 5492 1716 5540 cst:
1731 5483 1810 5540 Dedit
1821 5485 1991 5558 crgoiiogses

360 5560 448 5628 hitur;
472 5563 500 5617 in
522 5564 595 5620 lluth
617 5580 682 5622 vcro
706 5564 816 5623 Soimoii
842 5566 934 5642 (lintis.
950 5568 999 5642 iv),
1014 5572 1150 5642 pacificos,
1201 5584 1299 5629 termm
1311 5573 1415 5629 Golood
1431 5574 1535 5630 lincliir
1554 5575 1611 5644 lilio
1634 5574 1769 5643 uouisse,
1791 5577 1839 5648 qui
1862 5577 1993 5634 monasti

361 5651 570 5711 demonstratur.
1202 5665 1230 5718 iii
1245 5681 1285 5719 en.
1300 5664 1361 5719 loir
1375 5674 1462 5718 notem
1472 5664 1545 5732 filins
1561 5663 1683 5722 linmsse
1693 5666 1756 5721 abiit
1767 5675 1793 5721 et
1805 5667 1941 5738 comperit
1953 5668 1995 5724 ri-

396 5744 470 5801 Bnoz
481 5763 540 5802 acro
554 5749 642 5820 gennit
654 5747 738 5816 otei,
751 5752 796 5822 qai
809 5761 832 5807 et
845 5751 900 5824 ipse
912 5752 1001 5825 penuit
1016 5753 1083 5810 lsai.
1095 5753 1151 5810 lsai
1202 5772 1246 5810 cos
1260 5756 1336 5826 ejus,
1362 5771 1427 5826 qaos
1450 5754 1588 5827 appellavit
1603 5756 1706 5812 iloootls
1725 5756 1787 5811 inis
1807 5756 1903 5830 [villas
1916 5754 1994 5833 loir]

361 5850 447 5895 notem
463 5842 551 5912 gmon
569 5843 769 5913 primogenitum
786 5844 1028 5909 dichesmudam
1043 5849 1152 5904 Amino-
1203 5845 1298 5916 (Niim.
1310 5844 1408 5917 xxxii).
1419 5845 1458 5899 Es
1471 5846 1623 5901 nominibus
1635 5862 1701 5916 erqo
1712 5848 1843 5916 majorum
1853 5851 1997 5919 possessio

360 5928 540 5998 ostimentum
560 5931 697 6005 Simmiae,
711 5947 831 6004 qnnrinm
857 5934 1016 6004 Notionnel,
1030 5940 1149 6009 qointiim
1204 5937 1320 5993 liliorum
1335 5952 1431 5992 nomon
1445 5937 1557 6007 accipit.
1572 5937 1625 5993 Sed
1641 5940 1904 6009 ethocnotandum,
1921 5945 1997 6013 qnod
