4709 6767
361 622 405 680 l'dl
821 612 995 668 mundat.
1011 611 1049 664 th·
1070 608 1346 668 tntttattt'ottssaa.
1366 640 1400 647 -
1420 608 1483 663 ΗΒ.
1501 607 1531 661 ll.

1931 614 1983 672 ὅθ)

361 740 432 799 passm
446 738 499 790 est,
513 726 585 795 quod
600 724 642 777 sir
654 723 763 792 simplex
776 721 912 779 habitaret
926 722 952 776 in
965 719 1145 776 tabernaculis
1158 726 1183 786 Α
1197 721 1277 786 hona,
1291 735 1352 789 quae
1371 720 1451 786 valet,
1470 736 1550 790 agere
1572 720 1671 786 studet,
1695 722 1739 776 ille
1764 722 1852 777 timori
1877 724 1982 782 Domini

361 818 434 888 (Gen.
450 816 525 887 xxa).
544 815 600 870 lloc
615 826 642 869 ct
655 814 802 869 Nathanael
814 814 1002 884 praefigurabat
1015 815 1041 867 in
1057 814 1144 867 Evan-

360 910 443 981 gelio;
456 909 500 963 cui
520 908 577 976 ipse
592 905 717 960 Salvator
732 905 915 959 testimoninm
935 905 1086 974 perhibuit,
1107 904 1147 959 di-

360 1017 422 1056 ccns
434 1020 449 1065 ,r
467 1000 534 1054 Ecce
548 999 586 1053 air
597 999 730 1065 Israelita,
745 1002 772 1053 in
787 1017 836 1070 qno
851 998 927 1052 stolas
941 1016 991 1052 saon
1006 1010 1043 1051 est
1055 997 1144 1054 (toan.

361 1091 389 1161 ι).
410 1091 520 1145 Talibus
540 1106 605 1162 ergo
624 1093 755 1161 operariis
774 1101 888 1162 praeerat
908 1091 1076 1157 Chonenias,
1100 1091 1146 1160 qui

360 1181 552 1249 interpretatur
572 1182 682 1235 ararins
704 1198 791 1245 ructes,
813 1180 870 1234 sive
893 1179 970 1234 ttidus
990 1196 1077 1244 mens,
1100 1190 1147 1234 aut

359 1274 499 1337 possessio,
514 1271 577 1339 qnia
599 1271 644 1326 ille
666 1271 711 1340 qni
735 1270 879 1325 humilitati
900 1280 927 1326 et
948 1270 1146 1326 mansuetudini

361 1364 492 1432 praecipue
510 1364 617 1429 studet,
636 1361 742 1417 Domini
760 1364 881 1416 uisitator
900 1364 1056 1426 natusest,
1076 1364 1146 1417 hona

361 1452 480 1521 exempla
494 1453 554 1506 aliis
568 1451 718 1507 lorinsecus
733 1453 866 1521 taricheas,
881 1453 939 1521 ipse
955 1460 1028 1507 tants
1044 1453 1070 1507 in
1085 1452 1145 1506 ani·

362 1557 402 1595 nia
418 1543 497 1596 aridus
512 1550 540 1596 ct
559 1541 694 1612 possessio
713 1541 901 1596 Dcicllieitur.
921 1541 997 1597 linde
1018 1541 1145 1597 Dominus

362 1627 406 1700 per
419 1632 582 1703 Prophetam
596 1632 634 1685 ait
654 1649 660 1684 :
681 1630 767 1702 Super
781 1648 856 1702 quem
874 1633 1010 1703 requiescet
1031 1632 1145 1702 Spiritus

362 1741 443 1789 sams,
460 1725 511 1777 nisi
530 1739 609 1793 super
622 1723 745 1777 httmiiem
765 1734 787 1777 et
808 1726 937 1794 quietam,
954 1735 977 1778 et
996 1735 1145 1780 tinnientem

362 1830 486 1866 sermones
507 1829 576 1865 meos
598 1810 669 1880 (lsn.
686 1829 746 1866 tart
757 1813 785 1882 i?
803 1814 871 1868 lline
884 1824 910 1868 ct
926 1816 983 1883 ipsa
998 1815 1104 1869 Veritas
1118 1816 1144 1870 in

363 1902 501 1971 lirangelio
513 1900 651 1970 discipulis
664 1902 719 1954 ait:
733 1901 830 1955 Discite
842 1920 858 1955 a
871 1921 921 1967 mc,
930 1905 991 1972 prtia
1006 1905 1073 1958 saitis
1087 1921 1144 1956 snm

362 2000 381 2043 ct
392 1989 496 2044 inscissilis
510 1992 604 2055 corde,
620 1999 643 2043 et
662 1990 797 2044 inuenietis
816 1993 929 2063 requiem
945 1977 1081 2047 actitandae
1100 2010 1143 2049 te-

1197 815 1335 869 colnercns
1348 815 1381 867 nh
1393 829 1425 868 eo
1440 814 1550 884 regitur.
1576 812 1625 880 Qui
1642 815 1724 869 etiarn
1746 814 1852 870 llehron
1873 832 1920 871 sua
1944 819 1984 873 in-

1197 908 1390 979 terpretatione
1402 925 1453 963 nou
1464 908 1682 962 inconvenienter
1695 910 1831 979 exprimit.
1848 912 1984 985 interpre-

1197 999 1352 1053 taturenim
1367 997 1526 1067 conjnpinnt.
1549 997 1583 1052 ht
1596 998 1666 1052 idem
1681 999 1704 1051 si
1723 999 1749 1052 in
1765 999 1860 1055 timore
1878 1002 1983 1056 Domini

1197 1088 1427 1158 perseveraverit,
1452 1095 1479 1140 et
1501 1088 1673 1157 semetipsum
1693 1103 1799 1159 semper
1819 1090 1984 1145 meliorando

1196 1180 1328 1251 prolicere
1343 1180 1498 1244 certaverit,
1532 1180 1679 1250 prolectoa
1696 1182 1791 1237 timore
1813 1182 1845 1236 ad
1863 1199 1982 1237 amorem

1196 1270 1347 1339 perveniet,
1363 1269 1437 1323 illum
1452 1269 1586 1329 videlicet,
1603 1271 1647 1340 pati
1661 1271 1788 1340 periectas
1807 1273 1879 1342 {oras
1906 1273 1983 1326 mittit

1197 1345 1314 1412 timorem
1327 1360 1336 1429 (
1346 1357 1360 1410 l
1375 1357 1453 1412 ioan.
1466 1358 1519 1429 tt·);
1543 1366 1570 1412 et
1590 1373 1642 1413 non
1655 1359 1709 1428 jana
1731 1375 1835 1425 servuS,
1852 1361 1897 1415 scd
1913 1360 1984 1415 silius

1197 1457 1377 1517 nuncupatur.
1393 1446 1469 1514 Quod
1484 1455 1573 1502 autem
1589 1448 1779 1520 subjungitur:

1232 1536 1520 1607 Qatadrapesimoanao
1544 1540 1614 1609 repeti
1639 1538 1722 1593 Dauid
1747 1542 1864 1595 recensiti
1885 1553 1945 1595 snm
1960 1555 1983 1596 et

1197 1627 1294 1681 inuenti
1310 1628 1358 1681 eici
1380 1628 1515 1697 [artissimi
1539 1630 1566 1682 in
1590 1628 1670 1682 laser
1696 1628 1814 1694 Galaad,
1840 1631 1984 1702 fratresque

1196 1718 1253 1786 ejas
1267 1720 1418 1773 robustioris
1432 1720 1515 1773 atatis
1528 1719 1620 1784 aton,
1635 1721 1761 1790 principes
1773 1720 1943 1789 perstitissem,
1957 1733 1983 1777 ct

1196 1815 1304 1872 catera,
1319 1808 1451 1870 ostendit,
1467 1809 1537 1876 quod
1553 1809 1579 1862 in
1595 1809 1742 1864 novissimo
1757 1824 1828 1864 anno
1841 1812 1917 1880 regni
1933 1811 1984 1864 Da·
2059 1855 2062 1859 .

1195 1897 1240 1951 rid
1256 1898 1306 1951 ista
1334 1898 1483 1951 numeratio
1501 1896 1570 1952 lacta
1589 1908 1640 1962 est,
1665 1899 1772 1967 auarrdo
1796 1910 1858 1954 ante
1880 1900 1982 1954 obitum

1196 2002 1275 2041 susim
1300 1987 1425 2040 sunsersa
1441 1987 1590 2050 ordinarit,
1615 1996 1643 2042 et
1661 1984 1872 2059 singulos'iuxta
1895 1988 1981 2043 officia

362 2070 416 2134 pff,
433 2080 547 2151 (paup,
564 2098 591 2135 ,ῃ
599 2082 619 2149 p,
1159 2075 1181 2133 Β
1196 2094 1243 2132 sna
1255 2080 1394 2147 disposuit,
1412 2077 1603 2149 Salosnonique
1621 2078 1676 2132 silio
1689 2094 1737 2133 suo
1749 2081 1850 2145 misnia,
1863 2096 1922 2149 qliae
1942 2079 1982 2133 ta-

391 2170 502 2223 pgamp,
516 2180 540 2225 pp
556 2172 651 2239 [spires
662 2172 729 2241 ejus,
745 2173 792 2226 ptri
804 2173 951 2242 popisma,
966 2175 1036 2229 ‚nme
1049 2178 1144 2246 sepita.
1195 2170 1288 2225 chnda
1303 2176 1380 2225 erant
1392 2170 1559 2238 designando
1574 2169 1744 2233 monstrarit,
1759 2178 1839 2239 atque
1851 2171 1920 2224 ritus
1933 2171 1983 2223 im·

360 2259 432 2328 penti,
451 2271 581 2330 praeerant
599 2260 692 2315 israeli
709 2272 781 2315 trans
796 2261 940 2318 Jordancm
954 2276 1045 2319 canna
1067 2265 1143 2321 Occi·
1195 2258 1261 2328 Dffl'ii
1288 2259 1421 2327 dll⁰¹¹¹0d⁰
1448 2259 1578 2312 issnssndfls
1603 2267 1689 2321 &⁵0²2
1718 2259 1915 2314 sati⁰¹¹³bffi¹⁰f
1937 2275 1985 2315 ⁰¹'

360 2348 455 2401 dentem
469 2347 496 2400 in
516 2351 616 2402 cunctis
639 2350 757 2420 operibns
779 2351 894 2417 Domini,
917 2363 940 2406 et
956 2355 982 2406 in
1003 2356 1144 2410 ratissisterio
1195 2349 1294 2417 Ρθῧῑῑῑί·

359 2442 431 2509 repis.
446 2440 583 2505 israelitae,
608 2443 653 2512 qni
677 2453 750 2498 trans
773 2442 917 2500 Jordanena
944 2450 1143 2517 possessionem

359 2540 528 2598 acceperuut,
543 2531 594 2585 hoe
610 2532 636 2586 in
657 2533 717 2586 loco
735 2545 848 2603 possunt
864 2536 1015 2607 significare
1028 2554 1084 2604 eos,
1099 2542 1144 2608 qui

359 2618 539 2673 irtedioeritate
552 2635 600 2674 sua
619 2623 749 2689 cernenti,
766 2640 899 2679 sunrtuam
914 2628 1033 2682 scicntia
1044 2644 1075 2683 ac
1091 2630 1145 2684 rir-

359 2716 441 2761 tutum
468 2708 661 2778 protectionem
686 2713 720 2765 oh
741 2714 932 2769 tnrlmlentiam
952 2718 1030 2773 istius
1055 2720 1144 2775 saeculi

359 2809 444 2853 mente
473 2802 685 2857 transcendendo
713 2813 840 2874 appetere
868 2808 969 2873 ssolunt.
997 2825 1028 2863 ea
1056 2821 1144 2867 tamen

359 2890 481 2944 mandata
497 2906 557 2959 aare
573 2893 662 2947 sciunt
683 2893 752 2948 hona
775 2899 932 2966 operatione
948 2914 1076 2955 exemere
1091 2919 1144 2957 non

1471 2438 1584 2494 citent
1595 2437 1708 2493 dlxiii.

1195 2526 1234 2582 De
1246 2528 1353 2581 diuersis
1371 2529 1531 2597 principibus
1548 2530 1592 2598 qrci
1612 2539 1740 2596 praesent
1761 2527 1890 2582 israelitis
1904 2529 1981 2597 justa

1230 2597 1423 2666 dispositionem
1439 2598 1530 2651 Dat-id.
1554 2599 1643 2651 Dahis
1657 2600 1701 2668 qni
1715 2608 1844 2667 preerant
1864 2600 1983 2650 snbstan-

1230 2669 1274 2720 tia’
1290 2667 1382 2729 David,
1398 2669 1446 2721 hoc
1460 2677 1508 2731 cst,
1523 2670 1550 2721 in
1564 2668 1682 2731 artinas,
1696 2668 1724 2719 in
1740 2669 1820 2730 tiliis,
1835 2669 1861 2720 in
1876 2670 1947 2735 apris
1959 2679 1981 2720 at

1231 2738 1310 2790 niueis
1322 2748 1345 2790 et
1359 2738 1457 2790 olivetis
1469 2749 1492 2791 et
1503 2739 1654 2807 pecudihas.
1667 2738 1704 2790 Dc
1717 2737 1875 2792 consiliariis
1885 2737 1980 2797 datad,

1230 2819 1253 2861 et
1269 2807 1309 2860 his
1320 2808 1364 2877 pai
1377 2806 1482 2875 [aceram
1495 2825 1553 2860 crtrn
1569 2808 1632 2876 filiis
1647 2806 1723 2876 repis.

1231 2894 1295 2949 Filii
1308 2907 1394 2949 antem
1411 2895 1495 2950 lsrael
1509 2897 1650 2951 secandam
1663 2912 1798 2949 nnmcrnm
1811 2912 1899 2960 suum,
1914 2913 1983 2966 prta-

359 2977 503 3050 uegligunt.
518 2980 591 3047 Quos
603 2979 647 3035 ille
661 2982 747 3037 scriba
761 2984 905 3053 siguificat,
920 2989 965 3057 qui
984 2989 1009 3043 iu
1024 2990 1145 3063 Eracge·
1195 2990 1262 3057 cipes
1272 2988 1447 3058 ¹tantiliarnm,
1462 2989 1559 3042 triiani
1568 3028 1575 3052 ,
1588 2998 1612 3041 et
1625 2988 1797 3050 centuriones,
1818 2997 1842 3040 et
1854 2988 1981 3057 praetecti,

359 3063 391 3121 ¹5⁰
415 3068 559 3122 omninum
577 3070 762 3141 inlelffidil'ih
786 3074 878 3129 dicens
894 3094 899 3129 :
916 3075 1043 3146 diupister
1068 3081 1142 3146 hane,
1194 3081 1239 3150 pni
1250 3079 1431 3133 ministrabant
1450 3079 1589 3148 repijncta
1606 3087 1707 3131 tnrntns
1721 3093 1793 3140 stans,
1809 3076 1983 3146 inpaedicntes

359 3159 416 3225 pisid
433 3159 529 3215 inciam
553 3159 623 3226 iani,
643 3172 670 3215 nt
694 3163 803 3218 habeant
827 3168 905 3220 uitam
927 3172 1071 3223 aternam?
1093 3170 1144 3237 Qui
1195 3180 1218 3223 et
1240 3168 1396 3240 epcedicntes
1412 3185 1458 3238 per
1477 3168 1594 3238 sispalos
1615 3184 1717 3221 menses
1738 3169 1768 3221 in
1790 3184 1859 3221 anno
1883 3166 1984 3233 hiddi)

359 3247 420 3301 dicit
438 3250 463 3302 ei
474 3262 483 3300 .·
496 3247 565 3315 Quid
580 3267 620 3305 me
641 3253 786 3323 tates-rapas
801 3256 833 3309 de
847 3256 936 3311 oona?
958 3254 1031 3312 Ursas
1044 3271 1081 3314 cst
1097 3262 1143 3315 io·
1194 3271 1323 3332 preerant
1341 3260 1448 3331 sisipoti,
1473 3271 1499 3314 et
1522 3271 1628 3316 caetera.
1651 3260 1689 3315 De
1716 3258 1767 3315 hoe
1790 3258 1923 3329 losephus
1946 3260 1983 3314 ita

359 3352 404 3391 rins
417 3336 499 3392 Dens.
526 3336 658 3394 Stantem
683 3343 721 3396 nis
745 3344 825 3397 uitam
843 3344 954 3414 inpredi,
974 3363 1045 3400 seraa
1069 3365 1144 3402 aaran·
1197 3361 1301 3416 narrat,
1326 3352 1418 3406 dicens
1436 3369 1442 3405 :
1461 3371 1470 3402 c
1488 3352 1610 3408 Posthac
1625 3358 1715 3406 autem
1731 3351 1822 3405 divisit
1834 3351 1983 3406 exereitum

358 3427 428 3483 data.
447 3428 516 3482 Dicit
533 3429 598 3483 iiii:
616 3429 701 3496 Qua?
712 3430 791 3488 lesus
806 3446 892 3488 antem
912 3436 999 3493 dicit:
1023 3435 1083 3491 Non
1097 3415 1179 3493 ho-C
1195 3441 1221 3493 in
1236 3441 1361 3496 cohortes
1375 3440 1515 3495 duodecim
1530 3457 1590 3494 cnm
1610 3440 1721 3496 ducibus
1743 3440 1840 3496 suiset
1855 3450 1982 3495 centena-

357 3520 492 3574 an'cidiam
514 3520 609 3591 facies,
637 3539 689 3577 aon
717 3524 892 3592 adulterabis,
918 3545 968 3583 nan
990 3529 1070 3598 {acies
1086 3531 1143 3601 sits·
1195 3526 1243 3579 riis
1255 3534 1283 3580 et
1304 3526 1427 3581 trihunis.
1448 3525 1568 3581 lishchat
1590 3533 1680 3580 antem
1699 3539 1866 3596 trnaqnaeque
1886 3525 1983 3580 cohors

355 3620 424 3677 tum,
453 3628 504 3666 non
531 3612 628 3683 teissim
657 3616 831 3671 testimoninm
862 3620 946 3682 dices,
970 3622 1068 3675 taenara
1094 3637 1142 3692 pa·
1195 3614 1440 3678 Disthtlrirorum,
1464 3631 1531 3684 quos
1547 3615 1983 3687 ohservareprneepitpertrice-

353 3711 458 3756 tremet
481 3716 606 3767 matrem,
622 3716 646 3759 et
661 3705 752 3776 adipes
774 3709 921 3777 proximans
945 3719 1018 3763 tunm
1040 3711 1143 3765 sicutte
1195 3721 1244 3759 nos
1258 3706 1315 3761 dics
1333 3723 1347 3760 a
1372 3708 1457 3777 prima
1474 3708 1540 3761 hora
1553 3723 1638 3777 iisqne
1663 3707 1696 3760 ad
1718 3706 1890 3761 norissimam
1907 3704 1983 3759 Salo-

353 3789 450 3862 ipsmn.
477 3793 542 3849 Dicit
564 3796 603 3847 itti
620 3798 789 3852 adolescens:
809 3798 904 3853 Dmssia
925 3802 980 3854 tac
1001 3802 1142 3868 custodist-
1195 3811 1302 3850 tnonem
1315 3812 1415 3867 regem,
1435 3813 1494 3852 cum
1510 3797 1668 3852 millenariis
1684 3806 1711 3851 et
1727 3796 1898 3852 centenariis.
1914 3794 1983 3850 Con-

351 3883 416 3952 qnid
430 3883 516 3936 adtrnc
528 3886 590 3938 milti
604 3885 693 3938 deest?
711 3887 753 3939 dit
765 3886 803 3940 itti
816 3888 892 3942 ‚lesus
906 3906 914 3942 :
927 3888 957 3944 Si
969 3892 1142 3961 aispertectns
1195 3886 1281 3940 stituit
1295 3894 1385 3940 antem
1400 3887 1426 3940 in
1442 3886 1513 3941 diem
1528 3886 1738 3956 uniuscnjusque
1750 3886 1879 3947 cohortis.
1901 3900 1981 3955 quem

352 3990 420 4037 esse,
434 3975 508 4038 cane,
520 3974 597 4029 cende
614 3991 672 4044 qaae
687 3976 776 4042 trabes,
791 3988 814 4031 et
829 3979 863 4032 da
878 3980 1047 4049 pauperihus,
1062 3993 1086 4035 et
1096 3984 1143 4037 tra.
1194 3977 1294 4030 honum
1314 3976 1445 4047 judicavit
1464 3984 1489 4031 et
1502 3974 1615 4042 justum,
1636 3985 1663 4030 et
1678 3984 1781 4031 tutores
1796 3977 1982 4030 thesaurorum

351 4062 426 4119 neiis
442 4066 594 4120 tnesaurum
610 4066 637 4119 ia
659 4066 740 4133 coela,
756 4078 780 4121 et
796 4070 852 4122 aeni
866 4110 873 4135 ,
887 4087 992 4140 sepsere
1007 4089 1056 4125 nte
1078 4071 1144 4127 Cum
1195 4071 1223 4119 cl
1237 4068 1358 4121 vicorum
1379 4078 1406 4122 et
1419 4083 1546 4137 agrorum
1562 4067 1639 4131 alim,
1655 4082 1686 4121 ac
1697 4067 1892 4137 jumentorum.
1908 4084 1916 4115 s
1933 4067 1983 4120 Dc-

350 4155 472 4209 andissct
486 4165 573 4209 antem
588 4155 738 4211 adolescens
755 4158 869 4223 nerium,
892 4161 955 4213 abiit
972 4160 1063 4215 tristis.
1077 4162 1144 4217 Erat
1195 4158 1288 4212 narius
1300 4173 1365 4228 ergo
1381 4174 1508 4212 numerus
1521 4158 1696 4227 apostolicum
1710 4158 1833 4212 ordinem
1846 4158 1983 4226 aptissime

349 4246 424 4299 eninr
437 4243 535 4299 hahens
554 4245 650 4299 rrsnltas
670 4249 842 4316 possessiones
863 4248 968 4320 (liatttt.
983 4252 1056 4323 xtx);
1072 4253 1144 4308 aliud
1195 4250 1327 4320 designat,
1339 4265 1406 4319 quos
1421 4249 1545 4305 Christus
1557 4248 1762 4321 Lucanaque
1776 4248 1907 4303 illuminat
1924 4266 1981 4302 onr-

348 4347 394 4395 est
405 4339 481 4394 enim
493 4340 627 4394 exteriora
644 4340 770 4393 mandata
783 4354 893 4395 serrare
904 4343 1020 4408 actione,
1036 4352 1063 4398 et
1073 4345 1144 4399 aliud
1196 4360 1253 4396 nem
1267 4341 1396 4396 hominem
1416 4342 1556 4396 uenientem
1576 4342 1603 4393 ia
1621 4341 1689 4395 haenc
1703 4341 1829 4395 mandam
1844 4340 1934 4412 (toas.
1950 4342 1980 4411 t),

348 4444 407 4499 est,
424 4433 533 4488 ottaissis
555 4434 732 4489 exterioribus
756 4437 845 4500 celsus,
867 4444 950 4490 totum
974 4451 1003 4490 se
1018 4437 1090 4490 intus
1111 4438 1144 4491 ad
1196 4435 1335 4490 duodecim
1353 4436 1429 4489 horis
1443 4434 1494 4489 diei
1507 4434 1533 4487 in
1547 4432 1692 4503 Evangelio
1710 4434 1876 4502 compararit
1890 4430 1980 4503 (tons.

349 4526 477 4579 divinam
502 4526 603 4579 reterre
622 4526 888 4595 contemplationem.
904 4529 956 4583 Sed
979 4529 1041 4598 qnia
1066 4545 1145 4583 nenio
1196 4527 1250 4597 tr),
1266 4536 1294 4582 et
1311 4526 1397 4580 lancem
1412 4526 1491 4595 hstias
1512 4524 1603 4578 mnndi
1618 4539 1775 4594 nuncupans
1800 4524 1917 4595 (ltnttts.
1938 4525 1981 4592 r),

349 4614 413 4685 ipsa
430 4616 564 4669 exteriora
576 4615 646 4670 hona
661 4631 742 4685 opera
758 4617 839 4681 ralet,
865 4618 915 4672 nisi
931 4618 977 4672 Dei
990 4618 1069 4683 dono,
1086 4620 1145 4674 ideo
1196 4617 1285 4672 lumen
1308 4617 1370 4670 ssdei
1391 4618 1417 4670 in
1431 4625 1515 4669 totum
1534 4616 1626 4670 orhem
1643 4630 1769 4686 spargere
1785 4617 1923 4685 pracepit,
1943 4618 1983 4669 ‹ti-

348 4704 457 4758 dicitur
473 4703 532 4757 istis
548 4706 707 4775 prmpositns
721 4720 780 4760 esse
802 4707 925 4761 hsahias.
952 4707 1145 4779 Interpretatur
1197 4720 1279 4759 cens:
1297 4704 1394 4758 Enrttes
1405 4706 1493 4757 docete
1507 4721 1594 4758 ornnes
1606 4713 1705 4774 paretes,
1721 4704 1881 4774 baptizantes
1894 4721 1937 4758 eos
1956 4707 1981 4757 in

349 4794 429 4847 enim
444 4794 567 4859 hsaltias,
585 4794 692 4864 facienti
714 4795 836 4850 Domino.
858 4797 891 4851 lli
911 4807 984 4853 rccte
1002 4815 1062 4852 curn
1080 4799 1145 4853 Pro-
1158 4772 1184 4830 D
1197 4799 1300 4851 nomine
1317 4796 1406 4851 Patris
1429 4806 1452 4851 et
1473 4796 1538 4850 Filii
1562 4805 1585 4850 et
1605 4795 1718 4865 Spiritus
1740 4799 1836 4862 sancti,
1861 4798 1981 4850 docentes

349 4885 437 4951 planta
459 4883 573 4939 Domino
597 4885 687 4941 dicere
706 4896 820 4956 possunt
837 4907 842 4940 :
862 4887 956 4942 Oretania
976 4890 1042 4942 eninr
1068 4905 1146 4959 opera
1197 4888 1452 4941 eossernareomnia
1469 4904 1629 4959 patarcnnqne
1645 4888 1766 4942 masadam
1779 4889 1869 4960 sonis(
1887 4889 1980 4941 ltntttr.

350 4982 448 5026 naara
461 4985 581 5042 operatas
594 4990 620 5027 es
635 4975 661 5028 in
675 4976 748 5029 nabis
765 4975 840 5047 (isa.
858 4993 919 5030 xrst
933 4977 955 5046 ).'
972 4977 1039 5031 lliue
1054 4986 1082 5032 et
1095 4979 1147 5033 Do-
1192 4978 1476 5047 txrrttlilnnumergo
1491 4976 1576 5039 illum,
1595 4992 1674 5046 quem
1690 4976 1699 5047 (
1708 4978 1777 5031 sicut
1797 4978 1823 5032 in
1839 4977 1983 5048 Evangelio

351 5064 449 5117 minus
461 5064 487 5117 in
502 5065 644 5134 Evangelio
663 5067 800 5137 discipulis
817 5070 871 5122 ait:
889 5069 951 5123 Sine
966 5086 1005 5122 me
1023 5069 1086 5122 nihil
1101 5087 1147 5140 po·

352 5154 430 5206 testis
443 5152 529 5221 [acere
550 5153 641 5220 (Jonas.
655 5156 711 5225 xv).

394 5241 600 5296 Hebronitnram
614 5254 701 5298 aretem
715 5247 832 5315 princeps
856 5247 905 5311 tacit
918 5246 991 5299 deria
1004 5248 1145 5301 sectandam

353 5328 476 5393 {similias
487 5340 511 5384 et
531 5335 697 5402 consutiones
712 5352 811 5391 corana.
827 5336 932 5390 llehron
946 5338 1017 5390 etaim
1040 5338 1144 5396 civitas,

355 5422 404 5475 uhi
421 5422 496 5491 regni
520 5422 623 5476 initium
641 5425 745 5493 accepit
759 5425 856 5487 David,
873 5441 918 5478 eos
934 5426 1086 5495 significare
1099 5442 1145 5494 pra-

355 5517 411 5566 tcst
422 5517 467 5581 nari
479 5515 691 5568 conversationis
711 5515 815 5568 initium
831 5516 967 5578 inclinant,
984 5524 1011 5568 ct
1032 5516 1145 5568 Domino

357 5602 386 5658 in
399 5607 508 5661 snarita
520 5621 629 5675 regatmu
643 5616 805 5677 praepacant.
819 5607 972 5661 llehronitis
983 5606 1143 5671 cniarleria,

356 5699 405 5766 qui
429 5698 623 5767 interpretatur
636 5700 728 5751 tinceas
743 5698 893 5762 Dominam,
908 5700 1033 5766 princeps
1046 5698 1145 5752 consti·

363 5789 455 5852 teritur,
473 5792 535 5857 qtria
549 5789 652 5844 initiunt
673 5792 806 5858 sapientia
820 5792 898 5843 tisrtor
917 5800 954 5844 est
967 5790 1089 5852 Domiai;
1107 5790 1147 5842 in-

361 5873 476 5930 tellectas
495 5877 576 5930 dorsus
597 5879 716 5932 ontniitus
741 5879 894 5947 [scientibus
912 5896 970 5931 erata
994 5879 1086 5947 (Καὶ.
1102 5896 1108 5933 t
1124 5880 1144 5949 ).

364 5960 411 6029 Qui
424 5967 496 6020 enim
508 5981 558 6036 per
573 5970 695 6023 timorem
711 5985 724 6022 a
742 5967 819 6021 ntalis
830 5969 934 6021 actilnrs
948 5984 975 6023 se
991 5978 1108 6034 coercet,
1120 5978 1147 6023 et

1198 5069 1394 5138 scriptumest)
1414 5068 1557 5130 Dominus,
1574 5069 1600 5121 in
1617 5084 1749 5140 synagoga
1772 5068 1862 5138 legens
1877 5084 1980 5122 sermo·

1198 5171 1246 5211 nes
1270 5157 1343 5210 lsaiar
1366 5156 1598 5228 prophetalem.
1625 5157 1682 5229 rr),
1701 5158 1896 5211 demonstrarit
1920 5173 1982 5211 esse

1199 5247 1388 5315 acceptabilem
1412 5248 1534 5312 Domino,
1555 5247 1598 5302 isti
1623 5263 1730 5302 incuses
1751 5250 1890 5313 ordinant3
1907 5250 1983 5303 etad

1198 5339 1334 5391 sarritinm
1359 5339 1415 5393 reri
1443 5338 1595 5393 Salomonis
1622 5338 1748 5394 Ecclesiae
1765 5340 1891 5411 populum
1914 5340 1984 5391 orali-

1199 5428 1285 5481 nando
1308 5427 1456 5481 distribuit.
1486 5428 1630 5497 Propterea
1659 5430 1685 5483 in
1710 5431 1822 5499 singulis
1847 5431 1983 5484 mensibus

1197 5516 1296 5578 etam
1311 5518 1344 5571 ad
1370 5519 1510 5572 servitium
1537 5520 1639 5590 regium
1661 5520 1786 5589 deputata
1814 5528 1885 5573 satist.
1907 5516 1983 5582 Quod

1198 5617 1286 5662 autem
1309 5610 1429 5678 mysterii
1450 5610 1493 5663 hic
1517 5618 1760 5675 numerusteneat,
1779 5609 1837 5680 jam
1861 5607 1983 5677 superins

1197 5699 1360 5759 dictumest,
1382 5701 1444 5768 quia
1468 5700 1494 5753 in
1512 5715 1544 5753 co
1563 5699 1628 5771 legis
1649 5710 1677 5754 et
1700 5700 1835 5771 Erangplii
1859 5699 1981 5749 universa

1196 5788 1323 5855 perfectio
1336 5803 1383 5856 per
1397 5790 1509 5858 liguram
1528 5790 1616 5844 inesse
1628 5791 1823 5843 ntzsrsilestatur.

1233 5879 1325 5933 h'olnit
1339 5891 1423 5934 antem
1447 5882 1532 5934 Daaid
1554 5898 1690 5935 narrantum
1709 5897 1751 5931 ros
1767 5895 1782 5929 a
1797 5876 1887 5944 aipinti
1907 5879 1982 5927 antris

1196 5969 1314 6037 tisserius.
1331 5970 1391 6037 prtia
1406 5970 1508 6022 dixerat
1523 5969 1648 6022 Dominus
1662 5978 1688 6017 nt
1705 5964 1922 6027 iristitiplicnretnr
1940 5960 1983 6014 ls-
