4709 6767
328 613 383 668 ἓὲθ

731 609 909 668 contient
930 612 962 666 nt
983 612 1107 669 linitus
1124 613 1156 668 ll‘
1175 614 1309 670 nuduli.
1329 645 1363 653 -
1382 614 1415 669 ts
1435 616 1498 671 LlD.
1519 615 1562 671 ll'.

1905 625 1959 696 jaso

328 744 376 787 tur
392 730 469 804 (Gen.
491 730 577 802 xvxxi).
593 730 652 799 Quo
667 728 769 796 audito,
783 729 859 796 Sara,
876 730 933 784 visit
948 740 1008 800 post
1022 731 1119 785 ostium
1133 735 1159 793 Α
1173 741 1217 784 tur
1232 730 1384 785 testimonia
1397 730 1474 800 ejus,
1498 732 1525 784 in
1543 739 1601 786 toto
1617 735 1697 789 corde
1712 736 1884 805 exquirentes
1894 754 1957 796 curn

328 820 510 886 tabernaculi,
525 819 630 875 occulte
645 820 738 874 dicens
756 838 761 872 :
777 819 922 890 Postquam
936 821 1074 883 consului,
1092 831 1120 875 ιι

327 913 456 969 dominus
471 927 547 966 meus
565 909 669 964 vetulus
689 918 740 974 cst,
761 910 889 979 voluptati
909 924 1017 979 operam
1033 910 1120 964 dalo?

327 1005 455 1062 l'isitavit
479 1013 568 1059 atitem
591 1002 721 1058 Dominus
736 1000 842 1066 Seram,
868 1001 937 1055 sicut
959 1001 1119 1071 promiserat

326 1098 366 1164 ei,
379 1106 407 1152 ιι
422 1095 543 1166 implevit
558 1109 619 1164 qnae
639 1093 744 1148 locutus
760 1101 811 1147 est.
831 1090 1012 1162 Concepitque
1030 1099 1058 1144 et
1073 1107 1120 1161 pe-

325 1190 401 1263 perit
424 1190 508 1244 lilium
524 1189 550 1242 in
567 1194 705 1243 senectute
720 1200 768 1240 sua
783 1193 902 1252 tempore
921 1199 974 1254 quo
987 1182 1118 1252 predixe-

328 1292 373 1336 rat
386 1281 413 1335 ei
428 1280 530 1333 dicens.
551 1295 560 1329 ι

366 1372 476 1442 rigitur
497 1374 639 1438 postquam
659 1364 745 1419 crevit
764 1377 843 1432 puer,
865 1368 954 1416 tactus
968 1358 1059 1415 dolore
1073 1373 1119 1412 ca·

323 1481 339 1513 ι
355 1461 436 1532 pitis,
460 1459 488 1513 in
508 1469 597 1512 messe
620 1456 692 1510 cirea
712 1453 853 1508 meridiem
878 1427 1020 1507 ddtuiicvus
1037 1457 1087 1504 est.
1105 1468 1115 1500 ι

323 1551 396 1608 Cum
411 1548 525 1620 populus
536 1545 719 1609 israeliticus,
739 1551 881 1614 postquam
900 1541 927 1594 in
942 1538 1059 1610 AEgypto
1072 1537 1118 1592 de-

324 1645 425 1710 crevit,
442 1651 471 1697 et
483 1655 532 1712 per
547 1639 655 1710 Moysen
669 1637 697 1691 in
711 1637 848 1690 desertum
861 1634 991 1698 eductus,
1011 1628 1117 1685 Domini

324 1751 423 1793 vocem
446 1734 569 1789 audierat
589 1731 616 1785 in
637 1730 697 1800 igne
712 1737 739 1784 et
753 1729 780 1784 in
802 1727 931 1799 caligine,
948 1724 1055 1796 quando
1077 1723 1117 1775 lu-

326 1828 401 1883 mine
414 1826 535 1881 scientiae
549 1821 642 1877 debuit
656 1820 797 1886 illustrari,
807 1834 868 1873 mox
883 1817 973 1871 animo
988 1815 1021 1870 ad
1036 1814 1119 1869 idolo-

325 1917 437 1972 latriam
451 1926 605 1976 recurrens,
621 1918 744 1966 mortuus
756 1918 798 1964 est
814 1906 917 1981 (and.
933 1922 989 1973 xrs,
1005 1904 1068 1975 xx).

364 2045 374 2076 ι
389 2024 424 2079 Ει
435 2024 474 2077 ait
486 2022 594 2078 Eliseus
603 2020 639 2074 ad
650 2019 736 2085 Giezi,
750 2034 865 2089 puerum
878 2033 957 2073 suum
979 2035 985 2070 :
1000 2015 1117 2086 Accinge

327 2135 337 2166 r
355 2113 462 2168 lumbos
475 2121 546 2176 tuos,
561 2117 590 2165 ιι
603 2109 667 2165 tolle
680 2109 805 2164 baculum
816 2124 907 2164 meum
922 2109 948 2163 in
964 2114 1114 2173 acerruma,

326 2227 337 2257 ι
356 2214 385 2260 ιι
396 2204 475 2258 vade.
490 2201 520 2258 Si
534 2201 686 2257 occurrerit
695 2200 743 2255 tilii
756 2201 847 2266 homo,
862 2216 916 2256 non
929 2200 1030 2256 salutes
1043 2214 1115 2255 cum.

326 2316 337 2348 r
356 2296 390 2351 Et
404 2297 428 2351 si
441 2294 599 2350 salutaverit
611 2301 639 2348 te
652 2292 797 2363 quispiam,
820 2307 873 2348 non
891 2292 1054 2364 respondeas
1068 2290 1115 2356 illi,

326 2404 338 2437 ι
357 2394 384 2440 ιι
397 2399 481 2453 pones
500 2382 624 2438 baculum
639 2397 721 2452 super
733 2380 831 2437 taciem
841 2383 932 2452 pueri.
948 2402 958 2434 ι
974 2381 983 2453 l
997 2380 1041 2435 Ea
1052 2380 1117 2435 Gre-

318 2475 423 2547 gorio.)
442 2472 512 2541 Quid
526 2480 615 2528 autern
630 2471 773 2541 significat,
796 2472 868 2542 quod
892 2486 959 2542 puer
975 2471 1011 2526 alt
1028 2471 1117 2528 Eliseo

323 2570 426 2624 missus
448 2582 510 2623 cum
523 2565 621 2623 baculo
637 2581 692 2621 noir
705 2566 848 2622 resuscitat
869 2568 1115 2639 persemetipsum,

320 2673 420 2718 rerum
434 2658 541 2714 Eliseus
555 2658 676 2721 veniens,
693 2672 777 2727 seque
793 2672 875 2727 super
895 2668 1030 2715 mortuum
1048 2669 1117 2715 ster·

322 2758 499 2819 cessatque
513 2749 547 2803 ad
561 2745 620 2815 eius
632 2748 754 2803 membra
771 2762 801 2804 sc
812 2747 952 2820 colligens,
974 2749 1028 2805 linc
1042 2749 1117 2805 illue

320 2856 379 2911 que
392 2840 585 2905 deambulans,
599 2848 628 2895 et
648 2840 677 2893 in
689 2855 737 2896 ore
749 2841 848 2896 mortui
868 2843 968 2911 septies
982 2843 1114 2911 aspirans,

324 2933 398 2988 ιιιιιι
418 2931 454 2986 ad
471 2930 620 2987 redivivam
636 2928 722 2984 lucum
737 2931 862 3001 protinus
875 2946 923 3001 per
937 2931 1116 2986 miiiisterium

322 3021 522 3092 compassionis
547 3021 696 3085 animavit,
720 3021 773 3076 nisi
798 3021 871 3091 quod
894 3031 988 3077 auctor
1006 3022 1114 3077 humani

319 3112 431 3183 generis
448 3113 529 3177 Dens,
548 3112 625 3182 quasi
648 3121 783 3168 mortuum
804 3126 916 3181 puerum
932 3111 1033 3177 doluit,
1054 3127 1116 3167 eum

322 3204 474 3260 exstinctas
493 3217 543 3258 uos
556 3202 705 3271 miquitatis
723 3202 817 3258 aculco
833 3203 977 3256 miseratus
993 3201 1116 3271 aspexit?

320 3296 423 3366 etquis
434 3310 485 3365 per
497 3295 606 3365 tloysma
619 3303 750 3349 terrorem
762 3293 829 3364 legis
841 3293 962 3363 protulit,
976 3294 1053 3362 quasi
1068 3307 1116 3362 per

318 3400 437 3457 punam
461 3386 565 3453 virgam
593 3384 676 3439 misit.
705 3383 758 3439 Per
782 3382 870 3455 legem
891 3383 989 3454 quippe
1012 3384 1115 3454 virgam

322 3479 397 3534 llens
410 3485 543 3542 tenuerat,
560 3492 622 3533 cum
633 3477 738 3534 dicebat
750 3496 758 3532 ι

387 3588 418 3644 st
439 3588 501 3657 quis
514 3588 573 3643 laaec
591 3586 634 3643 vel
651 3588 699 3642 illa
713 3588 818 3653 lecerit,
840 3595 927 3643 morte
946 3588 1113 3643 moriatur.»

324 3681 466 3752 apeccan
487 3680 569 3749 igitur
582 3688 669 3734 morte
688 3680 771 3734 timor
788 3693 838 3734 nos
857 3680 990 3735 suscitare
1004 3696 1057 3735 non
1070 3695 1117 3734 va-

321 3771 384 3836 luit,
401 3771 449 3827 sed
460 3770 496 3825 ad
510 3778 611 3825 statum
624 3770 685 3825 vitae
698 3770 817 3839 aspirata
831 3770 1045 3825 mansuetudinis
1058 3785 1116 3840 gra·

325 3868 363 3921 tia
376 3866 474 3922 evexit.
491 3864 544 3920 Sed
558 3880 626 3935 puer
639 3880 701 3920 eum
722 3866 818 3921 haculo
834 3874 969 3920 mortuum
984 3867 1117 3923 suscitare

324 3971 381 4010 nun
406 3954 508 4009 valuit:
526 3971 536 4004 ι
555 3954 635 4021 Quia,
650 3973 659 4007 ι
677 3954 759 4009 Panlo
783 3962 949 4020 attestante,
967 3972 976 4007 ι
996 3956 1062 4010 nihil
1082 3957 1117 4012 ad

324 4045 475 4117 perfectum
489 4045 601 4099 adduxit
612 4044 665 4098 lex.
681 4065 690 4097 r
706 4043 765 4114 lpse
776 4054 865 4100 autem
880 4047 1116 4117 persemetipsum

324 4136 449 4198 veniens,
467 4141 494 4189 et
507 4147 589 4204 super
600 4135 717 4188 cadaver
730 4133 866 4189 humiliter
879 4143 1014 4200 sternens,
1030 4144 1057 4189 et
1069 4151 1116 4189 su-

324 4242 375 4298 per
402 4224 570 4296 exaequanda
594 4223 645 4279 silai
672 4224 771 4278 mortui
796 4225 916 4279 membra
941 4240 971 4279 se
994 4226 1115 4296 collegit,

325 4319 390 4389 quia
403 4334 414 4368 ι
427 4330 490 4372 cum
502 4315 530 4369 ia
540 4313 626 4369 torma
642 4315 689 4368 Dei
701 4322 785 4381 esset,
798 4330 851 4369 non
863 4315 985 4383 rapinam
1000 4318 1116 4371 arlritra·

325 4418 371 4465 tus
382 4417 426 4465 est
440 4420 502 4464 esse
516 4420 545 4461 se
554 4405 684 4477 equalem
698 4406 762 4472 Deo,
775 4407 822 4462 sed
833 4407 1007 4475 semetipsum
1025 4408 1118 4463 exina-

1171 821 1264 895 (Psol.
1279 824 1383 895 cxvrn),
1397 844 1405 875 ι
1420 825 1446 878 in
1460 827 1601 895 praescotia
1613 827 1719 884 Domini
1730 827 1877 888 salvatoris
1888 849 1959 890 scm·

1169 930 1218 983 per
1233 914 1334 969 rivunt.

1207 1005 1377 1076 «Egreditur
1399 1021 1464 1074 puer
1490 1006 1517 1059 in
1543 1023 1646 1077 agrum,
1675 1014 1704 1062 ut
1723 1008 1832 1081 colligat
1860 1014 1960 1069 beruas

1172 1115 1181 1146 r
1199 1103 1330 1163 agrestes,
1341 1101 1474 1163 quatenus
1491 1094 1553 1149 inde
1571 1098 1870 1167 coquatpulnaentum;
1886 1101 1960 1158 inve·

1171 1205 1180 1234 r
1195 1185 1288 1255 nilque
1298 1183 1374 1253 qnasi
1388 1184 1468 1238 vitem
1488 1183 1651 1251 silvestrem,
1668 1196 1695 1240 ιι
1707 1187 1814 1257 collegit
1826 1204 1858 1242 ex
1869 1205 1901 1245 ea
1914 1207 1959 1247 co·

1171 1293 1181 1325 ι
1195 1273 1364 1344 locyntliidas
1379 1273 1446 1343 agri.
1459 1272 1531 1339 diras
1542 1275 1686 1330 concidens
1702 1277 1729 1331 in
1744 1278 1823 1332 ollam
1837 1269 1974 1347 palmea-⁴

1171 1375 1256 1420 itum
1279 1365 1353 1429 iacit,
1371 1382 1450 1421 icum
1470 1366 1530 1434 quis
1555 1366 1652 1422 littera
1674 1367 1740 1438 legis
1763 1371 1891 1437 intentus,
1916 1372 1960 1428 vel

1168 1452 1415 1525 philosophicarum
1443 1454 1643 1523 disciplinarum
1671 1458 1823 1524 studlosus,
1851 1469 1957 1530 pastum

1168 1544 1244 1598 verbi
1270 1558 1408 1612 quarens,
1433 1544 1640 1599 amaritudinem
1663 1545 1762 1601 litterae
1787 1547 1891 1619 legalis,
1917 1551 1959 1607 vel
2060 1599 2068 1621 ,

1168 1629 1339 1687 mortiferum
1361 1634 1488 1704 quiddam
1503 1634 1529 1687 in
1545 1635 1764 1705 philosophorum
1787 1638 1862 1694 lilrris
1884 1641 1959 1696 inve·

1168 1722 1263 1788 niens,
1288 1722 1456 1778 intermiscet
1483 1724 1591 1777 veritati
1612 1724 1784 1796 evangelicae,
1808 1739 1836 1782 ιι
1857 1730 1884 1783 in
1906 1730 1959 1785 olle

1168 1807 1259 1861 cordis
1277 1808 1318 1861 sui
1333 1822 1451 1876 coquens
1465 1808 1518 1861 tale
1537 1809 1713 1879 pulmentum,
1737 1815 1789 1869 lxoe
1810 1828 1862 1881 est,
1878 1818 1960 1872 docu-

1169 1905 1289 1950 mentum
1308 1905 1442 1965 preparat
1457 1900 1491 1951 ad
1509 1898 1683 1955 relectionem
1707 1903 1876 1960 auditoribus
1891 1907 1958 1961 suis.

1169 1986 1240 2041 Dicit
1255 1988 1328 2042 enirn
1342 1987 1485 2057 Apostolus
1501 2005 1508 2040 ε
1530 2007 1539 2039 r
1555 1988 1657 2045 Littera
1672 1991 1743 2046 enim
1754 1994 1863 2061 occidit,
1876 1996 1959 2064 spiri-

1132 2073 1154 2131 B
1170 2088 1213 2133 tus
1234 2089 1325 2133 autem
1343 2080 1461 2134 viviticat
1482 2078 1595 2151 (licor.
1618 2086 1675 2153 ιιι).
1692 2103 1701 2134 ι
1719 2084 1752 2137 Ει
1766 2086 1849 2139 itera:
1867 2106 1876 2139 ι
1892 2086 1959 2142 Pru·

1166 2174 1267 2237 dervtia,
1294 2174 1391 2243 inquit,
1418 2174 1508 2228 caruis
1525 2189 1598 2230 raom
1618 2185 1669 2230 ιιι.
1693 2176 1840 2233 Prudentia
1866 2189 1958 2235 autern

1166 2263 1289 2332 spiritus,
1302 2264 1356 2318 vita
1378 2271 1405 2319 ιι
1416 2279 1469 2334 pax
1482 2263 1577 2336 (Dona.
1590 2267 1660 2336 vni).
1679 2285 1689 2318 ι
1707 2267 1763 2323 11οι
1783 2269 1875 2339 itaque
1892 2286 1956 2325 scn-

1166 2352 1267 2407 tientes
1278 2351 1371 2408 lideles
1380 2353 1471 2423 populi
1485 2362 1600 2408 mortem
1614 2355 1641 2408 in
1656 2354 1709 2408 olla
1722 2356 1885 2424 exclamant,
1895 2374 1957 2413 cum

1166 2444 1248 2499 talem
1262 2445 1424 2510 doctrinam,
1438 2446 1517 2515 quasi
1532 2445 1718 2515 deceptionem
1733 2447 1896 2515 animarum,
1912 2450 1959 2503 de·

1165 2542 1298 2590 testantes
1310 2534 1501 2590 vociferantur.
1518 2533 1583 2613 Sed,
1594 2535 1707 2603 jubente
1719 2536 1818 2604 Eliseo,
1830 2539 1917 2593 latina
1931 2539 1958 2593 in

1165 2622 1246 2679 ollam
1263 2624 1390 2691 mittitur,
1410 2638 1472 2680 cum
1486 2624 1598 2678 scientia
1620 2624 1749 2695 spiritalis
1760 2628 1788 2681 in
1801 2627 1852 2683 tale
1866 2630 1958 2685 condi·

1165 2723 1286 2769 mentum
1310 2714 1511 2780 intromittitur,
1536 2724 1574 2779 ut,
1595 2716 1713 2771 exclusa
1734 2718 1808 2771 orarii
1823 2718 1955 2773 amaritu-

1165 2807 1228 2863 dine
1241 2806 1392 2876 pravitatis,
1412 2817 1505 2876 pastus
1521 2806 1582 2861 inde
1596 2805 1719 2862 lidelilrus
1731 2819 1898 2877 preparetur
1912 2827 1957 2866 sa·

1165 2898 1251 2952 lubris
1299 2963 1302 2968 .

1205 3009 1214 3040 i
1229 2989 1277 3044 Vir
1291 2997 1381 3044 autem
1395 2989 1504 3060 quidam
1517 2991 1590 3044 venit
1605 2990 1638 3044 de
1652 2989 1810 3055 Baalsalisa,
1832 2989 1957 3048 deserens

1168 3098 1178 3131 r
1195 3082 1254 3136 viro
1271 3081 1320 3136 Del
1334 3095 1419 3149 panes
1433 3082 1624 3149 primitiarum,
1638 3090 1666 3135 ct
1678 3082 1773 3151 viginti
1793 3097 1878 3151 panes
1891 3084 1957 3137 nor-

1168 3193 1178 3225 r
1195 3171 1320 3235 deaceae,
1346 3178 1373 3225 et
1392 3169 1557 3225 trumentum
1573 3185 1671 3225 novum
1685 3172 1711 3225 in
1731 3187 1794 3241 pera
1809 3187 1868 3239 sua,
1881 3182 1955 3229 cte.»

1165 3264 1287 3332 Denique
1309 3262 1398 3316 virdo
1417 3260 1563 3315 Baalsnlisa
1578 3261 1671 3315 venire
1691 3262 1863 3330 describitur,
1882 3262 1957 3319 dele·

1166 3369 1230 3409 rens
1253 3355 1311 3408 viro
1332 3352 1379 3408 Dei
1394 3367 1478 3423 panes
1492 3351 1683 3421 primitiarum,
1705 3361 1732 3407 ιι
1754 3353 1849 3424 viginti
1872 3368 1958 3424 panes

1129 3432 1151 3494 C
1168 3446 1344 3510 hordeaceos,
1357 3452 1385 3499 ιι
1396 3444 1561 3497 trumentum
1575 3456 1675 3496 novum
1687 3442 1714 3495 in
1724 3457 1789 3511 pera
1801 3458 1860 3497 sua.
1871 3443 1958 3512 Quem

1169 3546 1260 3592 autem
1272 3535 1368 3591 melius
1383 3536 1470 3589 vimm
1486 3534 1568 3589 istum
1581 3534 1703 3601 accipere
1721 3534 1864 3603 possimus,
1876 3550 1958 3605 quam

1168 3644 1269 3690 coetum
1290 3642 1446 3688 sauctorum
1460 3631 1581 3695 Patrem,
1596 3631 1641 3701 qni
1655 3632 1754 3685 virtute
1768 3630 1852 3685 animi
1865 3638 1892 3685 et
1909 3630 1959 3686 lto·

1167 3737 1263 3779 nomm
1283 3736 1396 3793 operum
1415 3720 1537 3791 pollenti
1551 3719 1602 3787 Qui
1617 3721 1685 3776 lieno
1699 3720 1733 3775 de
1745 3718 1893 3775 Daalsalisa
1911 3733 1957 3774 ve·

1167 3814 1241 3869 nisse
1254 3814 1362 3869 dicitur.
1384 3811 1531 3867 Daalsalisa
1544 3812 1616 3865 enixu
1629 3810 1727 3865 notens
1749 3812 1855 3864 tertium
1872 3812 1958 3866 inter·

1166 3916 1298 3979 pretatur.
1311 3905 1395 3961 Recte
1407 3920 1472 3975 ergo
1487 3906 1520 3960 de
1533 3902 1679 3959 Daalsalisa
1694 3910 1735 3957 est
1748 3903 1795 3973 qui
1808 3903 1957 3957 ternarium
1980 3976 1982 3980 Ι

1167 4011 1310 4051 numerum
1333 3996 1359 4049 in
1374 3994 1532 4051 credulitate
1545 4002 1574 4049 ιι
1587 3992 1755 4049 consessione
1779 4000 1878 4048 sanetae
1897 3991 1957 4045 Tri·
1976 3979 1978 3984 ’

1167 4086 1261 4141 nitatis
1274 4092 1371 4140 servat.
1389 4084 1439 4139 llic
1459 4098 1523 4139 vero
1539 4084 1580 4137 vir
1595 4084 1653 4137 viro
1670 4083 1717 4137 Dei
1730 4096 1813 4152 panes
1825 4081 1957 4151 primitia·

1166 4190 1226 4229 xum
1254 4173 1341 4238 offert,
1366 4188 1427 4227 eum
1450 4171 1623 4242 lletlernptori
1653 4179 1746 4225 nostru
1769 4185 1818 4239 per
1841 4172 1957 4242 gratiam

1167 4264 1226 4333 cius
1264 4263 1411 4332 inspiratus
1443 4261 1521 4315 ollcrt
1548 4261 1631 4314 duros
1660 4259 1694 4314 de
1720 4259 1824 4330 origine
1852 4269 1958 4314 creatu·

1167 4373 1261 4412 rarum
1291 4356 1466 4428 compositos.
1497 4353 1582 4410 Dliert
1608 4351 1703 4424 viginti
1727 4367 1811 4423 panes
1839 4355 1956 4409 ltordca·

1167 4463 1250 4514 ceos,
1278 4447 1330 4501 huc
1356 4452 1415 4511 est,
1441 4443 1603 4514 Decalogum
1618 4443 1683 4515 legis
1704 4443 1731 4497 in
1747 4442 1830 4513 lloysi
1849 4453 1878 4498 et
1895 4460 1959 4515 pro-

324 4499 406 4563 ffl'st·
421 4496 538 4553 s⁰¹¹¹¹²¹¹¹
552 4496 622 4551 “ni
641 4496 787 4565 mmm
806 4496 833 4550 in
848 4496 1051 4554 “mmmmm
1065 4496 1116 4553 ¹¹⁰⁴
1167 4538 1310 4611 plantarum
1324 4536 1432 4606 scriptis
1445 4536 1679 4605 comprehensum.
1695 4533 1779 4589 0llert
1793 4534 1958 4589 frumentum

324 4602 432 4643 mum
448 4584 547 4650 ‘mm'
557 4592 585 4640 a
599 4585 691 4640 habau
705 4592 830 4641 ”mm
841 4593 871 4639 m
885 4585 999 4640 h⁰m⁰''
1169 4643 1267 4683 novum
1286 4628 1313 4682 in
1335 4642 1399 4697 pera
1414 4641 1473 4693 sua,
1491 4640 1552 4681 eum
1566 4625 1669 4681 Novum
1685 4625 1885 4681 Testamentum
1898 4637 1959 4696 pust

364 4695 454 4752 '⁸¹¹⁰
475 4695 592 4767 illucque
610 4695 817 4761 dewbfllabfl·
837 4714 847 4748 l
868 4698 930 4768 quia
948 4705 975 4752 θῑ
993 4696 1113 4755 Jflllaeaffl
1171 4717 1325 4775 lledlatoris
1347 4717 1433 4772 ιιιιιί
1457 4716 1602 4770 adventurn
1620 4715 1648 4768 ia
1668 4716 1755 4769 saneti
1775 4715 1912 4785 Evangelii
1931 4725 1960 4770 ct

311 4787 402 4860 'lum
424 4789 547 4859 ⁰¹1⁰¹¹i30
567 4788 669 4857 D⁰Sl¹³³
689 4795 782 4857 {lenm
803 4796 891 4843 Wlffli-
910 4788 1022 4860 ‘sulm
1042 4772 1351 4879 11101·Ῑ)ιιιιιιοΙοιιιιιι
1376 4806 1484 4877 scriptis
1510 4805 1587 4873 prole
1605 4813 1624 4859 t.
1653 4802 1732 4859 tunel
1760 4821 1825 4874 ergo
1854 4808 1958 4861 liliseus

326 4894 403 4936 mum
416 4881 517 4951 septies
538 4880 662 4949 inspirat,
680 4879 766 4948 »qun
786 4894 835 4949 ner
846 4881 1012 4949 apertionem
1033 4883 1117 4937 divini
1167 4909 1260 4955 noster
1282 4897 1414 4951 ministris
1432 4896 1500 4961 sun,
1518 4896 1620 4952 sanem
1632 4895 1756 4950 vindicet
1773 4895 1958 4966 procreatori-

326 4971 449 5027 mlfflssfss
475 4970 589 5042 ssfflfiaffl
621 4968 784 5039 581)ιὶᾐπιῃίε
813 4969 929 5038 Spiritus
960 4971 987 5024 5¹¹
1012 4974 1117 5041 peccati
1166 4990 1228 5053 hus,
1254 4997 1282 5042 ut
1305 4987 1375 5042 hane
1396 4985 1560 5041 oblationem
1582 4986 1680 5055 populu
1705 4984 1824 5040 lldelium
1847 4986 1958 5056 dispen-

311 5087 314 5092 ·
327 5069 415 5116 morte
424 5059 578 5131 jacentibus
589 5059 701 5128 aspirat.
720 5058 854 5128 illexque
868 5060 961 5115 vivens
975 5062 1114 5131 erigitur‚v

325 5153 392 5223 quia
413 5151 437 5205 is
459 5166 540 5221 quem
559 5150 670 5205 terroris
693 5150 769 5220 virga
788 5152 920 5206 suscitare
939 5168 992 5207 non
1013 5155 1115 5222 potuit,

324 5257 377 5315 per
392 5242 495 5298 amoris
507 5240 631 5312 spiritum
647 5255 714 5309 puer
727 5241 760 5293 ad
775 5241 857 5295 vitam
870 5242 949 5297 redit.

365 5351 456 5409 altrat
470 5363 559 5408 autem
579 5351 704 5407 tamesin
720 5360 803 5418 terra,
819 5361 846 5407 et
858 5352 905 5408 lilii
923 5346 1133 5429 proplietarum'

327 5466 339 5497 r
355 5445 513 5501 habitabant
525 5460 617 5500 coram
629 5459 671 5499 eo.
686 5443 811 5513 Dixitque
825 5446 871 5499 uni
884 5446 917 5500 de
930 5446 1021 5517 pueris
1035 5447 1092 5503 suls
1107 5461 1116 5501 a

330 5557 340 5589 r
358 5533 435 5592 Pone
456 5534 537 5591 ollam
555 5534 696 5606 grandem,
719 5544 747 5591 ιι
763 5550 848 5605 coque
869 5536 1035 5606 pulmentum
1056 5538 1117 5594 liliis

330 5643 340 5677 ι
357 5625 565 5697 prophetarum,
583 5633 634 5680 etc.
653 5644 662 5676 ι
685 5623 761 5689 Erat,
775 5626 873 5694 inquit,
894 5624 977 5695 fames
996 5628 1118 5693 interro,

329 5733 386 5774 non
399 5716 486 5773 tames
496 5717 586 5788 utique
596 5718 685 5787 panis,
697 5731 748 5771 nec
758 5716 818 5772 sitis
830 5732 917 5787 aqua,
935 5718 982 5772 sed
996 5719 1120 5774 audiendi

328 5806 446 5864 verbum
473 5806 576 5862 [ιοιιιίιιί
593 5804 687 5879 (Amos
713 5804 784 5877 vm).
811 5803 846 5858 Et
866 5804 916 5874 filii
936 5806 1120 5877 prophetarum

330 5897 486 5954 ιιιιιιιιιιι
497 5911 586 5951 corum
596 5895 695 5962 Etiaeo,
708 5910 770 5951 cum
786 5895 833 5950 lllii
848 5907 1003 5951 sanctorum
1025 5883 1122 5968 praedi·

314 5992 469 6052 'ntorum
488 6005 497 6039 r
510 5986 556 6058 qui
569 5983 708 6041 ambulant
720 5984 748 6039 in
760 5984 948 6056 lege'Dumini,
961 5996 988 6043 et
1000 5995 1121 6043 ιιιιιιι-

1088 6127 1097 6156 Ι

1167 5088 1238 5145 sent,
1252 5080 1279 5134 id
1293 5087 1345 5145 est,
1369 5086 1408 5145 ut,
1424 5078 1570 5132 secundum
1584 5078 1650 5131 illud
1662 5076 1810 5144 Evangelii,
1827 5095 1836 5127 ι
1855 5077 1887 5132 dc
1900 5079 1958 5131 tlte-

1167 5171 1322 5235 sauro'suo,
1347 5167 1420 5223 velut
1435 5168 1525 5223 scriba
1546 5168 1651 5233 doctus,
1675 5169 1703 5222 in
1717 5182 1801 5237 regno
1827 5167 1956 5221 ciclorum

1168 5257 1306 5330 proferant
1327 5272 1396 5312 nova
1417 5266 1444 5312 et
1462 5265 1554 5312 vetera
1578 5256 1691 5327 (diutili.
1713 5262 1786 5327 ιιιι),
1801 5274 1811 5307 ι
1824 5264 1957 5328 quatenus

1168 5348 1267 5420 pabulo
1279 5348 1354 5403 verbi
1374 5345 1459 5401 divini
1482 5346 1646 5401 reficiantur.
1662 5344 1739 5411 Quod
1759 5344 1916 5416 mysterium
1930 5344 1957 5399 in

1169 5438 1315 5509 Evangelio
1329 5438 1454 5491 iteratum
1466 5436 1590 5505 legimus,
1606 5450 1667 5489 cum
1681 5435 1850 5489 infractione
1863 5453 1871 5485 ι
1882 5434 1958 5504 quin·

1171 5542 1224 5599 que
1235 5542 1346 5599 panum,
1361 5527 1480 5597 quinque
1493 5525 1576 5581 millia
1591 5524 1730 5580 hominum
1744 5522 1851 5597 (licitis.
1866 5524 1954 5597 xvv),i

1171 5632 1200 5677 et
1214 5623 1287 5683 item,
1311 5630 1433 5690 «septem
1447 5635 1556 5690 panum
1571 5627 1687 5688 quatuor
1707 5617 1791 5672 millia
1808 5618 1956 5682 hominum,

1171 5713 1270 5767 satiata
1294 5724 1354 5765 esse
1376 5717 1657 5770 commemorantum«
1677 5718 1705 5763 et
1730 5708 1834 5763 satiatis
1862 5706 1957 5771 turlvis,

1173 5819 1235 5860 cum
1260 5802 1425 5872 collegerunt
1449 5799 1590 5855 duodecim
1616 5800 1747 5869 cophinos
1774 5801 1831 5854 sive
1856 5807 1959 5867 septem

1174 5903 1281 5965 sportas
1305 5891 1517 5963 fragmentorum
1534 5890 1649 5963 (novin.
1674 5890 1765 5963 xv),›
1782 5890 1844 5958 quia
1869 5887 1959 5942 nullus

1175 5998 1218 6043 est
1231 5990 1276 6059 qui
1294 5995 1463 6043 sacramenta
1475 5985 1622 6056 Scriptura
1633 5986 1729 6041 divinae
1746 5996 1795 6054 per
1808 5980 1897 6037 ouuria
1914 6000 1960 6039 c·-
