4709 6767
360 556 411 610 ilbi
806 546 982 603 ceilttlliti.
1002 546 1036 601 tit
1057 541 1361 602 ecciesiasitetitt.
1383 574 1416 583 -
1435 542 1497 597 Llll.
1520 541 1551 599 vl
1945 543 1998 602 982

359 668 440 723 latins
453 661 545 719 saculi
567 675 653 730 usque
675 659 700 713 iu
720 658 800 713 inem
817 659 878 712 rite
892 662 1085 722 seruauerunt,
1101 657 1153 710 sic.
1169 660 1189 718 ‚t
1204 657 1250 726 qui
1266 655 1384 710 triticum
1399 664 1494 728 purgat
1508 653 1661 711 ventilando
1675 664 1830 723 concutere,
1847 657 1925 715 docet
1939 662 2000 716 urri-

359 775 413 832 quc
427 760 461 813 ad
473 770 601 812 lamnam
622 762 730 809 ceterum
743 752 806 806 ritae
819 757 1015 821 perrenerrrnt3
1031 748 1076 818 qni
1100 763 1156 801 nu·-
1205 748 1257 803 llus
1280 749 1359 804 iidem
1383 764 1398 802 a
1413 748 1519 804 diabolo
1543 748 1593 804 uisi
1617 746 1673 803 ilco
1694 749 1866 817 permittente
1881 755 1995 821 tentori;

358 851 402 921 gis
423 848 579 903 tiresunmm
603 843 740 898 celestem
766 855 847 911 qutun
880 847 1037 894 terrestrem
1058 838 1154 909 quaesi-
1204 838 1312 893 Satancc
1326 836 1425 908 quippe
1445 838 1479 892 ad
1494 837 1667 894 cribrandum
1690 838 1776 895 bonos
1789 846 1933 911 expetere,
1956 851 1998 899 est

358 950 451 997 currat.
469 958 479 992 r
493 937 567 993 Beati
579 949 712 1008 pauperes
724 934 832 1002 spiritu,
845 932 970 1002 quoniam
983 932 1102 1001 ipsorum
1113 938 1155 986 est
1204 930 1238 984 ad
1251 928 1424 985 afflictionem
1437 944 1531 986 eorum
1545 930 1654 986 multia
1665 930 1775 987 acubus
1788 931 1924 989 anhelare.
1938 935 1998 1003 Quo

358 1045 473 1102 regnum
492 1026 633 1083 emiorum.
650 1044 660 1076 r
676 1024 711 1077 iit
723 1022 767 1077 ille
777 1022 823 1093 qni
835 1021 933 1091 quaerit
949 1020 976 1075 in
993 1020 1155 1075 boemundo
1204 1019 1276 1075 enim
1289 1034 1382 1074 eorum
1396 1020 1572 1076 tentationem
1585 1020 1708 1076 inridens
1723 1022 1997 1093 superiacentium

355 1117 530 1191 loerrpletari,
551 1114 650 1171 arcrtit
668 1112 776 1170 oculum
797 1125 876 1166 suum
897 1125 913 1164 a
931 1110 1031 1165 timore
1050 1109 1106 1175 bei,
1127 1116 1156 1163 et
1204 1108 1280 1177 quasi
1303 1108 1489 1179 probationem
1509 1109 1658 1180 deprecans
1681 1112 1758 1182 petit.
1782 1112 1850 1169 Caum
1864 1130 1929 1171 rero
1948 1132 1998 1187 pro

357 1210 484 1281 seqnitur
502 1207 664 1280 cupiditates
684 1204 763 1261 istius
779 1202 884 1268 muudi,
903 1201 965 1257 ideo
981 1200 1086 1256 carebit
1104 1200 1154 1255 be·
1204 1198 1285 1256 Petro
1299 1214 1397 1273 rogans
1417 1200 1542 1257 Salvator
1556 1218 1609 1258 non
1631 1216 1661 1259 ut
1676 1214 1806 1273 tentetur,
1828 1207 1875 1263 sed
1892 1216 1921 1263 ut
1944 1227 1997 1266 nou

358 1297 517 1359 »edictione
533 1297 653 1352 caelestis
671 1294 761 1367 regni.
1204 1290 1312 1347 deiciat
1330 1291 1397 1348 tides
1409 1291 1468 1362 ejus
1481 1291 1614 1360 obsecrat,
1628 1296 1680 1350 boe
1693 1302 1748 1358 est,
1766 1308 1795 1350 ut
1812 1306 1873 1367 post
1893 1296 1997 1370 lapsum

398 1411 407 1444 ι
428 1390 506 1446 Sicut
525 1390 553 1445 in
571 1388 664 1445 modio
679 1386 847 1457 compaginis
866 1384 984 1455 lapidum
1003 1383 1079 1455 palus
1099 1382 1155 1453 dgr·
1203 1383 1357 1455 negationis
1369 1385 1403 1438 ad
1418 1391 1518 1440 statum
1532 1386 1676 1456 pristinum
1693 1386 1849 1458 pmnitcndo
1864 1399 1997 1461 resurgat,

360 1501 371 1533 ι
389 1490 446 1546 tur,
461 1481 502 1537 sic
515 1489 544 1536 et
560 1481 631 1535 iuter
646 1478 763 1533 nandium
778 1476 940 1533 venditionis
962 1483 989 1530 et
1010 1474 1154 1545 ereptionis
1205 1476 1323 1531 insinuat
1336 1476 1400 1532 rutile
1415 1477 1518 1533 sanctis
1537 1493 1597 1533 esse
1614 1480 1790 1534 tentationum
1805 1478 1921 1536 damulis
1935 1498 1999 1537 exa-

360 1591 372 1624 ι
390 1571 589 1643 angustiabitur
601 1568 730 1639 pcccatis.
749 1586 758 1619 r
780 1568 847 1637 Apte
860 1582 909 1636 per
924 1563 1152 1634 comparationem
1204 1568 1300 1623 ruinani
1309 1609 1316 1633 ,
1332 1576 1361 1622 ut
1375 1567 1416 1622 sel
1433 1570 1527 1624 mutati
1543 1571 1605 1641 qnia
1624 1570 1707 1626 iortes
1725 1571 1824 1628 inerint
1838 1581 1997 1643 appareant,

357 1664 412 1733 pali
428 1663 455 1718 iu
476 1662 565 1718 medio
579 1661 695 1731 lapidum
711 1660 766 1721 bxi,
781 1656 907 1727 exprimit
920 1656 1153 1725 interemptionem
1203 1658 1245 1713 rel
1257 1659 1365 1729 cognita
1380 1676 1429 1731 per
1443 1662 1604 1716 tentationes
1618 1677 1666 1715 sua
1684 1662 1854 1727 infirmitate,
1872 1655 1999 1721 tortiores

356 1765 388 1810 ct
401 1753 583 1809 venditionem
598 1752 749 1823 augrrstiam
764 1749 838 1803 arari
854 1764 862 1802 τ
878 1748 919 1804 eui
937 1755 990 1802 tam
1003 1750 1098 1802 deesse
1112 1747 1153 1801 vi·
1204 1748 1263 1803 lieri
1277 1749 1396 1813 discant,
1409 1759 1437 1805 et
1448 1750 1488 1806 sic
1501 1767 1562 1806 cum
1578 1752 1682 1820 probuti
1699 1751 1807 1818 iruerint,
1824 1753 1958 1824 accipiant
1972 1763 2000 1810 et

357 1843 625 1914 deturqnodluabet,
643 1857 724 1913 quam
742 1841 879 1910 qaorlnon
895 1840 996 1894 liniret:
1012 1838 1152 1907 quiadnm
1203 1842 1252 1912 ipsi
1273 1858 1400 1899 coronam
1416 1842 1478 1897 vira
1498 1858 1578 1912 quam
1601 1844 1754 1915 repromisit
1774 1843 1844 1899 neris
1864 1844 2001 1916 diligenti·
2070 1901 2073 1906 ,

359 1935 438 1990 timet
458 1935 583 1989 amittere
609 1934 681 2002 quod
704 1932 841 2003 possidet,
867 1938 895 1986 et
919 1930 1007 1985 aliena
1036 1943 1151 1999 rapere,
1204 1933 1256 1988 lius
1270 1948 1309 1987 se.
1360 1956 1362 1958 ·
1766 1973 1778 1994 ι

357 2025 451 2080 animo
474 2025 640 2079 incessanter
659 2024 752 2088 anlct,
778 2036 885 2092 semper
906 2020 980 2075 illum
1003 2001 1191 2100 sollicitudoB
1242 2044 1251 2076 r
1270 2023 1346 2078 Sicut
1358 2023 1500 2078 rrrstieatio
1514 2024 1546 2079 de
1559 2026 1633 2095 ligno
1651 2024 1768 2079 ostendit
1782 2024 1899 2080 iunctum
1915 2026 1998 2096 illine,

358 2115 441 2170 noxia
456 2122 571 2184 torquet.
590 2112 643 2168 Sed
665 2113 728 2169 licet
745 2113 790 2168 bie
812 2111 964 2182 lrrrjusmodi
989 2119 1152 2167 tormentum
1207 2134 1217 2165 ι
1236 2115 1276 2169 sie
1292 2114 1404 2169 verbum
1416 2115 1596 2186 excogitatum
1611 2114 1728 2168 iromiuis
1744 2130 1799 2170 eor.
1817 2133 1827 2166 r
1843 2116 1928 2184 Hujus
1941 2133 2001 2171 sen

357 2205 468 2271 babeas
485 2206 508 2261 si
523 2221 552 2263 se
565 2222 618 2261 nora
633 2205 790 2267 correxerit,
807 2212 912 2259 eertum
926 2210 969 2257 est
983 2212 1013 2257 ut
1035 2201 1153 2256 luteram
1205 2206 1295 2261 tentia
1314 2220 1424 2261 scnsrma
1445 2205 1570 2277 exposuit
1593 2205 1650 2275 ipsa
1665 2206 1771 2261 Veritas
1796 2207 1821 2260 in
1843 2206 1997 2279 Evangelio.

356 2300 489 2373 gebennas
508 2312 616 2369 poeuarn
631 2312 685 2353 non
698 2296 804 2352 evariat.
826 2294 876 2351 Ubi
896 2293 926 2349 tn
939 2292 1061 2366 pmleeto
1082 2290 1153 2363 quod
1204 2294 1250 2350 ubi
1265 2295 1303 2349 ait
1318 2313 1325 2349 :
1342 2313 1351 2346 ι
1370 2295 1543 2366 [inaquaeqne
1556 2296 1637 2351 arbor
1650 2312 1683 2351 ex
1697 2295 1784 2351 inretn
1800 2312 1849 2352 cun
1861 2299 2000 2370 cognosci-

358 2392 501 2463 seqnitnr:
1204 2393 1249 2441 tur
1264 2404 1271 2440 :
1286 2401 1374 2457 neque
1391 2387 1463 2442 enim
1478 2389 1512 2442 de
1526 2387 1612 2458 spinis
1624 2388 1753 2459 coliigunt
1773 2387 1848 2455 ileos,
1865 2406 1953 2460 neque
1967 2392 2000 2446 dc

397 2502 407 2536 r
425 2482 585 2538 &inuretur
595 2496 658 2537 eum
668 2480 841 2549 delinquente
854 2478 992 2534 delictum.
1011 2498 1020 2531 ι
1036 2479 1075 2533 lbi
1089 2494 1155 2550 crgo
1204 2476 1272 2533 rubo
1286 2477 1453 2532 vindemiant
1472 2492 1561 2531 rivum.
1585 2475 1675 2532 Bonus
1696 2478 1777 2534 burno
1798 2476 1832 2533 dc
1854 2479 1925 2533 bono
1940 2480 2000 2535 tire-

357 2582 450 2629 cessat
467 2574 643 2644 pecuniarum
659 2572 782 2636 ambitio,
803 2570 849 2625 ubi
870 2570 986 2639 raptoris
1006 2570 1095 2624 anima
1115 2570 1153 2624 si·
1204 2585 1286 2626 sauro
1301 2569 1390 2626 cordis
1408 2569 1449 2625 sui
1466 2568 1570 2639 proieci
1589 2568 1706 2633 bonnm,
1723 2577 1750 2625 et
1770 2570 1855 2624 malus
1869 2571 1950 2626 bomo
1965 2571 1999 2625 do

357 2663 416 2719 nrui
428 2671 565 2735 etcorpus
581 2663 729 2733 punientur
739 2661 767 2715 in
784 2660 909 2716 examine
926 2659 1080 2714 novissimo.
1099 2658 1152 2713 Sed
1204 2660 1276 2716 malo
1291 2661 1419 2716 thesauro
1433 2660 1536 2732 proicrt
1555 2661 1654 2715 malum
1670 2677 1676 2713 :
1692 2675 1724 2716 ex
1740 2660 1903 2717 abundantia
1926 2662 1999 2716 enirn

357 2756 422 2827 quia
438 2755 495 2812 sola
508 2764 551 2811 est
565 2769 646 2811 eausa
659 2768 709 2823 per
724 2766 805 2824 quam
820 2749 918 2806 salvari
932 2757 1021 2820 potest
1035 2750 1152 2804 humana
1203 2752 1295 2807 cordis
1314 2767 1346 2807 os
1365 2751 1485 2823 loquitur
1500 2751 1606 2823 (batti.
1622 2766 1678 2818 mr;
1701 2750 1764 2805 ιιι.
1781 2750 1830 2825 rr).
1855 2771 1864 2805 r
1886 2750 1998 2809 Certiora

357 2854 468 2913 enatura,
491 2845 628 2917 morundo
647 2845 705 2902 buc
728 2842 813 2899 muita
833 2843 911 2898 vitari
933 2842 1038 2912 possim
1056 2840 1153 2897 ‹liseri-
1203 2859 1268 2916 ergo
1282 2845 1347 2918 ligni
1365 2845 1393 2900 iu
1406 2844 1494 2900 irrrctu
1510 2846 1667 2900 manifestat
1679 2833 1837 2915 qualitatem
1850 2844 1935 2916 ipsius
1947 2860 1998 2901 sno

356 2936 443 3003 uuna,
452 2936 576 3006 prolium
588 2934 774 3007 subiungendo
784 2933 918 2989 ostendit:
1204 2936 1319 3002 cultori,
1333 2937 1396 3007 quia
1416 2938 1486 2993 bona
1506 2936 1587 2991 arbor
1605 2936 1710 2992 fruetus
1726 2937 1812 2991 bonos
1832 2934 1911 3004 iacit,
1928 2936 1998 2992 nrala

398 3047 408 3081 ι
428 3026 528 3084 Sinon
548 3027 576 3083 in
597 3027 696 3083 umore
713 3024 821 3082 beurim
837 3023 957 3080 muueris
971 3031 998 3079 te
1010 3023 1153 3090 instanter,
1205 3036 1295 3084 autem
1311 3029 1393 3084 arbor
1406 3028 1510 3083 imetus
1524 3027 1610 3083 malos
1620 3028 1700 3098 parit.
1712 3026 1762 3094 eri
1782 3028 1817 3083 sit
1831 3027 1935 3084 imctus
1945 3045 2000 3100 qno

359 3138 369 3172 ι
387 3118 444 3174 cito
456 3119 734 3176 subverteturdomus
744 3125 801 3172 tua.
816 3135 826 3168 ι
844 3114 1015 3171 lianiiestum
1027 3123 1071 3171 est
1081 3116 1153 3170 enim
1205 3117 1275 3173 mala
1298 3117 1403 3174 bonave
1419 3118 1537 3191 dignosci
1553 3117 1649 3174 debeat
1662 3118 1897 3189 arbordpostoius
1910 3129 2003 3176 osten-

355 3210 432 3283 quod
446 3210 528 3266 timor
541 3209 648 3266 Domini
661 3208 780 3265 bominis
792 3206 910 3263 custodit
924 3206 1024 3271 vitrum
1038 3206 1154 3275 perusi
1204 3208 1259 3274 dit,
1278 3207 1373 3264 diceus
1392 3223 1399 3263 :
1423 3227 1432 3260 r
1454 3207 1596 3264 llaniiesta
1616 3218 1705 3263 autem
1725 3216 1788 3264 suut
1806 3223 1887 3279 opera
1900 3210 2002 3278 earnis,

358 3303 522 3369 deseruerit,
532 3317 595 3358 mox
609 3302 782 3358 inimicorum
794 3299 900 3356 insidiis
910 3307 991 3369 atque
1003 3299 1154 3354 seductioni
1168 3347 1191 3408 C
1206 3312 1267 3369 quac
1281 3304 1344 3353 suut
1358 3297 1511 3363 fornicatio,
1528 3297 1714 3365 immunius,
1728 3297 1851 3364 luxuria,
1868 3298 2019 3355 idolorum·

356 3394 473 3467 patebit.
502 3411 512 3445 ι
538 3393 656 3449 'limenti
683 3393 756 3449 euim
783 3391 926 3447 Dominum
951 3405 1058 3460 semper
1084 3392 1158 3447 bone
1206 3388 1333 3455 cervinus,
1348 3387 1489 3455 seruicia,
1506 3388 1665 3454 inimicitiae,
1679 3389 1877 3457 contentiones,
1891 3390 2002 3445 amarla-

357 3486 430 3551 erit,
448 3506 459 3539 s
478 3484 542 3556 quia
563 3485 645 3541 timor
663 3484 771 3541 bomini
791 3482 851 3539 ious
865 3490 908 3538 est
926 3482 1003 3547 vita,
1025 3482 1110 3552 gloria
1127 3491 1155 3539 et
1207 3484 1303 3547 tiones,
1329 3482 1387 3551 irae,
1410 3484 1493 3549 rixae,
1517 3483 1708 3550 dissensiones,
1730 3485 1858 3551 hereses,
1883 3483 2001 3552 invidiae,

357 3576 455 3634 latitia
473 3584 502 3633 et
519 3590 622 3633 corona
635 3573 845 3632 exsultationis:
865 3588 946 3643 quem
962 3573 1008 3644 qui
1027 3574 1154 3639 tenuerit,
1206 3575 1367 3642 homicidia,
1384 3576 1540 3643 ebrietates,
1556 3578 1807 3642 commessationes,
1822 3585 1850 3633 et
1867 3577 1911 3634 lais
1926 3578 2003 3634 simi-

357 3668 407 3726 iiic
419 3668 551 3724 bonorem
561 3680 675 3737 opetum
686 3664 775 3737 dignis
794 3664 1019 3729 111011ῑὶ1θῶ11,
1033 3671 1061 3719 0⁸
1072 3665 1100 3719 in
1115 3663 1156 3718 iti·
1205 3670 1259 3736 iia,
1273 3687 1334 3742 quae
1348 3673 1466 3743 predico
1479 3674 1556 3731 robis
1570 3674 1641 3730 sieut
1657 3674 1787 3744 praedixi,
1813 3673 1941 3743 quoniam
1955 3673 2003 3744 qui

358 3765 424 3814 turo
450 3757 571 3815 munau
595 3764 624 3813 el
651 3756 780 3830 gaudium
806 3756 834 3812 in
859 3755 1025 3827 lungitudine
1051 3755 1155 3811 dierum
1206 3760 1271 3817 talia
1285 3772 1383 3834 agunt,
1399 3779 1510 3837 reguum
1528 3765 1576 3821 Dei
1591 3781 1645 3822 nou
1658 3776 1868 3837 consequentur.
1888 3765 2003 3822 Fructus

359 3827 483 3907 babebit.
1206 3858 1297 3906 autem
1312 3851 1424 3922 spiritus
1437 3862 1501 3908 sunt
1520 3852 1649 3920 ebaritas,
1665 3854 1803 3925 gaudium,
1817 3868 1881 3924 pax,
1894 3853 2000 3923 patien-

400 3961 411 3994 ι
429 3940 506 3998 Sient
521 3940 550 3996 iu
562 3954 725 4012 percussura
739 3939 822 3995 cribri
836 3938 989 3994 remanebit
1001 3937 1100 4010 pulvis,
1116 3938 1157 3994 sic
1206 3941 1259 4007 tia,
1286 3942 1487 4015 longanimitas,
1512 3945 1631 4011 bouitas,
1653 3945 1815 4016 benignitas,
1840 3944 1918 4011 iides,
1940 3960 2000 4001 mo·

362 4052 372 4086 r
389 4031 486 4103 'aporia
499 4031 618 4087 bominis
630 4031 657 4086 in
677 4031 795 4101 cogitatu
814 4028 895 4086 iliius.
911 4029 982 4085 llasa
1001 4028 1073 4100 iiguli
1093 4043 1156 4098 pro-
1206 4034 1302 4101 destia,
1317 4036 1481 4091 coutinentia
1498 4032 1597 4108 (Galat.
1609 4034 1647 4108 v).
1665 4056 1675 4089 ι
1692 4035 1764 4092 idem
1776 4050 1842 4108 ergo
1855 4036 2001 4093 thesaurus

363 4124 442 4180 ebat
456 4121 563 4188 ioruax,
577 4130 606 4178 ct
627 4121 751 4176 homines
772 4119 861 4189 justus
876 4121 988 4176 tentatio
1005 4118 1157 4175 tribulatio·
1207 4125 1310 4187 cordis,
1334 4126 1405 4195 quod
1429 4126 1505 4180 radix
1526 4134 1568 4181 est
1590 4126 1705 4192 arboris,
1728 4136 1756 4182 ct
1775 4125 1847 4197 quod
1866 4126 1900 4181 de
1919 4126 2002 4182 eorde

361 4216 445 4272 unis
462 4235 472 4269 ι
492 4213 667 4271 Conuenienti
688 4211 812 4282 exemplo
829 4212 949 4268 ostendit
968 4212 1093 4266 timorem
1109 4211 1156 4266 liei
1207 4215 1353 4287 profertur,
1373 4218 1443 4273 idem
1459 4227 1501 4273 cst
1518 4218 1590 4288 qnod
1609 4219 1714 4276 arboris
1730 4218 1845 4275 fruetus.
1865 4218 1916 4287 Qui
1935 4233 2002 4289 crgo

357 4323 479 4381 purgare
500 4308 622 4363 animam
639 4305 766 4362 bominis.
783 4303 860 4361 Sicut
871 4305 943 4360 euim
959 4303 1078 4359 cribrum
1091 4318 1157 4373 pur-
1207 4309 1364 4363 thesaurum
1379 4309 1405 4363 in
1417 4308 1498 4364 corrle
1508 4307 1645 4380 patientiae
1655 4308 1821 4380 perfectique
1835 4308 1914 4363 habet
1927 4323 2003 4362 amo·

357 4407 488 4472 gameuta
501 4396 614 4469 colligit,
626 4404 654 4453 et
664 4394 869 4467 granaapaieis
883 4394 1010 4459 secernit,
1025 4393 1061 4448 ita
1076 4394 1157 4450 umor
1208 4399 1261 4463 ris,
1276 4398 1392 4469 optimos
1410 4398 1537 4453 nimirum
1557 4397 1660 4454 iructus
1673 4398 1829 4466 edurrclens,
1848 4398 1936 4470 diligit
1951 4397 2003 4452 ini·

358 4489 412 4546 liei
425 4504 579 4560 peremant
594 4487 911 4559 atqucangoremanimi
925 4485 1156 4542 omnessordidns
1207 4490 1318 4555 micum,
1352 4488 1486 4545 beneiacit
1514 4490 1628 4557 odienti,
1656 4489 1791 4545 benedicit
1815 4487 1999 4552 maledicenti,

358 4581 541 4651 cogitationes
553 4597 570 4636 a
582 4581 664 4637 corde
677 4580 796 4651 expellit.
808 4579 842 4634 Et
856 4579 998 4635 sicutrasa
1010 4578 1083 4647 ilgoli
1093 4592 1156 4649 pro·
1207 4589 1268 4636 orat
1287 4596 1336 4651 pro
1357 4581 1548 4646 calumniante,
1564 4580 1726 4652 percutienti
1741 4595 1772 4635 se
1791 4578 1833 4634 vel
1847 4576 2003 4649 dispolianti

357 4675 409 4729 bat
424 4671 532 4727 namma
555 4671 685 4737 fornacis,
705 4672 744 4727 sic
759 4671 883 4727 honines
898 4668 987 4737 iustos
1009 4669 1121 4724 mundat
1140 4682 1155 4721 a
1171 4689 1262 4756 „nun
1276 4674 1434 4738 eructatur,
1449 4672 1522 4727 unul
1544 4671 1644 4743 parem
1659 4671 1767 4735 trinua,
1781 4684 1829 4725 sua
1842 4667 1932 4723 antara
1947 4681 2002 4720 nou

358 4767 483 4838 peccatis
495 4766 609 4822 lenutio
622 4764 813 4821 tribulationis.
831 4762 932 4834 liparia
947 4762 1018 4817 enim
1031 4759 1154 4822 Graecum
1208 4765 1322 4837 repetit,
1346 4778 1399 4819 uon
1417 4762 1551 4833 jrrtlieare,
1575 4778 1627 4818 uon
1652 4763 1834 4818 condemnare
1855 4759 2003 4823 desiderat,

359 4871 462 4913 nomeu
477 4864 528 4921 est,
542 4863 571 4911 et
582 4855 778 4926 interpretatur
789 4852 882 4919 fluxio,
894 4852 937 4908 rel
951 4850 1092 4915 derivatio,
1106 4850 1155 4905 sti-

359 4943 454 5001 mulus
467 4946 526 5002 sive
537 4944 677 5010 molestia;
695 4952 784 5015 potest
796 4952 823 4999 et
837 4944 865 4999 iu
878 4941 961 4999 cribri
975 4942 1084 4998 nomine
1098 4947 1158 4995 ten-

359 5037 431 5092 tatio
451 5035 560 5093 &unm
578 5035 700 5107 intelligi.
723 5035 762 5091 iic
776 5036 829 5092 boe
843 5035 933 5091 cribro
951 5035 1009 5103 ipse
1027 5032 1157 5090 bernium

359 5128 530 5183 mentionem
551 5126 616 5184 iacit
638 5127 666 5181 iu
688 5126 833 5197 Evangelio
855 5125 948 5181 dicem
966 5123 1001 5180 ad
1019 5122 1154 5179 Petmm:

362 5238 373 5272 ι
394 5218 490 5275 Simon
510 5218 615 5285 Simon,
631 5234 695 5275 ecee
716 5218 832 5275 &lanas
843 5217 973 5288 expetivit
985 5231 1044 5283 ros,
1057 5224 1088 5272 ut
1101 5216 1156 5271 cri·

359 5313 459 5369 bearet
473 5313 545 5367 sieut
559 5313 688 5370 triticum.
714 5314 770 5384 Ego
784 5321 873 5369 autem
896 5311 987 5383 rogari
1010 5325 1060 5382 pro
1074 5320 1111 5378 te,
1125 5316 1158 5367 nt

359 5419 419 5460 non
438 5404 546 5461 deiiciat
561 5404 628 5462 ides
647 5413 691 5460 tua
710 5406 786 5479 (lec.
801 5404 879 5477 xxii).
898 5423 908 5455 r
924 5404 963 5460 lie
977 5403 1158 5474 gloriarentur

358 5495 490 5552 enemim
502 5496 627 5567 apostoli,
643 5498 735 5553 suisve
746 5496 849 5552 viribus
862 5488 1012 5551 tribuerent
1024 5494 1095 5565 quod
1106 5492 1157 5549 ooli

358 5600 434 5658 pone
447 5585 520 5641 inter
536 5593 576 5643 tot
588 5586 675 5644 millia
688 5585 842 5642 ludaeorum
857 5586 1010 5641 dicerentur
1029 5585 1056 5640 iu
1075 5591 1160 5640 tenta·

358 5676 485 5732 tionibus
501 5679 683 5747 permusisse
696 5693 758 5734 cum
779 5677 904 5742 llomiuo,
919 5677 1036 5731 ostendit
1055 5684 1083 5731 et
1100 5690 1158 5739 eos,

357 5770 384 5825 si
400 5783 457 5823 nou
476 5766 599 5838 juvantis
614 5784 643 5824 se
666 5769 771 5824 Domini
793 5776 883 5823 esseut
902 5765 1079 5837 opitulatione
1099 5779 1149 5834 pro

358 5858 440 5925 teeti,
457 5859 552 5916 eadem
566 5860 689 5930 procella
705 5875 766 5914 com
785 5860 890 5914 ceteris
910 5857 1029 5928 potmsse
1044 5855 1157 5911 eorrteri.

361 5957 465 6015 l‘erum
486 5972 546 6012 cnm
567 5950 688 6018 bertarius
707 5956 807 6026 expetit
826 5970 873 6010 eos
893 5963 1010 6019 tentare,
1030 5961 1057 6007 et
1076 5950 1159 6006 veluti

1207 4865 1342 4914 errantem
1362 4856 1496 4928 patienter
1512 4863 1688 4926 amanterque
1709 4852 1837 4924 corrigit,
1856 4860 1884 4907 et
1904 4858 2004 4905 eaetera

1207 4963 1268 5020 quae
1282 4960 1363 5018 supra
1377 4944 1501 5003 Salvator
1513 4944 1629 5002 edocuit.
1647 4944 1683 5000 tlt
1698 4943 1744 5014 qui
1758 4956 1874 5013 nequam
1891 4941 2003 4997 mosara

1208 5056 1267 5096 rurn
1279 5039 1361 5096 eorde
1380 5045 1482 5103 servm,
1496 5038 1555 5093 odit
1574 5037 1700 5101 amicmn,
1716 5034 1853 5092 maledicit
1871 5032 2004 5106 diligenti,

1209 5129 1346 5187 maledicit
1370 5126 1559 5195 benedicenti,
1585 5134 1613 5184 et
1638 5135 1821 5198 ceteraque
1847 5123 2005 5180 bominicus
2112 5154 2125 5164 -

1210 5234 1300 5275 serum
1317 5218 1462 5288 redarguit.

1248 5310 1347 5367 «Ante
1369 5325 1520 5367 sermonem
1542 5326 1595 5370 non
1617 5310 1833 5372 iaudesvirum:
1856 5311 1912 5368 baec
1931 5308 2004 5367 eninr

1213 5419 1223 5454 r
1242 5401 1354 5458 montio
1364 5409 1406 5457 est
1422 5401 1572 5460 homiuum.
1591 5422 1601 5456 r
1617 5399 1647 5459 st
1659 5416 1749 5458 sermo
1761 5400 1811 5459 viri
1823 5400 1947 5463 enuntiat
1959 5413 2007 5454 eo·

1211 5491 1324 5566 piatum
1346 5491 1428 5559 iliius,
1447 5492 1524 5547 decet
1542 5506 1607 5563 ergo
1627 5501 1658 5549 ut
1679 5506 1759 5549 neruo
1771 5489 1886 5549 alterurn
1904 5487 2003 5553 laudet,

1212 5595 1357 5655 antequam
1371 5600 1432 5640 eum
1446 5584 1555 5655 dignum
1569 5583 1647 5639 laude
1659 5582 1811 5642 manifestis
1824 5580 1930 5637 iudiciis
1941 5593 2004 5650 pro-

1211 5676 1271 5741 bct;
1288 5683 1315 5729 et
1328 5676 1390 5745 quia
1413 5690 1502 5729 sermo
1516 5690 1586 5744 scope
1608 5673 1635 5728 in
1651 5674 1799 5743 Scripturis
1813 5687 1861 5741 pro
1877 5668 2004 5739 operibus

1211 5766 1329 5835 ponitur,
1345 5773 1435 5836 potest
1450 5765 1493 5819 bic
1507 5780 1596 5820 securo
1609 5780 1660 5835 pro
1674 5765 1780 5819 actione
1794 5759 1890 5829 accipi,
1912 5765 1942 5811 ut
1956 5772 2002 5811 ne·

1213 5858 1312 5912 rriinem
1333 5866 1395 5910 ante
1418 5856 1602 5925 probationem
1625 5856 1755 5910 bonorum
1780 5858 1888 5906 actarum
1910 5844 2002 5901 laude·

1213 5965 1282 6004 mus.
1307 5948 1371 6004 lude
1392 5948 1456 6001 alibi
1478 5948 1689 6016 scriptumest:
1711 5964 1721 6001 r
1740 5942 1798 6001 b'on
1823 5941 1915 5999 laudes
1941 5946 2003 5997 ante
