4709 6767
365 612 450 668 ''mz-
700 606 734 659 lt.
754 600 883 658 RABANl
901 601 1011 660 multi
1030 601 1191 660 anensem
1212 602 1367 661 nonunt.
1388 603 1531 663 ernnust
1550 605 1640 664 PARS
1657 603 1680 664 Ι.
1958 612 2021 672 Μ

364 726 477 779 semine
502 722 677 778 nuscitumm.
701 717 754 772 alit
772 724 897 773 assernat
918 717 1028 787 quosvis
1053 727 1164 773 sanctos
1176 717 1202 777 Α
1216 722 1269 782 tur,
1282 717 1353 788 quod
1368 718 1394 773 in
1408 719 1524 775 sublime
1533 719 1707 778 aedificaverit
1720 722 1811 790 llello,
1822 728 1899 786 ande
1911 727 2018 788 atr·-

375 817 448 871 viros
461 822 548 869 morte
561 805 663 867 terreri
671 817 783 881 propter
794 808 929 865 incertam
940 809 1034 879 judicii
1048 818 1077 865 ot
1091 811 1165 880 igno·
1216 808 1307 878 templi
1320 809 1494 866 deambulans
1514 812 1542 866 in
1560 817 1629 867 tum
1645 811 1738 883 palatii
1751 812 1899 885 despicere
1916 815 2014 880 ath

375 909 508 965 rationem
520 903 667 961 sentcntiae
678 902 736 967 bei,
753 917 835 972 quam
854 901 947 958 sedem
962 901 1082 958 habituri
1099 901 1163 957 sint
1215 899 1261 955 sit.

374 992 1165 1069 Simalqoelactiquestiosolvitnr‚acncoessitatisvincula
1252 989 1312 1060 lpse
1327 1000 1365 1046 est
1377 991 1506 1049 Ezechias
1525 995 1570 1065 qai
1583 995 1715 1051 oltsrmit
1732 999 1896 1069 mpertmm
1915 999 2008 1072 [aaa

372 1101 453 1161 atque
460 1102 615 1151 caumrum,
623 1085 874 1155 qrrodnequaquara
883 1082 940 1138 dies
950 1081 1165 1153 mortissingulis
1215 1097 1345 1152 aquaram
1360 1082 1456 1150 Giton,
1478 1095 1503 1139 et
1522 1086 1615 1140 socrat
1638 1102 1684 1142 ena
1703 1087 1739 1142 nd
1753 1088 1927 1148 breuem
1941 1093 2007 1151 ari'a

361 1182 523 1253 prestitum
545 1179 591 1245 sit,
606 1179 654 1234 sed
666 1177 806 1234 voluntate
817 1175 865 1231 llci
884 1182 912 1230 et
926 1175 1025 1247 ignotis
1043 1175 1165 1232 mortali-
1215 1170 1316 1237 Dnoid,·
1337 1173 1365 1227 ir
1384 1175 1504 1229 omnihus
1522 1176 1643 1246 operibat
1661 1178 1717 1233 anis
1734 1179 1796 1249 [ecit
1814 1196 2007 1256 prosperequ

369 1272 421 1327 bus
439 1271 538 1334 causis,
557 1268 600 1325 rel
613 1268 688 1323 vivat
706 1265 813 1336 aliquis,
830 1264 872 1321 vel
891 1264 1033 1332 moriatur,
1053 1279 1166 1335 praeser-
1215 1262 1310 1326 nottit,
1335 1271 1452 1318 attamen
1474 1265 1502 1319 in
1526 1263 1656 1336 legatione
1681 1268 1829 1341 principans
1853 1270 2008 1343 Belgica,

370 1362 420 1417 tirn
440 1376 503 1417 eum
522 1368 552 1416 et
565 1365 666 1415 statuta
684 1371 758 1413 nnnc
774 1356 870 1413 mortis
887 1356 1038 1412 necessitas
1057 1354 1165 1411 dillera·
1214 1351 1259 1421 qni
1272 1353 1345 1407 mitti
1361 1352 1466 1421 iseram
1477 1355 1513 1409 nd
1523 1372 1584 1412 eam
1598 1366 1625 1411 st
1637 1358 1829 1429 interroaneat
1841 1361 1876 1416 ds
1889 1373 2007 1433 m

369 1461 426 1519 tur,
436 1458 535 1523 etpost
545 1457 660 1505 mortem
671 1445 846 1503 resuscitatos
859 1444 992 1516 plurimos
1005 1445 1162 1517 legerimus.
1213 1442 1284 1512 qaod
1297 1442 1429 1498 acciderat
1451 1462 1529 1515 saper
1550 1455 1657 1512 terreas,
1678 1448 1898 1521 dereliquisset
1917 1451 2008 1508 bani·

370 1543 405 1598 nr
415 1543 569 1614 priaaqsnm
581 1535 843 1611 eqrorlerctarlanias
853 1535 967 1591 medieas
977 1545 1079 1607 partem
1089 1535 1162 1603 atrii,
1214 1549 1264 1588 aas
1280 1543 1309 1589 at
1328 1544 1473 1592 tentaretur
1484 1547 1510 1592 et
1526 1548 1588 1594 soto
1602 1540 1695 1609 tierent
1711 1542 1798 1598 amrin
1808 1558 1870 1615 Μ
1886 1555 1965 1602 σω
1981 1546 2007 1607 tr

371 1635 457 1704 factm
474 1640 514 1688 est
530 1646 617 1687 senno
630 1628 737 1685 Domini
753 1628 789 1683 art
809 1643 869 1683 caat
887 1626 998 1683 dicens:
1016 1626 1162 1694 llemrtere,
1213 1625 1378 1696 cordesius.
1401 1626 1562 1684 Portentum
1586 1630 1658 1699 quod
1682 1631 1750 1687 dicit
1771 1633 1908 1690 accidisse
1930 1648 2008 1705 aner

368 1733 393 1777 et
416 1723 459 1777 die
471 1722 594 1778 Ezechiae
605 1720 666 1774 duci
689 1717 779 1789 populi
802 1717 854 1773 mei
871 1733 882 1773 .·
902 1716 998 1771 ladini
1019 1718 1163 1796 orationem
1214 1726 1326 1782 terram,
1350 1716 1415 1774 solis
1438 1718 1572 1789 significat
1593 1721 1710 1778 reditum
1730 1737 1781 1793 per
1798 1723 1889 1781 lineas
1903 1725 2007 1796 decen,

369 1825 453 1876 tunsa,
466 1811 521 1867 aidi
535 1809 681 1880 lacrymam
696 1817 781 1861 taem.
801 1806 869 1862 Eece
884 1806 977 1861 marni
990 1814 1024 1860 te.
1040 1804 1163 1877 binitqae
1214 1807 1247 1862 de
1261 1822 1315 1876 quo
1329 1809 1513 1878 supradictum
1527 1819 1578 1868 est.
1590 1812 1631 1868 hd
1644 1813 1697 1870 hoe
1709 1814 1782 1870 enim
1794 1816 1961 1883 mysterium
1972 1818 2008 1874 la·

369 1902 498 1957 Ezechias
510 1900 545 1954 nd
557 1899 675 1953 laniem:
688 1896 765 1965 Quod
778 1898 828 1952 erit
839 1898 942 1967 aiqncm
954 1896 1024 1966 qamt
1035 1895 1162 1951 Dominus
1213 1897 1374 1966 quirendum
1392 1898 1473 1970 legati
1491 1899 1635 1973 Babylonis
1653 1912 1786 1960 venerunt
1799 1906 1835 1961 ad
1849 1904 2006 1964 &emim

370 2010 410 2047 rnre
425 1991 547 2047 sanarat?
562 1986 613 2044 Gai
626 1987 751 2059 propbeta
766 1986 897 2055 respondit
908 2001 918 2039 .·
930 1982 987 2038 lloe
996 1984 1045 2038 erit
1059 1985 1162 2055 siquam
1213 1986 1269 2043 Sed
1285 1989 1430 2059 dereliquit
1444 2004 1506 2046 enm
1520 1989 1652 2049 Dominus
1668 1997 1940 2067 vimaranensi
1956 2013 2006 2054 ssa

369 2103 385 2140 n
407 2085 537 2150 domiso,
565 2080 635 2153 qnod
659 2079 780 2149 [notariis
803 2077 836 2132 sit
863 2076 992 2132 Dominus
1015 2090 1158 2130 termonem
1174 2064 1197 2124 B
1210 2076 1354 2132 cohibebat
1363 2092 1425 2133 eum
1435 2093 1485 2149 per
1489 2082 1649 2151 prophetam
1658 2095 1691 2136 ne
1699 2085 1856 2141 ostenderet
1864 2086 2006 2144 [limaret

369 2192 445 2247 qoem
460 2174 564 2229 loeutus
581 2179 629 2226 est.
654 2168 699 2224 tis
719 2177 747 2223 nt
766 2167 891 2223 emendet
909 2165 1002 2220 nmlrn
1020 2175 1056 2219 tot
1075 2164 1160 2230 lineis,
1213 2179 1278 2220 suos
1295 2174 1322 2219 ct
1334 2166 1475 2223 thesauros
1486 2167 1583 2225 domus
1594 2170 1700 2226 bomini
1714 2171 1887 2244 alienigenis,
1901 2183 1932 2231 et
1945 2184 2005 2232 nott

370 2278 415 2324 nat
437 2276 465 2322 at
488 2273 633 2320 reuertatur
656 2261 764 2316 totidem
783 2259 928 2331 qrmliias?
947 2256 996 2312 Gai
1012 2258 1078 2311 dicit
1095 2254 1163 2312 llae-
1213 2253 1316 2310 laceret
1334 2258 1425 2313 omnia
1441 2274 1503 2329 que
1515 2269 1593 2315 erant
1608 2260 1636 2316 in
1649 2262 1731 2318 corde
1743 2264 1813 2335 ejus,
1828 2266 1883 2324 hoe
1896 2275 1950 2333 est,
1967 2282 2006 2323 ra·

363 2358 442 2413 cirins
458 2374 468 2412 :
485 2356 520 2412 lit
539 2354 673 2428 [amicost
693 2352 814 2408 matram
832 2366 947 2405 erescere
967 2350 1055 2404 decem
1073 2346 1161 2415 lincis,
1212 2346 1317 2402 occulta
1329 2347 1411 2404 elatio
1424 2350 1535 2418 mentis,
1556 2365 1607 2421 qua
1632 2367 1724 2408 coram
1739 2354 1794 2410 lleo
1814 2358 1952 2427 peccarit,
1972 2364 2004 2420 a

368 2466 415 2504 nee
426 2449 474 2503 ltoe
485 2447 541 2504 mlo
552 2456 579 2501 et
591 2445 649 2515 fiet,
660 2443 706 2499 sed
717 2452 746 2497 at
759 2449 906 2498 revertetur
917 2449 1060 2495 retrorsum
1073 2438 1162 2494 decem
1213 2436 1337 2492 notitiam
1352 2437 1491 2494 hominum
1506 2455 1555 2511 per
1569 2439 1693 2497 effectum
1706 2444 1788 2513 primi
1801 2448 1895 2516 operis
1908 2451 2004 2519 prode

366 2541 504 2613 qradiies.
520 2539 638 2611 Csnrqne
657 2537 794 2592 innocente
811 2531 885 2588 lenia
899 2532 1042 2603 potentiam
1054 2530 1162 2586 Domitii
1211 2536 1328 2583 oeream.
1354 2528 1431 2586 Unde
1451 2530 1549 2587 nerito
1569 2533 1675 2603 prolata
1699 2534 1819 2591 vindicta
1841 2537 1871 2593 in
1894 2554 1958 2598 cans
1977 2551 2004 2599 et

366 2633 471 2703 mgnum
485 2639 549 2688 esset
565 2626 824 2699 effeetemprceepit
837 2623 925 2679 lanius
939 2622 1031 2693 afferri
1045 2638 1161 2678 mmmm
1212 2618 1264 2674 sibi
1277 2619 1459 2691 obsequentes
1477 2623 1639 2680 ostenditur.
1646 2622 2006 2702 lqiturqnampernieim

369 2725 481 2794 iconias
491 2722 645 2784 recentiam,
660 2734 740 2790 qnam
752 2731 811 2771 cam
822 2713 969 2769 attulissent
980 2722 1005 2767 et
1014 2713 1160 2785 posuissent
1211 2712 1248 2767 sit
1267 2713 1406 2769 hominum
1425 2714 1567 2773 animabus
1584 2717 1740 2775 cenodoxiae
1758 2719 1866 2786 vitium,
1882 2721 2004 2780 mesu·

367 2831 398 2868 an
403 2830 449 2883 per
463 2812 557 2867 natam
569 2809 638 2880 ejas,
654 2816 761 2861 caretas
775 2816 814 2860 est
829 2802 855 2875 (l
862 2801 883 2857 l'
893 2802 955 2874 itaq.
971 2802 1028 2874 rr).
1212 2800 1313 2859 lactum
1334 2803 1479 2862 manifeste
1491 2804 1669 2875 demonstrat,
1683 2810 1747 2879 qnia
1758 2809 1786 2865 in
1798 2811 2003 2871 omnibuacsa-

405 2901 560 2957 licvertitnr
584 2907 675 2953 autem
709 2894 744 2950 ad
766 2909 858 2964 regem
894 2894 1027 2965 propheta
1053 2890 1160 2948 Domini
1211 2902 1351 2949 summatae
1363 2894 1477 2966 justitiae
1492 2904 1521 2953 et
1532 2905 1688 2954 maclarum
1703 2898 1910 2972 scripturarum
1931 2903 2003 2960 testi·

362 2994 496 3064 jussione,
515 3000 546 3047 ut
561 2991 618 3061 ipse
632 2995 742 3045 sanaret
758 2987 803 3058 qui
818 2993 1000 3058 percusserat,
1013 2992 1161 3041 etvocatnr
1210 2982 1302 3038 monio
1325 2986 1527 3056 comprobatur,
1552 2986 1600 3043 sed
1622 2996 1686 3058 post
1705 2979 1847 3046 innumera
1872 2991 2003 3050 virtum·

365 3084 497 3144 Encelsias
512 3085 566 3140 dux
578 3081 670 3154 populi
683 3081 749 3148 mci,
761 3088 789 3136 ct
802 3077 979 3144 lilinsllavid,
990 3075 1067 3147 cujus
1078 3089 1160 3148 opcra
1210 3076 1344 3146 praeconia
1365 3092 1420 3133 nno
1440 3078 1568 3135 clationis
1589 3079 1642 3136 telo
1665 3079 1754 3137 inerat
1774 3081 1892 3154 ejectus.
1910 3083 2003 3142 Tanta

365 3176 529 3232 nocebatur.
550 3172 664 3229 Fecerat
679 3171 752 3227 enirn
774 3178 879 3226 rectum
894 3168 973 3241 Juxta
992 3168 1082 3225 omnia
1098 3183 1160 3240 que
1207 3169 1320 3241 justitie
1330 3176 1465 3241 tantaeque
1475 3171 1600 3239 virtutes,
1616 3181 1692 3228 tanta
1706 3172 1774 3229 lldes
1785 3182 1871 3245 atqne
1884 3176 2002 3246 daretis,

366 3263 430 3320 iecit
444 3262 529 3318 llarid
550 3269 629 3332 pater
653 3260 721 3331 ejus,
743 3259 821 3331 cujus
839 3273 922 3329 opera
944 3259 1110 3325 sectabatur,
1131 3266 1160 3314 et
1209 3278 1270 3334 qnae
1283 3270 1408 3318 naturam
1428 3262 1513 3334 ipsam
1526 3265 1649 3322 ettotius
1662 3265 1754 3321 mnndi
1767 3266 1843 3339 leges
1857 3268 2002 3324 immutare

367 3356 475 3413 auditur
493 3351 553 3422 dus
573 3352 661 3408 oratio
679 3351 859 3420 videnturque
878 3348 1014 3422 lacrymat,
1030 3349 1158 3420 quoniam
1210 3360 1383 3421 mernerunt,
1407 3370 1461 3409 nna
1477 3356 1610 3426 iactantia
1629 3357 1787 3429 depereunt.
1810 3358 1849 3416 lta
1868 3360 2002 3417 universis

253 3477 257 3483 ·
365 3444 550 3502 ambulaverat
562 3456 661 3513 ‚wem
672 3439 788 3495 Domino
800 3439 829 3494 in
842 3438 958 3493 veritate
981 3445 1010 3493 et
1033 3438 1061 3494 in
1076 3440 1158 3495 corde
1171 3421 1194 3485 C
1209 3444 1355 3500 virtutibus
1368 3445 1425 3500 suis
1435 3460 1469 3500 ac
1482 3447 1506 3502 si
1526 3461 1577 3503 nes
1590 3445 1708 3504 luissent
1730 3448 1861 3506 oblivioni
1886 3452 2001 3519 trians,

364 3535 496 3610 perlecto,
511 3544 538 3590 et
553 3533 665 3588 deterat
686 3531 749 3586 lletu
772 3545 882 3599 magno,
901 3538 929 3585 ct
943 3530 1014 3600 quod
1028 3529 1158 3600 placitum
1208 3533 1538 3592 iramconlestimllomini
1548 3538 1722 3608 suscepisset,
1731 3539 1852 3596 nisieam
1864 3550 2002 3614 numpta

365 3635 425 3683 erat
437 3626 465 3679 iu
478 3622 564 3680 oculis
574 3622 634 3693 ejus
644 3620 757 3686 lecerat,
771 3618 990 3690 adjiciunturque
1004 3620 1158 3690 quindecira
1208 3625 1360 3681 hnmilitate
1374 3630 1518 3697 placasset,
1539 3637 1569 3684 nt
1586 3630 1632 3699 qui
1646 3632 1680 3686 de
1696 3637 1752 3686 tam
1765 3631 1876 3690 eandm
1892 3634 2002 3690 raedb-

364 3718 430 3776 anni
441 3717 476 3773 ad
487 3717 584 3782 vitam,
595 3729 664 3787 qnos
676 3713 721 3770 illc
733 3728 786 3769 non
797 3713 992 3783 postulaverat,
1007 3722 1036 3769 et
1049 3713 1159 3784 insuper
1208 3732 1268 3772 runs
1293 3716 1400 3788 tasngto
1417 3717 1534 3775 clatione
1554 3719 1681 3791 implente
1699 3721 1854 3789 deciderat,
1883 3722 2000 3780 nonald

360 3813 473 3869 nirenta
487 3826 521 3867 eo
536 3809 612 3883 regni
627 3808 760 3866 securitas
773 3806 980 3878 repromittitur.
996 3804 1157 3874 sinautem,
1207 3825 1257 3881 per
1271 3811 1379 3866 eosdem
1393 3826 1501 3868 rursum
1515 3812 1678 3869 humilitatis
1690 3812 1790 3885 gradus
1803 3814 1838 3870 ad
1852 3816 2000 3873 adnisu

355 3916 397 3962 ,ut
414 3904 524 3976 quidam
545 3908 652 3974 putant,
676 3901 705 3955 in
722 3914 837 3969 corpore
853 3899 945 3955 virere
968 3900 1158 3958 condemnatio
1208 3901 1314 3959 culmen
1338 3903 1508 3959 ascenderet.
1532 3903 1630 3961 Omnia
1655 3906 1720 3961 vitia
1744 3916 1873 3977 superata
1898 3919 2000 3964 raarce·

352 4008 417 4065 .cst,
429 3996 553 4069 et,jurta
566 3994 632 4051 illud
644 3994 714 4064 qnod
728 3992 1002 4057 dicitnr.lierertere‚
1016 3994 1116 4061 anime,
1129 3996 1158 4050 in
1208 4003 1297 4061 scunt,
1321 4005 1349 4051 et
1362 3995 1466 4053 devicta
1486 4013 1534 4068 per
1549 3998 1669 4069 singulos
1687 3998 1745 4054 dies
1766 3995 1921 4056 inllrmlora
1941 3997 2000 4056 red·

357 4073 480 4161 requiam
494 4098 567 4143 tantvs
581 4084 754 4159 (Partem),
772 4093 800 4141 et
823 4085 850 4140 in
864 4084 917 4141 alio
941 4085 1001 4141 loco
1014 4103 1021 4139 ε
1036 4084 1112 4139 Edac
1125 4086 1158 4141 de
1208 4085 1320 4151 duntur,
1329 4093 1357 4141 et
1367 4086 1407 4140 vel
1417 4087 1476 4142 looo
1486 4086 1527 4141 vel
1541 4095 1662 4157 tempore
1674 4088 1846 4154 minuuntur,
1857 4101 1941 4162 atque
1953 4089 2000 4148 ὼ·

354 4197 469 4236 -enreerc
481 4180 597 4233 enimam
609 4191 696 4231 menas
708 4174 795 4248 (Psel.
804 4174 888 4249 urst),
901 4177 1019 4248 optanda
1029 4183 1071 4231 est
1084 4190 1158 4232 mors
1207 4173 1323 4240 ferrent,
1339 4192 1387 4232 sen
1404 4185 1479 4232 certe
1497 4194 1512 4232 a
1527 4179 1672 4235 contrariis
1690 4179 1836 4236 virtutihus
1849 4181 1998 4240 desioeath

366 4280 396 4326 nt
418 4270 451 4325 de
470 4282 582 4325 carcere
602 4265 761 4334 liberemur,
781 4266 920 4336 quomodo
943 4281 1016 4321 nunc
1029 4265 1159 4323 Dominus
1207 4267 1250 4323 vel
1264 4278 1394 4324 caventur
1406 4268 1512 4325 lacilins
1524 4269 1565 4324 vel
1579 4269 1708 4325 nitantur.
1725 4269 1772 4327 Sic
1783 4285 1852 4328 vero
1864 4271 1998 4345 deien-

365 4365 448 4418 rlonat
466 4377 516 4433 pro
535 4360 667 4418 municio
686 4368 717 4415 nt
738 4362 784 4432 qui
807 4360 962 4417 liberandus
988 4369 1048 4416 erat
1070 4360 1158 4418 adhuc
1207 4361 1298 4417 acrius
1316 4370 1440 4433 resurget
1458 4363 1494 4417 ad
1512 4362 1620 4430 luctam,
1635 4368 1663 4418 et
1682 4378 1745 4419 cnm
1765 4371 1882 4435 putatur
1897 4365 1998 4423 castla-

356 4454 519 4524 -qnindccim
534 4453 614 4509 annis
630 4452 705 4507 vivat
722 4452 749 4507 in
761 4452 995 4508 >earcerelbatur
1015 4462 1106 4508 antem
1120 4452 1157 4507 si-
1206 4459 1292 4518 ctnm‚
1316 4467 1364 4508 sua
1385 4461 1471 4511 morte
1491 4454 1612 4509 vivacius
1631 4453 1804 4509 convalescit.
1830 4451 1935 4511 Cetera
1954 4468 1997 4528 ge·

353 4539 1157 4614 ‚gnumntsoldecem‚gradihnsrevortatur,quosnosjuata
1206 4558 1272 4599 nera
1288 4544 1415 4598 vitiorum
1438 4558 1485 4600 cos
1509 4545 1695 4601 antummodo
1717 4544 1880 4615 impugnare
1900 4545 1995 4610 salut,

367 4633 560 4704 Symmachum
580 4634 608 4689 in
620 4632 715 4690 lineas
728 4642 756 4690 et
768 4634 936 4707 horologium
951 4634 1092 4702 vertimus,
1110 4634 1156 4706 qul
1207 4649 1276 4707 qnos
1293 4633 1321 4689 in
1338 4634 1487 4690 certamine
1503 4642 1675 4705 superarunt.
1695 4634 1745 4692 llic
1757 4651 1824 4694 vero
1837 4652 1904 4694 suos
1914 4637 1998 4694 ricto·

366 4718 467 4793 gradus
480 4724 613 4780 intellexit
632 4724 660 4779 in
675 4724 764 4789 lineis,
778 4733 809 4778 nt
820 4724 1034 4780 manifestiorem
1046 4737 1160 4780 sensum
1208 4739 1253 4781 res
1269 4723 1360 4780 acrius
1378 4723 1539 4791 insectatur,
1553 4733 1709 4796 quantoque
1723 4724 1809 4781 luerit
1820 4726 1938 4786 validius
1950 4727 1997 4785 elt-

360 4815 518 4885 tcgenttbus
531 4814 648 4881 lacerem
671 4815 729 4871 sive
746 4814 785 4869 ita
806 4821 886 4869 eram
904 4815 1036 4870 exstructi
1055 4777 1288 4887 gradusnsnm,
1310 4821 1387 4871 tanto
1408 4815 1595 4872 vehementius
1619 4816 1742 4871 victorias
1767 4817 1855 4889 ipsius
1882 4818 1997 4876 elatlaas

364 4913 424 4959 arte
435 4903 636 4968 mathematica,
650 4911 680 4957 ut
689 4918 737 4973 per
750 4902 871 4973 singulos
883 4903 977 4959 umbra
992 4904 1157 4963 descendens
1208 4905 1391 4977 congreditur,
1406 4912 1435 4961 et
1452 4906 1510 4961 haec
1523 4913 1565 4961 est
1584 4904 1692 4962 subtilis
1706 4906 1809 4963 inimici
1819 4909 1953 4976 versum,
1969 4913 1997 4964 at

363 4996 497 5050 horarum
514 4994 601 5064 spatia
623 4992 791 5049 terminaret.
806 4991 883 5061 Quod
904 4993 1010 5064 mgnum
1033 5006 1157 5067 estprae·
1208 4996 1321 5051 militem
1335 4993 1436 5050 Christi
1450 4995 1525 5065 prius
1542 4992 1627 5051 iaciat
1640 4994 1700 5051 telis
1716 4995 1995 5068 succumberem

358 5086 452 5143 sentis
467 5085 596 5156 temporis
605 5093 638 5141 et
651 5083 734 5140 lutrrri
749 5091 828 5157 tqpus
844 5092 913 5152 erat,
930 5091 959 5140 nt
969 5086 1105 5154 quomodo
1116 5088 1157 5143 sol
1208 5088 1332 5144 hostibus
1348 5086 1431 5143 armis
1448 5101 1579 5157 superare
1598 5101 1652 5142 uon
1665 5086 1763 5156 potuit.
1783 5084 1843 5141 Alia
1863 5087 1996 5144 interitu

359 5189 549 5235 reverteretur
565 5179 599 5234 ad
618 5178 757 5234 exordium
770 5178 823 5245 sui,
847 5178 885 5234 lta
900 5177 1024 5234 Ezechias
1047 5179 1101 5234 vita
1122 5180 1157 5236 ad
1208 5181 1374 5247 vitia„sient
1386 5179 1519 5245 diximus,
1534 5180 1616 5235 etiam
1638 5178 1759 5236 locorum
1782 5177 1918 5236 beneflcio
1938 5193 1997 5236 ena·

367 5270 478 5324 dextros
500 5284 586 5326 asinos
607 5271 721 5331 rediret.
741 5271 871 5340 nobisque
895 5269 923 5325 in
943 5270 1110 5326 hebdomada
1127 5279 1156 5326 et
1209 5272 1362 5343 quiescunt,
1376 5279 1404 5324 et
1416 5270 1531 5325 materia
1545 5269 1652 5340 peccati
1664 5270 1706 5324 vel
1721 5272 1928 5341 opportunitate
1940 5271 1997 5346 elsa

363 5359 455 5431 ogdoa
478 5359 630 5415 viventibus
651 5373 701 5429 per
713 5358 952 5415 Resurrectionem
975 5360 1075 5415 Christi
1094 5360 1156 5417 vitre
1209 5368 1237 5416 et
1254 5360 1396 5416 occasione
1419 5359 1576 5425 subtracta,
1596 5359 1744 5416 lentescere
1762 5359 1833 5417 solet
1855 5370 1885 5417 et
1903 5361 1995 5418 minei.

362 5448 455 5519 spatia
478 5449 656 5520 protelentur.
681 5448 776 5506 Solent
805 5458 961 5506 sanctorum
985 5451 1105 5507 locorum
1127 5451 1155 5506 in
1209 5446 1268 5504 lloc
1281 5460 1348 5503 vero
1363 5461 1425 5503 cnm
1455 5446 1629 5519 confugiente
1656 5448 1762 5504 deserte
1780 5456 1922 5519 penetrat,
1944 5463 1996 5506 aea

367 5538 569 5610 hacprovincia
584 5548 778 5598 monstratores
793 5540 863 5596 intra
879 5548 1036 5612 conseptum
1062 5541 1155 5613 templi
1208 5538 1268 5595 loco
1281 5553 1352 5595 novo
1369 5538 1531 5605 excluditur,
1550 5554 1602 5596 nec
1619 5539 1789 5595 extrinsecus
1802 5542 1919 5598 materia
1936 5541 1998 5598 snb-

367 5631 511 5687 ostendere
531 5633 632 5704 gradus
654 5633 749 5689 domus
771 5632 893 5689 Eacchiae
915 5633 1070 5701 velhclraa,
1084 5633 1156 5703 qnod
1210 5637 1298 5685 tracta
1323 5629 1479 5685 marcescit.
1509 5628 1569 5685 Non
1587 5630 1660 5686 enim
1682 5628 1791 5685 aliunde
1815 5645 1900 5701 qaam
1914 5630 1998 5686 sirta-

250 5770 253 5776 .
365 5725 407 5781 sol
421 5741 469 5796 per
484 5739 532 5780 eos
542 5724 727 5781 descenderet.
749 5724 804 5782 Sed
819 5741 957 5797 nunqnam
974 5741 1024 5797 ego
1036 5725 1156 5791 credam,
1210 5726 1266 5773 tum
1282 5720 1340 5790 ejus
1354 5733 1435 5790 quem
1459 5722 1563 5791 impetit
1574 5722 1745 5778 mccessibns
1758 5721 1907 5777 animatur.
1922 5720 1997 5790 οη·

367 5833 422 5872 non
438 5815 499 5872 (lieo
511 5815 613 5881 Achae,
627 5816 673 5886 qni
692 5831 740 5871 rex
757 5816 855 5885 impius
874 5814 934 5881 init,
953 5816 1001 5871 sed
1015 5814 1160 5886 cujuslibet
1210 5809 1271 5864 dam
1285 5810 1366 5865 etiam
1379 5825 1511 5880 processu
1521 5811 1661 5883 temporis,
1673 5817 1704 5865 nt
1716 5808 1822 5882 praelati
1835 5824 1944 5874 sunam,
1959 5805 1998 5862 la·

364 5912 439 5981 regis
456 5912 521 5981 iusti
537 5911 647 5966 domum
664 5906 748 5963 luisse
770 5906 798 5961 in
815 5905 914 5976 templo
929 5905 988 5971 liei,
1001 5919 1063 5961 cum
1081 5902 1158 5959 Salo-
1209 5905 1315 5959 terdnm
1329 5904 1488 5962 molliuntur
1505 5911 1758 5975 atquevanoecnnt,
1777 5902 1842 5958 huic
1862 5899 1999 5974 longitude

365 6013 430 6055 mrsu
441 5998 547 6058 ideireo
561 6001 704 6058 bominum
719 5999 791 6054 inter
806 6005 904 6053 omem
926 5995 1070 6053 oll'endisse
1083 5995 1158 6051 dica·
1208 5993 1260 6047 nisi
1281 5992 1362 6050 luserit
1380 5995 1513 6050 industria
1535 5995 1628 6051 solerti
1644 6009 1676 6050 ae
1694 5996 1820 6066 prudenti
1833 5993 1996 6052 discretio!
