4709 6767
275 445 341 504 zei
748 435 927 496 cutinus.
947 433 982 492 iti
1000 432 1282 493 rtttuiottebt.
1301 463 1337 476 -
1354 432 1418 490 itit.
1437 433 1483 491 ll.
1873 444 1926 505 Μ

280 561 400 620 {onmia
418 574 476 618 ann
495 558 584 616 smum
605 571 660 612 nou
674 551 771 622 adicit,
786 567 882 609 rerum
900 551 984 608 etism
1006 551 1082 608 norit
1097 554 1120 614 Α
1134 550 1284 606 arbitratur
1307 558 1458 616 auctorem,
1473 549 1636 622 supplicaret
1660 553 1716 613 Deo
1734 561 1766 613 ut
1779 556 1806 615 ei
1821 556 1927 619 husu

278 655 409 712 msa
421 661 572 721 uunqeuese
581 646 720 702 rarritstis.
748 643 890 700 Postremo
900 650 1007 699 uetere
1019 657 1081 713 per·
1133 658 1213 698 suum
1223 642 1386 699 elementem
1399 641 1501 699 iaoeret
1515 651 1598 714 sttqrre
1616 644 1830 728 mffldeerdem.
1846 649 1930 724 Culus

281 744 460 804 spirationes
477 755 493 796 a
509 738 655 795 contrariis
675 736 728 793 sibi
751 735 899 791 virtutibus
918 734 1082 801 desidentes,
1133 734 1286 790 orationem
1297 733 1370 790 Deus
1382 734 1529 802 exaudivit,
1545 736 1696 793 concedens
1710 738 1737 793 ei
1758 748 1787 794 ut
1799 741 1932 800 remissus

278 847 315 896 ,ι
327 843 443 908 „penu
459 841 588 903 uunquam
606 829 640 885 de
659 828 733 885 claro
750 825 892 891 bellantes,
912 833 941 880 et
954 837 1096 894 superauo
1134 823 1450 896 areqellubyloniorum
1462 824 1495 879 ad
1513 840 1562 881 sua
1577 840 1658 897 repus
1674 837 1867 899 reverteretur,
1882 830 1928 889 ubl

284 939 334 985 sur
345 925 454 983 facilius
468 933 497 980 et
507 929 648 979 careatur.
670 917 733 974 llaec
749 926 839 973 autem
860 917 961 972 inserta
976 914 1086 970 uirtuti·
1133 924 1229 987 postca
1242 914 1413 972 emendatius
1426 916 1530 983 virens,
1542 925 1570 973 et
1581 915 1701 973 diuinum
1714 918 1815 976 cultum
1828 931 1933 981 restae

284 1022 340 1078 lms
353 1030 382 1077 ct
395 1018 455 1074 acie
473 1013 603 1088 permista
623 1010 697 1066 uelut
723 1009 750 1065 iu
765 1018 847 1065 nocte
864 1021 935 1063 amca
952 1005 1085 1061 dimicans
1135 1020 1209 1072 rsus,
1228 1007 1396 1061 anteriorum
1416 1004 1557 1077 culparum
1570 1022 1619 1078 pcr
1628 1009 1818 1080 penitentiam
1832 1010 1931 1072 delerit

286 1109 412 1168 ,prmius
426 1106 580 1177 inopinatos
594 1101 701 1171 decepit
717 1107 745 1156 et
758 1100 891 1155 incautos.
1135 1111 1245 1163 noram,
1269 1097 1341 1152 sicut
1367 1096 1482 1152 historia
1507 1111 1627 1168 praeseus
1649 1100 1794 1159 manifeste
1818 1102 1934 1162 demon·

324 1198 506 1267 Dormieitqse
520 1192 647 1248 Eusebius
673 1206 733 1245 curra
757 1188 876 1259 putribus
897 1190 963 1253 suis,
977 1195 1001 1242 et
1015 1202 1086 1257 sepe·
1135 1195 1216 1243 strat.
1233 1187 1377 1257 Exemplar
1388 1196 1479 1243 autem
1491 1197 1534 1243 est
1551 1189 1609 1244 buo
1620 1191 1780 1259 poeniteutia
1797 1189 1932 1261 biamus

288 1292 391 1348 liersnt
403 1301 552 1356 esmsuper
563 1280 683 1353 sepulcra
695 1279 812 1351 filiorum
829 1278 924 1345 Dauid,
936 1287 960 1333 et
973 1277 1087 1333 celebra·
1136 1277 1208 1347 quod
1219 1286 1281 1348 post
1294 1277 1440 1333 commissa
1460 1276 1563 1334 scelera
1577 1279 1667 1336 nullus
1680 1282 1761 1340 debet
1774 1284 1808 1340 de
1820 1282 1870 1340 Dei
1881 1284 1934 1340 mi-

291 1382 327 1438 m
343 1377 482 1451 exsequias
494 1375 551 1445 ejus
563 1372 699 1428 uniuersus
710 1370 781 1426 luda
794 1378 818 1424 et
830 1384 918 1424 ornnes
928 1368 1087 1423 dubitatores
1137 1369 1284 1424 sericordia
1307 1369 1467 1439 desperare,
1483 1369 1531 1425 sed
1560 1371 1647 1442 msqis
1669 1387 1719 1442 per
1747 1373 1933 1443 poeniteutiam

287 1466 538 1537 smuteneuou
549 1463 715 1521 autemdicit
726 1462 860 1533 sepultum
870 1476 931 1519 esse
943 1461 1087 1517 Ezechiam
1138 1473 1287 1530 congruam
1310 1473 1387 1529 spem
1401 1460 1503 1516 babere
1518 1461 1613 1528 venite,
1627 1462 1650 1519 si
1666 1477 1726 1519 eam
1744 1465 1796 1520 rite
1809 1465 1933 1537 perfecit.
2036 1537 2038 1542 Ι

290 1580 376 1637 stupu
392 1562 516 1635 sepulcra
538 1558 655 1615 dliomm
682 1556 779 1622 Dauid,
793 1556 913 1612 ostendit
935 1555 1088 1626 sepulerum
1138 1549 1203 1606 Post
1216 1549 1340 1606 Marrasse
1360 1564 1426 1621 crgo
1439 1551 1564 1622 regnarit
1587 1552 1659 1609 illius
1677 1552 1873 1623 ejusdmmou,
1888 1557 1934 1628 qui

288 1655 380 1727 ipsius
402 1651 538 1709 excelsius
561 1663 623 1706 esse
646 1647 809 1704 lubricatum
823 1661 906 1717 quam
928 1654 1089 1702 caeteromm
1139 1643 1223 1699 simili
1236 1642 1435 1714 dementiaque
1449 1652 1528 1714 pater
1540 1644 1659 1714 primum
1673 1645 1745 1701 idola
1760 1648 1936 1717 pmuumini-

286 1746 411 1803 liliorum
426 1743 511 1799 Darid
525 1740 639 1810 :meriti
655 1738 834 1811 praerogativa
861 1747 890 1793 et
911 1737 1016 1793 cultura
1030 1736 1090 1808 pie·
1139 1734 1193 1790 bus
1207 1734 1301 1800 coluit,
1314 1742 1343 1789 et
1355 1733 1444 1791 adbuc
1456 1735 1542 1807 magis
1553 1751 1635 1806 mam
1649 1746 1728 1808 pater
1739 1737 1797 1808 eius
1811 1740 1933 1812 deliquit.

289 1837 359 1892 tatis
371 1836 400 1892 iu
415 1834 571 1891 Dominum.
1141 1826 1243 1884 Contra
1255 1841 1336 1898 quem
1357 1842 1420 1882 eum
1433 1826 1575 1884 venissent
1586 1828 1658 1884 serri
1673 1829 1725 1897 sui,
1739 1830 1936 1889 iuterfecerunt

330 1925 504 1998 Reqnaaitque
517 1922 653 1978 donasses
667 1919 739 1989 filius
754 1920 813 1990 eius
824 1935 872 1989 pro
886 1934 926 1972 ee.
1106 1902 1205 1974 lleum
1217 1918 1245 1973 iu
1260 1918 1340 1973 domo
1351 1930 1412 1984 sua,
1426 1916 1482 1973 Deo
1501 1917 1540 1973 illi
1552 1916 1652 1976 iustam
1668 1921 1872 1980 retributionem
1886 1938 1936 1996 pro

560 2027 675 2086 χχχιιι
703 2026 820 2082 χχχιιι,
1143 2010 1249 2065 meritis
1260 2009 1378 2081 propriis
1396 2009 1535 2066 reddente.
1547 2010 1612 2067 Post
1629 2012 1851 2070 ammonentem
1866 2014 1937 2071 illius

359 2125 399 2180 Da
414 2120 606 2193 llunassefilio
622 2117 1024 2192 ejusetdmmonejussolole.
1143 2099 1303 2169 ‘lullffilii
1329 2097 1727 2173 resjustissimusreqnauit,
1756 2103 1937 2174 ‘1¹¹l⁰¹⁰llem
2061 2177 2064 2192 ¹

330 2215 476 2273 barracim
487 2227 616 2267 annorum
627 2219 684 2266 erat
705 2208 842 2264 Manasses
857 2223 1093 2280 cumrepuarecoe·
1144 2195 1304 2268 spurillium
1318 2192 1450 2251 idolorum
1473 2208 1555 2265 quam
1569 2202 1662 2265 patres
1678 2196 1719 2251 sui
1739 2196 1939 2253 lubricaverunt

292 2312 385 2384 pisset,
398 2317 424 2363 et
436 2306 627 2380 quinquaqinta
643 2301 843 2375 quinqueremis
853 2302 970 2372 reqnauis
984 2301 1012 2355 in
1027 2297 1092 2355 ilie.
1143 2290 1308 2356 emendavit,
1327 2300 1356 2345 et
1372 2304 1402 2345 sc
1416 2290 1443 2344 in
1467 2288 1515 2345 Dci
1530 2289 1606 2346 cultu
1628 2299 1739 2347 strenue
1762 2293 1895 2360 excreuit,
1909 2301 1938 2350 et

293 2400 426 2465 rasulam,⁸
440 2398 501 2470 {ecit
516 2405 602 2451 autem
614 2392 934 2449 mulumrorensDomr'ue
943 2391 1024 2465 justu
1048 2392 1094 2448 ul·
1143 2382 1251 2450 merito,
1266 2380 1328 2454 quia
1343 2381 1421 2455 iunqe
1435 2389 1498 2439 ante
1520 2384 1572 2441 libi
1587 2382 1621 2440 de
1646 2383 1804 2442 iiiodiuuu
1826 2393 1869 2444 est
1888 2400 1939 2458 per

294 2490 471 2549 minutam
489 2486 828 2561 quantumquantum
852 2485 980 2540 baninu
1003 2500 1093 2540 aaran
1143 2472 1314 2544 propnetam.
1337 2472 1533 2543 intumulatur
1555 2481 1647 2530 autem
1675 2474 1773 2542 tostas,
1796 2476 1874 2549 eujus
1896 2484 1939 2533 ut

296 2581 363 2655 filiis
372 2581 501 2648 israel,et
512 2594 649 2636 courersus
662 2578 817 2635 instaurarit
826 2576 928 2633 excelsa
939 2592 998 2649 quoe
1007 2578 1095 2633 demo-
1144 2563 1311 2621 milleium
1324 2564 1449 2632 D0¹l¹l¹¹⁰a
1463 2564 1505 2622 iil
1525 2564 1598 2623 salus
1620 2565 1738 2635 Domini,
1751 2568 1793 2625 iel
1807 2568 1939 2625 tortitudo

298 2671 358 2730 'itas
375 2671 465 2742 fuerat
491 2668 620 2731 Eaealrius
646 2677 722 2739 pater
739 2668 807 2739 ejus,
824 2666 1020 2739 construxitque
1031 2681 1094 2720 urus
1144 2655 1252 2713 Domini

291 2763 413 2831 Daulim,
426 2773 450 2819 et
461 2761 521 2833 fecit
531 2760 603 2817 lucos
617 2769 641 2815 at
655 2759 774 2815 adorauit
787 2773 890 2814 omnent
900 2756 1024 2812 militium
1036 2756 1094 2812 celi
1181 2746 1279 2811 Octauo
1293 2759 1380 2806 autera
1392 2767 1463 2807 unua
1475 2751 1546 2823 reqni
1557 2751 1600 2807 rui
1609 2769 1669 2807 curn
1683 2753 1769 2809 adbuc
1780 2765 1845 2812 esset
1862 2772 1936 2828 puer.

290 2853 488 2912 demsiteam.
501 2850 657 2921 AEdifiruuit
670 2847 1104 2923 quoquealturiuiudomoDomini
1145 2841 1219 2912 ‘still
1232 2856 1348 2912 dimitte
1369 2840 1453 2896 Deum
1466 2842 1549 2911 polilt
1571 2843 1614 2897 tttt'
1637 2842 1731 2910 Dauid,
1750 2854 1774 2899 st
1798 2848 1938 2903 undecima
2022 2869 2025 2875 ·

293 2953 394 3021 deqsa
407 2947 512 3002 diceret
538 2943 676 3008 Dominus,
697 2941 732 2997 lu
756 2940 923 2996 Hierusalem
940 2940 1093 2993 erituomen
1145 2948 1216 2988 uarro
1227 2940 1364 3003 postquam
1378 2941 1489 3004 caperm
1508 2949 1618 3004 reqaars
1643 2937 1777 2991 mundarit
1790 2936 1890 2993 ladam
1913 2953 1938 2995 et

293 3053 385 3093 sreum
396 3038 425 3091 in
434 3045 571 3091 etenum.
586 3031 742 3102 AEdipcaait
752 3037 839 3085 autam
850 3045 881 3083 ea
893 3034 987 3083 cuncto
996 3026 1095 3081 caerci-
1147 3023 1313 3080 itterusainn
1328 3026 1361 3080 ab
1377 3023 1486 3081 esrelsis
1498 3035 1523 3081 et
1543 3026 1610 3081 lucis
1621 3027 1821 3099 simulacrisque
1830 3038 1856 3085 et
1865 3029 1936 3086 sasl-

293 3129 337 3184 tsi
349 3125 410 3183 call
423 3127 452 3182 in
465 3125 567 3181 duobus
585 3124 660 3180 atriis
685 3123 778 3177 domus
805 3119 910 3174 Domini
932 3118 1095 3189 transireque
1145 3116 1263 3189 ptilibus.
1286 3116 1526 3188 Destruaentntque
1545 3134 1634 3175 corum
1653 3137 1683 3175 eo
1708 3137 1769 3177 uras
1783 3120 1898 3190 Baalim,
1913 3131 1939 3178 ct

292 3217 360 3291 lecit
372 3216 445 3289 filios
459 3232 520 3272 suos
531 3231 578 3287 per
590 3215 677 3287 iqnem
700 3213 729 3267 in
750 3209 818 3267 ualle
828 3208 979 3266 Dencunon.
998 3205 1095 3263 Obrer-
1145 3209 1289 3266 simulacra
1300 3227 1359 3282 qna
1372 3213 1535 3283 superposftu
1548 3212 1655 3285 suerunt
1673 3213 1791 3270 demoliti
1812 3222 1883 3282 sunt,
1898 3214 1939 3271 lu·

293 3307 377 3365 salat
405 3307 520 3374 somma,
539 3304 689 3361 sectabatur
703 3303 826 3375 uuquriu,
846 3297 974 3371 maleficis
994 3270 1131 3354 artibusC
1148 3315 1192 3356 cos
1214 3300 1292 3354 etium
1309 3310 1335 3356 et
1350 3300 1484 3373 sculptilia
1501 3303 1613 3358 succidit
1636 3313 1714 3376 atque
1735 3305 1900 3373 comminuit,
1913 3314 1940 3361 et

292 3398 466 3456 masuetus.
481 3396 602 3452 ilabebat
613 3404 701 3451 autent
715 3410 803 3450 meurs
813 3409 904 3464 nmqos
914 3400 938 3447 et
948 3392 1097 3447 incantato-
1146 3409 1227 3465 super
1249 3392 1364 3449 tumulos
1382 3410 1473 3450 eorum
1491 3396 1536 3467 qui
1548 3394 1585 3451 eis
1606 3395 1742 3450 immolare
1754 3404 1940 3452 comseuerunt

294 3505 353 3559 res,
366 3488 501 3562 multaque
512 3488 584 3543 mala
598 3496 721 3559 operatus
730 3496 767 3541 est
777 3501 866 3540 corum
877 3482 1026 3540 Dominout
1036 3483 1097 3537 irri-
1146 3484 1294 3556 sraqmeuta
1307 3484 1440 3556 dispersit.
1463 3481 1531 3541 Orsa
1544 3477 1671 3558 preterea
1688 3484 1855 3542 sacerdotum
1868 3501 1939 3541 cont·

297 3589 370 3637 taret
384 3595 457 3647 eura,
472 3588 525 3636 etc.
540 3578 588 3635 liis
599 3576 884 3649 similialosepbusde
899 3574 1022 3631 sanasse
1033 3587 1097 3647 rege
1146 3571 1229 3631 iussit
1236 3575 1265 3629 in
1272 3574 1400 3631 altaribus
1409 3573 1743 3648 idolorum,munalauitque
1754 3575 1854 3631 ludam
1862 3585 1887 3631 et
1896 3577 1940 3632 le·

296 3678 408 3736 narrat,
430 3668 532 3725 sddeus
551 3667 634 3724 etiam
656 3666 729 3738 quod
747 3666 781 3721 ad
794 3661 980 3720 emdebtatem
1001 3676 1096 3717 rursm
1145 3665 1273 3734 rasulam,
1282 3666 1328 3721 sed
1340 3676 1364 3721 et
1379 3667 1407 3721 iu
1419 3666 1526 3722 urbibus
1540 3664 1664 3722 Durraue
1676 3676 1701 3722 et
1715 3667 1844 3738 Ephraim
1855 3676 1879 3723 et
1894 3667 1940 3724 si·

294 3758 583 3818 omuesllcbrmorum
595 3758 685 3830 justos
698 3755 830 3813 occiderit
850 3766 938 3825 neque
958 3751 1096 3823 propbetis
1146 3770 1223 3810 naon
1242 3772 1324 3829 usqua
1347 3754 1499 3827 Napitalim
1517 3764 1610 3810 cunata
1632 3756 1765 3811 subuertit.
1780 3754 1940 3814 Curautcm

294 3855 457 3930 pepercerit
466 3867 580 3925 quorum
588 3849 709 3923 quotidie
720 3847 840 3921 singulos
850 3845 1009 3919 perimebat.
1020 3844 1096 3901 Unde
1145 3846 1235 3903 iosias
1249 3861 1311 3904 ossa
1336 3855 1504 3903 mortuorum
1521 3846 1787 3920 curreremareiussit
1802 3862 1883 3920 super
1897 3848 1939 3904 ai-

297 3946 415 4003 tradunt
436 3943 543 4000 Hebraei
557 3943 590 4000 ab
603 3940 699 3997 eodem
714 3938 838 3995 llauasse
854 3935 933 3992 simul
948 3943 976 3990 et
990 3948 1004 3988 a
1019 3933 1096 4004 priu-
1147 3944 1215 4003 tare,
1229 3938 1281 3994 nisi
1296 3946 1326 3992 ut
1338 3939 1494 3993 ostenderet
1507 3938 1578 4009 quod
1591 3936 1698 3994 funesta
1721 3936 1830 3994 luemut
1843 3953 1938 3997 eorum

298 4033 411 4108 cipibus
432 4032 586 4089 ludaeorum
609 4029 707 4085 isaiam
721 4027 882 4100 prophetam
906 4024 995 4097 llssbet
1020 4035 1095 4078 serit
1146 4029 1289 4095 saerilicia,
1304 4038 1331 4085 ct
1354 4044 1408 4084 uon
1422 4028 1508 4084 solum
1521 4030 1655 4100 pecudum
1679 4029 1781 4087 bostia's
1800 4031 1941 4090 demoniis

294 4144 351 4202 per
366 4127 486 4183 merirum
505 4131 627 4180 secatum
647 4128 730 4192 atque
750 4117 933 4184 interiectum,
959 4120 1096 4170 i'etletiless
1146 4119 1305 4184 offerebant,
1324 4120 1467 4175 sedetiam
1481 4121 1642 4193 semetipsos
1655 4136 1704 4193 per
1720 4136 1840 4179 errorem
1854 4124 1938 4180 idolo-

292 4217 353 4276 boc
378 4215 405 4273 ei
431 4214 459 4271 in
482 4213 586 4271 crimen
611 4211 683 4285 quod
700 4210 882 4283 appellaverat
900 4204 1097 4277 eosprincipes
1145 4209 1233 4268 latriae
1253 4211 1279 4266 iu
1308 4218 1471 4281 potestatem
1500 4210 1653 4268 demamus
1676 4212 1867 4281 tradidemut,
1889 4213 1937 4287 qui

295 4307 485 4366 maenarum
496 4311 524 4361 et
534 4302 773 4361 cananaeorum
793 4308 821 4356 tt
834 4298 882 4372 ui
896 4296 1016 4355 dixerit:
1035 4294 1096 4350 lidi
1142 4300 1277 4372 suasione
1289 4301 1391 4373 tuorem
1404 4299 1557 4357 sennium
1577 4300 1655 4357 arua
1668 4303 1741 4374 qum
1755 4303 1834 4361 ructu
1855 4303 1939 4362 ranu-

295 4397 446 4454 Dsnriasar
467 4393 597 4450 aarum
616 4407 695 4463 super
708 4388 804 4446 solium
823 4384 1094 4459 memsmilsumt).
1146 4399 1285 4458 caverant,
1303 4389 1451 4460 dissipandi
1466 4399 1554 4446 eraut.
1572 4390 1684 4463 llystice
1698 4401 1787 4450 sutem
1804 4394 1939 4467 siquilicat

291 4489 445 4560 Damipsa
455 4486 586 4542 Dominus
601 4480 772 4556 perlioysen
790 4480 857 4538 dicit
873 4478 957 4534 :Non
977 4476 1096 4533 animui—
1145 4496 1241 4539 omnes
1254 4482 1299 4553 qui
1312 4477 1538 4538 diaboliseruitio
1560 4483 1707 4552 mancipati
1742 4485 1827 4541 vitam
1850 4487 1937 4543 sacri-

290 4579 373 4637 debit
388 4593 431 4633 ssa
445 4577 523 4631 borao
547 4584 572 4630 et
594 4575 676 4629 uiuere
689 4580 772 4644 potest
791 4569 889 4643 (lisod.
912 4568 1027 4642 xxxur);
1044 4581 1095 4623 nec
1107 4618 1135 4679 D
1147 4572 1234 4644 legem
1247 4570 1431 4643 temporaliter
1442 4568 1862 4631 duierautaetemiseruciatibus
1873 4590 1939 4632 con·

289 4683 357 4725 uros
376 4674 405 4722 et
417 4663 497 4730 illud,
517 4663 590 4735 quod
609 4662 709 4717 dixerit
720 4660 755 4717 sd
774 4660 919 4716 Ezechiam
933 4658 1017 4714 rerbo
1039 4656 1094 4713 Do-
1147 4662 1310 4727 sunieudos,
1334 4661 1389 4717 Deo
1413 4660 1465 4717 illis
1478 4661 1645 4718 retribuente
1661 4666 1809 4722 secuudum
1830 4667 1940 4740 propria

291 4757 371 4814 uiui
387 4773 397 4811 a
415 4752 565 4809 scaenae
578 4752 633 4808 dies
644 4750 860 4822 tuasquinalecim
871 4744 1093 4820 sunosill'lieq.
1148 4755 1246 4811 merita
1266 4765 1379 4825 operum
1400 4752 1517 4809 illorum.
1533 4753 1635 4811 Deinde
1651 4757 1792 4827 sequitur,
1816 4758 1940 4816 eumdem

287 4847 370 4920 xs);
384 4860 447 4903 eum
458 4859 510 4918 per
522 4844 631 4919 lloysen
646 4843 747 4899 dictum
759 4840 931 4898 inveniatur:
949 4839 1095 4895 Numerum
1148 4860 1255 4919 regam,
1336 4844 1512 4901 auditolibro
1529 4845 1596 4915 legis
1611 4845 1817 4920 Domini,quem
1833 4847 1942 4907 Heluius

289 4937 409 4993 dim
431 4945 535 4991 tuursrn
556 4933 675 5006 lmulllli
698 4932 798 5007 illm·
813 4931 902 5002 ¹¹¹¹¹)·
922 4928 1054 4986 Similiter
1066 4937 1096 4985 tl
1148 4937 1277 4994 sacerdos
1299 4936 1401 4992 inuenit
1415 4935 1442 4990 iu
1466 4935 1566 5006 templs
1591 4935 1708 5005 Domini,
1723 4940 1835 4997 scidisse
1854 4942 1939 4999 besti-

291 5025 373 5084 illul
391 5027 464 5100 tibull
477 5027 536 5083 ill=
553 5026 669 5093 usaue
682 5023 822 5079 Dominum
843 5022 907 5076 ‘lim
926 5020 1037 5076 luitulfi
1049 5035 1096 5089 νυ·
1149 5035 1240 5085 menta
1260 5041 1308 5082 sua
1322 5033 1349 5082 et
1364 5024 1471 5082 misisse
1491 5025 1611 5083 Heleism
1626 5029 1793 5087 sacerdotem
1808 5040 1836 5088 et
1861 5043 1942 5091 cete·

293 5125 371 5182 test,
383 5117 501 5173 maurum
510 5131 570 5171 eum
580 5115 644 5169 dunt
654 5129 733 5185 prope
746 5122 785 5167 est
797 5110 864 5185 (lea.
881 5111 942 5181 uv);
955 5124 1017 5165 cum
1031 5106 1096 5164 ullbl
1148 5131 1194 5172 ros
1204 5116 1250 5187 qni
1265 5116 1462 5184 subsequenter
1474 5125 1702 5186 annumerantur,
1723 5130 1752 5176 ut
1766 5132 1877 5180 orarent
1891 5141 1941 5197 pro

292 5209 439 5281 &fillium
450 5207 487 5264 ill
504 5225 511 5263 ²
527 5205 592 5275 0⁸5⁸
604 5214 640 5261 ‘⁸¹
653 5214 707 5258 ΝΜ
720 5204 882 5275 lil⁰lllid¹l¹l⁸
895 5199 1024 5274 dimili
1040 5198 1096 5254 ⁰⁰·
1148 5223 1178 5264 se
1189 5214 1217 5265 et
1230 5221 1280 5279 pro
1290 5206 1411 5278 reliquiis
1424 5206 1507 5264 lsrael
1518 5208 1630 5278 etluda,
1643 5225 1725 5283 super
1739 5214 1873 5273 universis
1886 5232 1942 5274 scr·

298 5299 395 5355 uirus
415 5297 488 5355 Deus
511 5306 607 5365 uertet,
633 5295 739 5369 matida
752 5310 812 5350 etim
831 5294 982 5347 litiwttttttil
993 5291 1006 5345 l
1017 5290 1099 5346 Milli
1148 5300 1273 5356 monibus
1285 5299 1345 5354 iibri
1361 5300 1408 5370 qiri
1430 5310 1554 5371 repertus
1573 5310 1616 5359 est
1630 5303 1656 5358 in
1671 5304 1751 5361 domo
1764 5307 1824 5375 Dei,
1837 5309 1941 5382 ipsique

296 5399 439 5458 Dialem
451 5391 584 5463 losepbus
594 5390 666 5461 quod
684 5403 733 5446 rex
745 5387 954 5460 Babyloniorum
969 5395 998 5441 et
1014 5383 1096 5442 Chal·
1149 5394 1272 5449 abiemnt
1284 5392 1318 5447 ad
1333 5389 1427 5447 Didoni
1441 5394 1599 5464 prophetam
1608 5411 1721 5454 uxorem
1733 5398 1846 5467 Selium,
1860 5417 1939 5473 quam

312 5481 428 5543 morum
449 5484 665 5543 missocsercitu
678 5484 705 5539 iu
718 5482 839 5540 ludaeam
851 5481 991 5552 regionem
1002 5493 1097 5536 eorum
1149 5484 1255 5540 Hebraei
1283 5491 1426 5539 autumant
1450 5486 1614 5542 avunculum
1637 5504 1697 5545 esse
1716 5491 1802 5560 patris
1816 5492 1940 5548 ieremias

280 5567 288 5574 ’
313 5571 487 5651 desperatus
507 5578 563 5645 sit,
586 5584 614 5633 et
639 5587 730 5649 regem
756 5573 879 5630 llanasse
904 5572 966 5630 dolo
989 5580 1096 5643 captum
1148 5573 1941 5647 tuaneiei,queiabirabartiierusaieminsecundatiuid

322 5673 391 5740 llum
416 5670 450 5726 sd
471 5685 502 5727 se
523 5670 667 5727 deductum
690 5669 803 5725 baberet
823 5667 858 5723 ud
875 5681 908 5723 ea
932 5679 993 5737 que
1014 5664 1100 5721 voluit
1148 5665 1281 5738 siqnilicct
1295 5665 1359 5720 illud
1382 5666 1454 5736 quod
1470 5665 1569 5722 dicitur
1595 5669 1621 5722 iu
1643 5670 1769 5734 secunda,
1784 5669 1812 5723 in
1826 5668 1923 5728 bistori

324 5758 444 5816 lementa
467 5756 627 5828 subjectum.
643 5758 780 5815 llanssscs
799 5765 890 5814 autem
911 5764 975 5811 tuuc
998 5755 1098 5811 intelli·
1149 5749 1212 5813 libri
1227 5756 1679 5828 praeseutissuperiusdeclarutur,
1691 5759 1736 5814 ubi
1748 5758 1876 5828 scriptum
1896 5769 1941 5817 est

330 5855 378 5912 iuss
390 5851 418 5907 in
441 5850 539 5922 quinus
559 5850 638 5907 maiis
663 5860 745 5917 esset,
761 5858 788 5906 et
805 5850 901 5905 bomm
927 5847 1047 5905 omnium
1069 5861 1099 5903 se
1150 5847 1184 5903 de
1196 5847 1309 5920 praelato
1322 5861 1385 5916 rege
1404 5845 1520 5902 Ezecbia
1537 5865 1544 5902 :
1560 5847 1713 5918 AEdifiraait
1735 5864 1836 5919 quaqua
1860 5867 1941 5923 uqens
