4709 6767
355 576 404 633 5⁸5
816 570 993 627 contemni.
1009 569 1042 624 m
1062 567 1341 628 lenesmontem.
1359 600 1393 609 -
1412 569 1476 625 utu.
1497 565 1545 634 11.Ι
1937 560 1991 624 seu

354 692 397 755 eit,
411 686 482 743 sieut
497 686 523 739 iu
538 689 657 740 mundo
673 684 776 754 esaiam
788 687 843 740 ait:
858 685 914 756 Euo
936 694 1023 740 autem
1048 686 1148 739 eonsti-
1162 690 1187 749 Α
1201 683 1281 755 lenem
1293 694 1339 738 unt
1351 685 1509 756 proplietns,·
1521 701 1573 739 non
1587 686 1642 739 oeni
1652 689 1759 751 soluere,
1773 697 1817 743 sea
1839 689 1994 763 adimplere.

354 787 423 832 tatus
443 792 501 831 sum
520 791 566 828 ree
576 773 608 828 ab
622 773 809 845 colescelsnnt
824 793 879 846 pre
893 775 995 845 renibus
1009 773 1148 846 urreisi·
1197 776 1280 828 Arnen
1290 774 1383 846 quippe
1395 775 1453 828 dico
1466 774 1551 828 eolis:
1565 775 1619 828 iotn
1631 792 1712 830 unum
1723 787 1769 831 orat
1783 794 1850 833 unus
1864 798 1932 852 αρεε
1942 799 1997 841 non

355 876 397 924 eut
419 867 446 921 in
464 866 665 935 septuagesimo
685 866 772 935 urimo
795 866 899 936 psalmo
920 867 1021 922 dietum
1041 872 1082 920 est
1095 886 1101 921 :
1115 866 1149 920 m
1196 864 1337 934 preteritis
1356 883 1372 918 a
1392 864 1447 933 leue
1464 864 1545 919 donec
1565 866 1652 920 orrrnin
1668 866 1734 935 fiant
1760 865 1872 940 (llottla.
1895 870 1938 944 v).
1962 873 1996 929 Et

356 956 504 1012 adorabunt
527 972 586 1010 earn
617 972 705 1009 omnes
736 973 807 1027 renes
839 966 925 1010 terre.
951 954 980 1009 ln
1005 966 1146 1021 aternum,
1198 952 1407 1020 alibizCoelmm
1423 958 1519 1028 intonit,
1535 968 1559 1011 et
1570 967 1639 1011 terra
1652 961 1894 1019 trorasilnmtsrerlo
1907 975 2016 1035 nutent,

355 1045 579 1115 inquit,servaho
596 1043 634 1097 illi
658 1044 871 1098 misericordiam
896 1059 995 1109 meam,
1018 1051 1046 1099 et
1067 1053 1149 1099 testa·
1198 1061 1255 1098 meo
1279 1062 1331 1099 non
1360 1045 1613 1120 trorrsiiunt(llarc.
1634 1050 1711 1118 xrrr).
1737 1050 1820 1121 Ligna
1844 1062 1872 1108 et
1894 1055 1996 1125 lapides

355 1147 474 1191 mentum
484 1151 574 1190 meum
589 1134 666 1189 lidele
678 1136 739 1203 ipsi.
754 1135 788 1188 Et
800 1134 1082 1191 hocaiormadieitnr
1092 1153 1147 1190 ser·
1198 1146 1327 1207 preterea
1355 1139 1438 1194 David
1463 1142 1626 1211 proporaria
1647 1144 1681 1197 ad
1702 1144 1827 1202 uniuerso
1859 1146 1994 1216 impendia

356 1228 465 1300 ri,quia
480 1227 697 1283 misericordiam
720 1225 808 1281 Patris
828 1236 929 1282 eterno
951 1228 1075 1282 videlieet
1101 1228 1147 1281 lm-
1197 1228 1386 1294 aedificiorum,
1404 1231 1467 1300 qrria
1483 1232 1603 1287 diuersas
1620 1233 1759 1289 hominum
1775 1251 1916 1305 personas,
1928 1254 1997 1308 quas

356 1334 418 1375 nore
431 1319 563 1387 suscepit,
576 1318 618 1372 eui
633 1329 761 1397 perpetua
775 1318 836 1372 data
850 1326 892 1372 est
911 1325 1031 1388 potestas
1042 1318 1068 1371 in
1080 1317 1148 1371 celo
1199 1316 1332 1387 lignorum
1349 1330 1376 1371 et
1389 1319 1507 1389 lapidum
1521 1323 1629 1375 numina
1652 1333 1747 1377 notant
1768 1326 1777 1397 (
1786 1325 1918 1397 lignorum
1943 1330 1997 1384 sri-

355 1421 381 1467 et
392 1410 420 1465 iu
435 1420 507 1464 terra
520 1407 636 1481 (llottlr.
648 1425 732 1463 xxvrn
742 1408 762 1479 l.
778 1409 980 1464 Testamentum
995 1426 1060 1464 vero
1070 1411 1149 1466 fidele
1199 1406 1261 1461 licet
1275 1416 1386 1478 propter
1409 1410 1553 1465 elationem
1574 1412 1682 1475 urentis,
1705 1423 1732 1468 et
1746 1413 1862 1484 lapidum
1885 1426 1997 1488 propter

354 1511 393 1557 est
407 1500 456 1566 illi,
477 1500 585 1570 quarrdo
596 1514 762 1569 quacunque
781 1502 919 1570 inrepitete
944 1501 977 1555 de
1000 1500 1057 1570 ipso
1081 1517 1149 1570 prae-
1201 1498 1329 1552 duritiam
1341 1500 1446 1562 eordisl
1460 1501 1501 1554 lca
1517 1509 1544 1554 et
1558 1502 1705 1571 prophetae,
1719 1504 1807 1558 securi
1824 1504 1899 1562 verbi
1922 1508 1996 1563 deci·
2021 1550 2023 1556 .

355 1595 491 1658 dixerunt,
505 1592 678 1661 integerrima
693 1592 806 1645 veniente
819 1591 952 1661 eorripleta
964 1599 1037 1646 sunt.
1053 1592 1087 1644 Et
1100 1607 1148 1660 po·
1199 1587 1287 1642 dendo
1303 1596 1331 1643 et
1354 1589 1488 1658 poliendo,
1515 1590 1547 1644 ad
1573 1594 1802 1648 constructionem
1829 1595 1924 1652 denras
1947 1598 1997 1654 Dei

357 1704 428 1751 nem,
443 1685 541 1755 iuquit,
556 1686 583 1739 in
599 1685 724 1739 seculum
743 1684 833 1737 seruoli
848 1700 934 1738 senten
957 1684 1026 1752 ejus,
1039 1694 1063 1737 et
1077 1684 1149 1736 tino-
1200 1677 1388 1734 decentissime
1400 1682 1600 1749 proeparabant.

358 1795 417 1831 nain
431 1777 491 1847 ejus
502 1778 569 1830 sient
588 1777 644 1830 dies
655 1774 722 1828 eoeli.
746 1774 878 1829 Saeculum
899 1775 989 1828 saculi
1015 1774 1149 1845 signifieat
1236 1765 1324 1821 Habes
1335 1785 1436 1840 ottoque
1445 1771 1571 1841 pituirnos
1586 1773 1709 1841 artifices,
1724 1773 1835 1830 latomos
1848 1789 1871 1829 et
1885 1796 1997 1837 centen-

356 1868 543 1923 aeneffljiareffi
564 1865 662 1921 Some„
679 1883 741 1920 rer-0
757 1866 840 1921 David
858 1864 981 1920 clu-isius
994 1874 1036 1919 esi
1058 1864 1149 1919 Domi.
1200 1859 1292 1924 terius,
1304 1861 1669 1934 artificesquoqnelionornm
1687 1869 1803 1919 oirtnium
1825 1870 1934 1935 ortium,
1960 1874 1996 1928 od

357 1975 416 2023 uus,
441 1959 490 2028 qui
512 1959 538 2012 in
557 1966 657 2012 aeterua
680 1957 764 2027 gloria
784 1956 941 2020 adluuntur,
968 1962 1063 2027 regnat
1086 1973 1147 2011 eum
1200 1947 1350 2016 laciendum
1366 1970 1429 2022 opas
1442 1954 1656 2022 psallentissimos
1678 1956 1704 2008 in
1731 1975 1811 2012 unro·
1834 1970 1858 2012 et
1877 1973 1996 2031 amomo,

358 2048 436 2104 Patre
462 2055 489 2103 et
513 2047 614 2117 Spiritu
633 2057 726 2102 sancto
744 2061 792 2115 per
807 2047 897 2100 omnia
918 2046 1015 2100 secula
1038 2048 1149 2101 seculo
1165 2069 1187 2127 B
1201 2057 1252 2093 ore
1266 2052 1290 2094 et
1304 2043 1385 2111 [erro.
1402 2044 1529 2100 Artifices
1546 2047 1642 2102 donnus
1657 2047 1704 2102 Dei
1720 2050 1912 2117 predicatores
1934 2063 1999 2110 sunt

357 2156 426 2196 rum.
443 2140 569 2195 Thronus
584 2148 674 2194 autern
687 2140 744 2208 ejus
757 2147 876 2209 potestas
889 2146 932 2193 est
942 2136 1024 2191 suuni
1036 2136 1147 2206 jrnlieii:
1201 2131 1299 2196 Stsst'll,
1312 2134 1357 2200 dul
1375 2135 1519 2203 aliquande
1530 2135 1703 2201 latomorum,
1714 2139 1858 2209 aliqnando
1873 2158 1937 2199 vero
1947 2161 1998 2201 αε-

357 2246 414 2301 quae
429 2240 504 2286 tanta
519 2232 632 2285 veritate
644 2231 795 2299 peragenda
813 2237 864 2293 est,
885 2236 915 2281 ut
939 2228 1041 2282 sanetis
1064 2228 1151 2281 omiti.
1200 2223 1405 2287 summariorum,
1421 2224 1564 2294 aliquando
1583 2227 1664 2281 etiam
1686 2232 1928 2299 carpentariorum,
1959 2246 1999 2291 at·

357 2322 404 2378 bus
415 2320 652 2377 coeiesticlaritate
664 2319 830 2390 prefulgeat.
848 2318 993 2373 Sciendum
1004 2334 1069 2373 sane
1083 2318 1150 2373 alios
1200 2326 1252 2379 (1¹¹0
1274 2311 1411 2368 sabwrttsst
1427 2318 1486 2370 auri
1502 2324 1529 2369 ῡῑ
1543 2319 1658 2388 algenti,
1677 2328 1704 2372 et
1718 2329 1877 2377 eeterorum
1902 2328 2003 2396 metal-¹¹

356 2413 571 2477 mamam,
592 2412 639 2481 qur
661 2412 712 2466 sihi
735 2412 835 2465 vicaria
863 2410 1029 2466 molum
1053 2426 1148 2465 succe.
1199 2401 1286 2457 lorum
1302 2407 1411 2461 nomine
1426 2417 1536 2478 propter
1549 2408 1671 2464 diversas
1696 2413 1818 2469 artiones
1841 2432 1985 2489 nuncupas

356 2503 435 2569 (lunt;
450 2512 477 2558 et
490 2503 564 2557 illum
578 2502 709 2566 futurum,
728 2503 775 2571 utri
795 2502 922 2557 continua
936 2501 1150 2572 inceperpetuus
1200 2500 1253 2559 tur,
1271 2497 1334 2565 quia
1348 2498 1424 2567 juxta
1440 2499 1597 2567 qualitatem
1611 2501 1763 2556 auditorum
1780 2503 1998 2566 iurruarideliout

356 2605 404 2660 est,
419 2595 455 2649 de
466 2609 521 2664 quo
535 2594 561 2647 in
578 2593 743 2663 octogesimo
761 2592 841 2647 tertio
860 2591 964 2661 psalmo
976 2591 1077 2646 uictum
1091 2600 1146 2646 est:
1200 2602 1339 2642 sermones
1353 2589 1568 2658 predicantium.
1585 2590 1670 2644 Aliter
1693 2593 1765 2646 euim
1796 2596 1908 2653 «unuani
1931 2610 1998 2656 sunt

358 2686 424 2752 enta
437 2683 581 2739 meliorest
594 2684 649 2737 dies
673 2702 726 2738 ano
747 2685 775 2737 in
798 2684 874 2738 atriis
895 2684 1039 2753 missaper
1054 2681 1147 2737 minio.
1200 2678 1346 2747 sapientes,
1373 2687 1455 2748 atque
1469 2680 1549 2736 aliter
1566 2680 1739 2750 insipientem
1770 2684 1849 2739 aliter
1873 2692 1993 2759 superbi,

357 2784 405 2838 Aur
416 2782 517 2837 memo
528 2782 587 2837 dies
600 2780 661 2835 0021}
675 2780 819 2847 sileamus,
843 2779 889 2850 qui
914 2777 1019 2849 objecffl
1046 2778 1149 2833 ιριιῃγῑς
1200 2768 1279 2822 aliter
1291 2769 1418 2834 liuruiles,
1429 2778 1456 2826 et
1468 2770 1547 2826 aliter
1564 2771 1658 2838 fornes,
1683 2785 1764 2845 atque
1790 2779 1870 2835 aliter
1894 2783 1994 2841 intirmi

356 2874 480 2930 tenemus
493 2888 546 2929 non
558 2879 647 2943 potest
656 2872 756 2926 habere
768 2878 915 2925 nocturnas
1198 2869 1260 2914 ⁸⁰¹¹!
1278 2861 1423 2919 imbuendi.

390 2955 459 3019 Εεὲε
468 2980 516 3035 eoo
526 2964 554 3016 in
564 2972 716 3033 paupertate
731 2978 788 3015 mee
801 2961 946 3031 preparavi
958 2962 1086 3030 inoperans
1099 2960 1147 3013 do-
1235 2947 1364 3023 Procopii
1375 2970 1478 3024 ortoque
1498 2954 1582 3009 Dauid
1604 2960 1705 3012 curretis
1725 2962 1886 3041 urirrriuilus
1910 2965 1997 3022 lsnre·

357 3070 411 3108 m,
423 3053 540 3119 nomina,
567 3052 626 3106 mm·
649 3052 747 3107 mrem
768 3059 870 3105 semum
893 3051 1025 3109 „sturmi
1047 3050 1148 3120 amem}
1199 3040 1574 3109 utadjuuorentSolorttonem
1594 3047 1929 3122 ,tttuinmuunemulu
1954 3059 1997 3115 iu-

356 3140 424 3196 mine
445 3141 541 3208 nultra,
567 3142 724 3196 momorum
749 3141 810 3196 mre,
832 3158 891 3195 ,rm-0
912 3152 934 3194 eg
950 3140 1015 3209 [en-2·
1037 3156 1088 3192 non
1111 3148 1147 3193 ρει
1198 3128 1299 3197 quiens,
1315 3131 1385 3200 quod
1397 3130 1524 3188 Duntinns
1540 3134 1611 3188 Deus
1623 3146 1705 3191 uester
1715 3140 1846 3195 uotiuum
1856 3144 1902 3206 sit,
1912 3156 1937 3200 et
1948 3147 1997 3204 de·

356 3232 468 3304 pom„
489 3233 604 3286 „euclem
625 3234 693 3287 mem
718 3249 841 3286 mmmm
862 3230 1040 3284 „naiteinins
1067 3229 1148 3299 li'qrm
1200 3219 1268 3272 derit
1287 3220 1358 3274 eolis
1369 3223 1482 3291 requiem
1494 3241 1541 3293 per
1558 3226 1709 3293 circuitum,
1723 3240 1746 3283 et
1758 3233 1895 3289 tradiderit
1906 3253 1995 3295 ornnes

357 3333 379 3376 ee
399 3322 502 3388 lapide,
527 3323 675 3393 praeparavi
698 3323 734 3377 aa
755 3324 876 3377 ,minem
899 3323 1040 3393 impendia,
1071 3322 1148 3389 Qunn
1199 3310 1477 3367 inimicosintrtnnum
1505 3326 1627 3380 oestrum,
1644 3330 1667 3373 et
1681 3322 1798 3391 subjectu
1810 3326 1843 3377 sit
1858 3337 1928 3382 terra
1951 3347 1996 3384 co·

358 3412 438 3468 David
450 3413 478 3467 in
489 3423 647 3484 paupertate
660 3429 689 3469 se
703 3414 766 3468 dicit
778 3415 912 3483 inmensas
925 3413 1020 3467 dounrs
1041 3412 1146 3466 llouiini
1161 3415 1183 3478 C
1200 3420 1255 3457 ΝΜ
1271 3402 1383 3457 Domino
1397 3416 1420 3458 (Ἰ
1433 3421 1522 3459 votem
1531 3409 1627 3478 populo
1640 3410 1706 3480 ejus.
1720 3411 1905 3486 Prmleteeryo
1915 3422 1995 3475 corda

356 3516 533 3574 preparasse,
550 3502 613 3557 lieet
634 3505 692 3558 haee
716 3504 797 3557 verua
819 3504 998 3557 humilitatem
1024 3502 1082 3571 ejus
1112 3504 1150 3556 in·
1179 3510 1182 3517 '

358 3593 473 3657 meent,
503 3602 591 3646 tamen
616 3592 765 3662 figuraliter
792 3592 946 3662 significant
971 3592 1148 3663 indigentiam

358 3683 453 3740 litterae
465 3684 570 3754 legalis,
584 3699 643 3753 qim
663 3684 782 3737 scientim
799 3682 938 3752 multipliei
953 3682 1070 3736 desernit
1083 3682 1148 3735 Nori

359 3774 533 3832 Testamenti.
551 3773 616 3827 liam
636 3774 693 3844 ipsa
707 3781 815 3844 propter
830 3773 1015 3827 infirmitatem
1027 3780 1054 3827 et
1069 3774 1149 3826 inuti-

361 3869 458 3924 litatem
468 3867 528 3938 ejus
541 3865 606 3919 uildl
623 3868 657 3921 od
674 3864 815 3936 perfeetum
838 3864 959 3929 adduxit,
985 3863 1055 3919 sieut
1074 3863 1148 3932 Apo-

362 3958 439 4015 mtus
452 3964 581 4021 testatur,
594 3956 686 4011 dicens
700 3973 706 4008 :
722 3954 851 4010 Leeenim
872 3966 908 4008 est
924 3951 1057 4025 exemplar
1078 3970 1150 4006 oero-

362 4064 412 4101 rmt
428 4056 510 4118 atque
524 4043 675 4110 celestium,
688 4044 807 4098 umbram
819 4043 917 4097 delens
939 4043 1089 4112 sutrinorum
1101 4043 1147 4095 lo-

364 4152 459 4205 turum,
483 4154 536 4191 non
557 4136 613 4206 ipse
631 4137 778 4207 exprimens
802 4134 942 4204 imoqinem
961 4149 1048 4187 rerum
1063 4131 1147 4204 (tlon.

364 4239 409 4293 m;
423 4225 494 4281 ttet.
508 4223 614 4291 x;Gol.
635 4223 682 4297 ra)
699 4240 710 4289 ,·
732 4239 812 4293 quam
840 4233 867 4278 et
892 4222 1047 4277 elementum
1068 4223 1149 4292 trojus

367 4316 444 4370 niuei
459 4313 701 4384 alibinuoeuparit
724 4311 796 4385 (Col.
811 4314 857 4384 u).
886 4310 981 4368 Omnis
1005 4312 1076 4366 enim
1105 4327 1149 4367 res

369 4409 463 4460 etreoa
482 4405 506 4460 si
528 4412 702 4473 eomparatur
721 4402 884 4467 coelestihus
902 4410 929 4457 et
949 4402 1107 4472 temporalia
1125 4403 1148 4458 si

1202 3504 1284 3547 uestra
1295 3504 1318 3547 et
1334 3496 1438 3549 ultimos
1452 3508 1559 3563 uestros,
1577 3510 1603 3552 nt
1614 3504 1739 3571 qaorum
1754 3503 1894 3562 Dorrtinnm
1913 3509 1995 3566 Deum

1201 3594 1323 3653 nestrum,
1337 3597 1360 3640 et
1380 3589 1527 3658 cornurqite
1540 3599 1563 3642 et
1583 3592 1711 3661 edificate
1731 3601 1912 3654 sanctuarinm
1939 3601 1994 3658 llo-

1201 3676 1272 3730 redito
1291 3675 1355 3729 Deo.
1372 3675 1448 3742 Quod
1467 3679 1551 3733 David
1565 3683 1810 3753 precepiteunetis
1826 3689 1995 3761 nrineioilms

1200 3763 1281 3819 lsrael
1293 3774 1322 3818 ut
1334 3765 1493 3835 adjuvarent
1503 3768 1674 3825 Salomonem
1687 3772 1771 3829 lilium
1782 3792 1859 3832 suum
1873 3779 1899 3833 in
1911 3797 1994 3850 opem

1201 3857 1305 3925 templi,
1324 3859 1442 3914 ostendit
1456 3862 1528 3928 qrrod
1542 3861 1583 3916 lex
1597 3872 1625 3917 et
1640 3866 1780 3934 propheta·
1799 3867 1878 3924 firma
1901 3884 1996 3928 auen»-

1201 3948 1283 4003 ritate
1297 3950 1430 4004 docebant
1441 3960 1471 4005 ut
1483 3967 1578 4008 omnes
1593 3956 1639 4023 qiu
1653 3957 1835 4027 principatum
1847 3960 1929 4017 lsrael
1943 3966 1995 4021 rite

1201 4050 1335 4108 gererent,
1348 4042 1399 4095 lroe
1411 4050 1463 4106 est,
1482 4045 1528 4113 qui
1540 4045 1653 4100 seientia
1668 4058 1695 4100 et
1708 4050 1853 4105 virtutibus
1866 4054 1893 4107 in
1907 4056 1995 4112 Eucle-

1201 4127 1242 4183 sia
1255 4129 1417 4194 eminerent,
1437 4146 1533 4186 rerum
1549 4133 1721 4190 Salomonem
1730 4138 1757 4191 in
1768 4140 1885 4205 aedilieio
1897 4154 1995 4201 nonius

1201 4218 1349 4287 spiritualis
1362 4221 1533 4290 adjuvarent,
1548 4232 1623 4279 reete
1635 4226 1738 4282 seilicet
1755 4229 1993 4292 docendoaebene

1201 4308 1326 4363 vivendo.
1343 4308 1419 4366 Untle
1433 4311 1538 4385 Moyses
1551 4314 1585 4369 ad
1598 4315 1671 4384 ipsos
1683 4315 1753 4374 lilios
1762 4318 1847 4377 Diaei
1859 4323 1913 4378 ait:
1925 4323 1995 4382 Pm-

1203 4400 1312 4455 olietam
1325 4400 1396 4453 nolis
1415 4404 1553 4457 suscitabit
1568 4405 1694 4461 Dominus
1711 4409 1743 4463 de
1755 4410 1886 4479 [irrentus
1902 4416 1994 4469 nestris

369 4493 532 4567 eloquentur
554 4495 675 4560 aetemis,
691 4494 768 4564 quasi
782 4509 866 4564 parva
880 4506 940 4549 esse
954 4495 1090 4549 videntur.
1114 4493 1149 4550 Et
1205 4497 1337 4557 tanquam
1349 4507 1403 4552 me:
1416 4494 1501 4561 ipsum
1515 4498 1640 4551 nameus.
1654 4497 1688 4553 lit
1702 4502 1763 4566 erit,
1778 4506 1925 4576 quicunque
1942 4523 1993 4561 nori

372 4592 445 4644 enen
467 4595 616 4650 stmetura‚
641 4602 701 4657 quae
715 4586 741 4640 in
755 4586 838 4640 altum
859 4601 969 4657 surgere
991 4586 1096 4651 nititur,
1120 4595 1147 4641 et
1205 4581 1994 4666 ssdterltproptenmtitum,easernuatttarantmaejusde

372 4671 636 4734 ulmetundamenta
650 4676 763 4732 collocet
774 4690 884 4732 neeesse
895 4686 947 4742 est,
963 4679 1039 4732 etsie
1054 4678 1087 4732 ad
1101 4694 1147 4733 er·
1199 4666 1294 4737 emit>
1307 4683 1356 4721 ⁸¹¹⁰
1372 4667 1466 4739 (Deur.
1482 4687 1547 4726 ”¹¹¹
1555 4673 1576 4746 l·
1592 4672 1744 4746 550011980
1756 4679 1842 4737 David
1865 4693 1994 4754 mysticus

372 4767 467 4827 unio„
477 4772 656 4842 pmvehafflf,
670 4768 838 4842 praeparavit
850 4770 935 4825 ‘nas-nl
946 4771 1082 4840 impensas
1097 4770 1145 4825 do.
1160 4775 1187 4835 Ι)
1200 4764 1357 4828 operatores
1369 4768 1396 4814 et
1409 4761 1549 4817 ministros
1561 4764 1652 4833 templi
1669 4766 1774 4823 Domini
1788 4769 1932 4831 instituens
1953 4776 1995 4831 di·

373 4867 418 4916 des
426 4860 542 4927 Domini,
559 4861 618 4916 auri
633 4861 731 4917 talenta
745 4870 854 4917 eentum
870 4861 962 4926 millia,
989 4869 1017 4915 et
1040 4862 1145 4931 argenti

374 4946 430 5005 dille
449 4952 532 5008 millia
558 4951 728 5017 talentorum,
755 4967 816 5007 cunr
836 4960 927 5021 patres
944 4953 1043 5006 veteris
1066 4960 1148 5006 testa·

311 5105 313 5114 Ι
375 5042 439 5097 *nati
458 5045 485 5099 in
504 5043 615 5113 seriptis
637 5043 746 5109 suiset
767 5058 863 5099 sensus
884 5042 1095 5114 profunditatem
1120 5051 1148 5097 et

375 5126 453 5204 tunuli
463 5144 634 5191 venustatem
648 5136 756 5206 copiose
764 5137 929 5200 inserebant,
938 5151 1053 5205 quorum
1063 5136 1146 5190 etiam

376 5221 545 5280 ltdeetiouem
571 5223 682 5295 perlecti
706 5225 809 5280 numeri
830 5226 1025 5280 demonstrant.
1052 5224 1146 5280 Cente-

377 5313 459 5369 tnriuru
470 5305 536 5387 emo
544 5331 685 5370 numerum
693 5316 906 5371 etmillonarium
918 5315 1052 5386 perlectos
1066 5331 1146 5370 nemo

376 5404 550 5476 uuarooigtt.
563 5403 694 5462 Similiter
717 5416 744 5461 et
764 5408 791 5461 in
813 5407 906 5462 talenti
931 5408 1047 5473 nomine,
1074 5408 1145 5478 quod

376 5493 459 5548 tedens
468 5495 633 5564 ponderibus
648 5496 839 5567 magnitudinis
851 5498 1001 5567 praeminet,
1015 5498 1145 5568 persentio

376 5572 473 5638 tlttsdem
489 5586 528 5639 rei
543 5587 702 5641 ostenditur.
715 5588 791 5655 Quod
805 5604 869 5643 nero
884 5589 945 5642 aeris
959 5599 986 5641 et
1001 5588 1065 5643 terri
1079 5589 1145 5643 dieit

377 5678 414 5725 ltu
424 5688 482 5731 esse
493 5677 607 5746 pondus,
619 5679 751 5749 signifieat
761 5680 913 5735 divinorum
927 5681 1142 5738 testimoniorum

377 5752 510 5823 imitatem
526 5783 580 5824 nou
592 5782 651 5824 esse
665 5770 860 5837 aestimabilem,
875 5772 938 5841 quia
953 5780 1059 5827 eonstat
1083 5788 1143 5826 eam

376 5854 685 5913 metnmrnmuuoiten.
702 5859 778 5915 Unde
800 5858 925 5916 Salvator
949 5861 977 5915 in
999 5861 1145 5933 Evangelio

376 5939 547 6016 ²ldiseioulus
561 5947 597 6003 ait
610 5965 617 6003 :
634 5947 722 6004 Nolite
732 5959 825 6020 putore
836 5952 960 6021 ursoniam
971 5954 1028 6006 uerri
1047 5951 1145 6007 soluere

1199 4850 1236 4905 eit
1249 4850 1276 4905 in
1289 4849 1405 4906 Psalmis
1419 4869 1425 4903 :
1444 4852 1542 4922 efferte
1553 4855 1678 4923 Domino,
1688 4840 1812 4929 filiiDei,
1834 4865 1926 4935 offerte
1939 4868 1995 4924 Do-

1199 4944 1270 4996 mino
1283 4942 1353 5012 filios
1366 4945 1487 4998 arietum.
1503 4947 1601 5016 afferte
1615 4948 1725 5004 Dorrtino
1743 4956 1838 5022 patriae
1861 4961 1991 5030 nentium,

1198 5034 1290 5102 offerte
1313 5032 1424 5088 Dontino
1445 5035 1555 5105 alonium
1577 5049 1600 5090 et
1621 5037 1754 5107 honorem,
1773 5044 1864 5112 afferte
1879 5048 1993 5107 Domino

1198 5123 1309 5193 alonium
1320 5125 1419 5178 nomini
1433 5125 1500 5194 ejus.
1519 5124 1611 5180 Tollite
1619 5127 1717 5183 dostr'us
1731 5141 1755 5185 et
1769 5133 1874 5191 introite
1885 5139 1911 5192 in
1923 5143 1993 5197 ateio

1199 5212 1393 5281 momoderate
1417 5214 1598 5270 Dominumin
1613 5218 1675 5273 onio
1697 5234 1790 5278 sancta
1815 5226 1872 5296 ejus
1895 5228 1990 5301 (Psol.

1198 5305 1312 5373 xrvrn).
1329 5304 1397 5360 lluio
1407 5314 1434 5360 et
1445 5321 1494 5374 per
1508 5307 1604 5362 isaiam
1630 5309 1695 5364 dicit
1710 5325 1718 5365 τ
1735 5312 1820 5385 Prope
1839 5319 1890 5388 [eei
1908 5322 1992 5392 jum.

1197 5399 1263 5452 tiam
1275 5413 1370 5461 meum,
1393 5413 1444 5451 non
1456 5397 1630 5469 elonqnbitur,
1642 5412 1665 5455 et
1677 5402 1750 5458 solus
1763 5422 1820 5462 meo
1835 5425 1888 5463 non
1900 5427 1991 5469 moro-

1197 5490 1276 5542 litnr.
1295 5488 1367 5542 Dabo
1377 5489 1405 5541 iu
1419 5487 1484 5542 Sion
1497 5489 1617 5555 sulutem,
1632 5503 1656 5546 et
1668 5492 1753 5548 lsrael
1765 5496 1877 5565 qloriem
1894 5518 1990 5559 meam.

1198 5580 1265 5634 Ecce
1277 5596 1323 5650 eno
1335 5579 1436 5633 locutas
1446 5596 1514 5645 surii,
1527 5591 1551 5634 et
1568 5585 1657 5638 vocavi
1679 5601 1749 5653 eum,
1768 5588 1869 5644 adduxi
1882 5608 1952 5658 enm,
1966 5604 1991 5649 et

1197 5672 1294 5725 directo
1309 5680 1346 5724 est
1360 5687 1402 5724 oro
1417 5670 1484 5740 ejus.
1502 5672 1622 5727 decedito
1642 5674 1678 5729 nd
1701 5692 1771 5744 eum,
1795 5687 1821 5733 et
1839 5682 1938 5748 audite,
1962 5685 1991 5737 in

1197 5779 1256 5817 noce
1269 5761 1450 5816 exsultationis
1466 5764 1629 5829 annuntiate,
1650 5765 1769 5822 nuditum
1788 5769 1867 5838 [acite
1888 5770 1948 5836 ltoc,
1963 5780 1990 5827 et

1198 5853 1263 5922 {erte
1276 5851 1342 5905 illud
1356 5868 1436 5921 usqne
1446 5851 1481 5905 ad
1493 5862 1637 5907 extremuni
1652 5863 1738 5907 terrie.
1758 5854 1850 5921 Dicite,
1874 5854 1989 5914 Redimet

1199 5944 1326 5999 Dominus
1345 5960 1446 5999 semum
1466 5960 1542 5999 sunm
1563 5944 1646 5999 Jacob
1677 5943 1759 6015 (lsai.
1771 5960 1848 6011 ιενις
1871 5956 1988 6020 ωἰιι).
