4709 6767
354 619 408 679 did
678 606 709 661 b.
730 600 855 659 itabant
875 600 986 659 hebbi
1006 596 1167 656 necuter.
1188 592 1345 653 dobunt.
1365 590 1509 650 obtineat
1527 588 1616 645 PARS
1635 588 1657 643 l.
1940 588 1992 643 cna

355 733 509 793 haereticus,
523 723 569 797 quii
583 725 657 780 labis
668 720 835 793 argumentis
847 728 874 775 ct
893 717 1049 788 sophisticis
1067 715 1144 771 ioca·
1157 722 1185 783 Α
1197 712 1296 768 larario
1313 709 1402 783 (dors.
1419 707 1488 781 n);r
1504 716 1532 764 et
1544 706 1665 763 haeretici
1690 707 1851 771 mendaces,
1877 719 1995 774 quomis

261 801 264 808 ’
357 821 475 877 tionibus
487 822 600 872 conatur
624 813 763 868 destrucre
786 808 938 864 doctrinam
955 803 1103 877 Evangelii,
1121 810 1148 859 et
1199 806 1305 861 lacinus
1320 818 1353 859 eo
1377 801 1539 873 propensius
1558 809 1601 856 est
1616 797 1771 855 Judaeorom
1787 796 1925 863 iocinore,
1944 811 1998 866 otta

357 910 498 965 veritatem
522 903 663 959 catholicae
687 899 759 954 lldei.
774 898 877 953 liorum
887 910 954 968 ergo
971 896 1092 950 omnium
1103 909 1147 950 re-
1198 902 1261 967 post
1272 902 1428 964 perceptam
1440 891 1555 963 gratiam
1568 887 1750 959 baptismatis,
1763 895 1792 942 et
1804 886 1996 942 indumentum

359 998 515 1068 probabitur
535 991 672 1062 parabola,
698 991 750 1045 hoc
777 997 820 1043 est
847 986 1044 1056 argumentatio
1069 983 1147 1049 laisa,
1200 984 1299 1038 tunicae
1317 983 1419 1039 Christi
1453 997 1507 1051 quo
1542 978 1732 1044 induebantur,
1759 977 1793 1032 ad
1827 977 1997 1047 apostasiam

358 1103 428 1158 qum,
449 1088 601 1139 lucescente
622 1095 671 1151 per
684 1080 821 1135 Christum
836 1078 936 1147 ubique
955 1077 1076 1137 ueritate,
1091 1089 1150 1128 unr-
1200 1073 1351 1139 rcdicront,
1376 1081 1404 1128 et
1428 1071 1534 1141 spiritui
1550 1070 1644 1142 gratiae
1665 1068 1830 1123 calumniam
1855 1067 1996 1135 lecerunt3

359 1178 435 1231 braia
459 1174 526 1244 legis
547 1171 648 1225 ueteris
665 1178 693 1223 et
712 1167 839 1239 ligmenta
857 1164 923 1220 lalsa
947 1165 973 1219 in
1001 1162 1150 1219 Ecclesiam
1201 1164 1248 1218 sed
1272 1170 1450 1231 utrorumque
1478 1172 1570 1216 reatus
1590 1160 1769 1231 perditionem
1797 1168 1946 1225 aternam,
1975 1162 1998 1217 si

359 1266 533 1320 introducere
549 1261 651 1315 uolunt.
1202 1254 1260 1310 sine
1274 1255 1434 1325 poenitentia
1445 1253 1570 1316 obierint,
1586 1252 1714 1307 inveniet.

398 1373 407 1405 a
426 1356 474 1408 Est
488 1355 532 1422 qui
547 1359 654 1405 vetatur
666 1362 779 1419 peccare
793 1362 851 1417 pree
864 1345 965 1415 inopia,
981 1343 1045 1399 etin
1058 1341 1151 1411 requie
1239 1365 1248 1398 r
1270 1345 1357 1401 liores
1384 1345 1522 1401 bominum
1546 1344 1716 1398 mendacium
1744 1342 1804 1397 sinc
1831 1340 1949 1408 bonore,
1972 1352 1998 1398 et

363 1466 372 1497 ι
392 1462 440 1501 sua
463 1443 656 1499 stimulabitur.
676 1439 832 1508 »Superius
854 1435 1028 1505 reprehendit
1046 1433 1151 1488 lalsita-
1204 1437 1354 1492 «conlusio
1378 1437 1487 1492 illorum
1501 1451 1563 1491 com
1585 1435 1650 1505 ipsis
1673 1435 1731 1490 sine
1751 1433 1970 1491 intermissione
1987 1454 1996 1488 r

361 1545 415 1591 tem
428 1534 563 1589 baereticm
578 1531 720 1594 doctrinm,
736 1542 807 1582 nunc
822 1527 948 1582 similiter
962 1525 1096 1594 vituperat
1109 1522 1151 1577 in·
1202 1529 1274 1600 Ergo
1297 1542 1388 1584 mores
1404 1527 1593 1582 hereticorum
1613 1526 1743 1596 pcrrcrsi,
1768 1542 1824 1581 uon
1840 1539 1905 1584 suut
1926 1531 1999 1604 digni

361 1627 508 1681 tentionem
522 1622 667 1679 voluntatis
688 1633 837 1692 perversam
856 1626 919 1673 sunt
931 1618 1003 1671 enim
1018 1615 1095 1681 tales,
1106 1614 1152 1684 qui
1202 1619 1305 1675 coelcsti
1326 1620 1440 1685 bonore,
1464 1619 1511 1675 sed
1536 1629 1662 1688 perpetua
1689 1617 1786 1673 inlerni
1815 1621 1997 1677 conlusisset

361 1718 424 1773 licet
449 1716 591 1785 aliquando
612 1723 723 1785 propter
737 1720 863 1766 eventum
882 1710 999 1779 aliqncrn
1014 1722 1068 1762 nou
1091 1722 1153 1778 pos·
1203 1725 1263 1779 qrrsc
1279 1725 1340 1765 com
1354 1710 1421 1780 ipsis
1442 1710 1502 1765 sine
1520 1710 1720 1765 intermissione
1736 1723 1882 1781 pennanct
1899 1714 1928 1770 in
1941 1729 1999 1786 per-

363 1808 417 1863 sint
432 1814 573 1876 peccatum
594 1811 750 1875 perpetrare
765 1801 791 1854 in
806 1799 888 1864 lacto,
901 1807 990 1853 tarsen
1015 1811 1154 1866 numnquam
1203 1808 1284 1869 petua
1297 1800 1479 1855 damnatione.

363 1899 457 1955 nolunt
476 1897 615 1967 quiescere
630 1909 645 1948 a
659 1892 730 1947 malo
750 1890 894 1955 desiderio,
916 1903 985 1959 qrros
1002 1885 1153 1957 pardmju-
1503 1889 1617 1948 CAPUT
1636 1889 1694 1945 xv,

363 1999 410 2047 nat
425 1989 574 2044 lorinsecus
589 1985 738 2055 captivatos
751 1983 839 2037 teneri
852 1980 970 2035 versutia
981 1987 1008 2033 et
1021 1977 1092 2033 dolo.
1439 1979 1551 2035 Verbum
1565 1979 1763 2051 parabolarum.

402 2097 412 2132 r
429 2080 478 2134 Est
495 2078 540 2147 qui
563 2075 652 2146 perdit
673 2073 790 2128 animam
812 2085 888 2125 suam
903 2085 960 2141 prm
985 2059 1192 2134 conlusione‚B
1244 2090 1253 2122 ‹
1272 2069 1386 2139 Sapiens
1413 2068 1441 2123 in
1466 2070 1556 2125 verbis
1570 2069 1699 2139 producet
1716 2073 1848 2141 seipsum,
1871 2082 1901 2130 et
1921 2076 2002 2131 bomo

367 2179 421 2226 ret
446 2170 481 2224 ab
506 2166 669 2238 imprudenti
687 2178 803 2235 persona
821 2164 916 2234 perdet
926 2176 986 2216 eam
1007 2179 1013 2215 :
1032 2174 1156 2230 personae
1209 2182 1219 2215 r
1238 2163 1357 2234 prudens
1369 2162 1486 2232 placebit
1501 2162 1645 2232 magnatis.
1665 2181 1675 2214 r
1697 2161 1812 2233 Sapiens
1823 2168 2001 2237 semetipsum

369 2267 483 2314 «sotem
501 2255 655 2325 acceptione
674 2253 771 2323 perdet
785 2267 823 2308 se.
851 2251 926 2305 illle
944 2251 1062 2306 animaru
1079 2264 1156 2306 suam
1207 2257 1304 2325 prodet
1328 2255 1356 2310 in
1376 2255 1477 2320 serbis,
1500 2255 1609 2325 quando
1631 2257 1803 2325 prudentiam
1830 2262 1935 2316 mensis
1958 2261 2003 2316 ne.

366 2364 422 2420 prae
435 2345 591 2403 confusione
604 2344 703 2416 perdit,
722 2343 768 2413 qui
788 2343 887 2397 timens
903 2340 1090 2396 transitoriam
1104 2353 1155 2411 po·
1206 2357 1339 2405 „mpsim
1352 2350 1378 2405 1„
1391 2350 1458 2405 pene
1473 2348 1563 2403 pippis,
1578 2349 1655 2416 Quod
1670 2350 1728 2419 ips,
1747 2351 1856 2407 pem„
1871 2352 1900 2407 g„
1918 2352 2002 2408 Em,

368 2448 492 2496 testatem
500 2439 578 2492 istius
592 2433 695 2501 mundi,
710 2449 763 2489 non
783 2434 864 2488 audet
877 2431 997 2503 prolltcri
1013 2430 1156 2485 veritatem
1207 2438 1277 2511 30150
1286 2438 1415 2504 ostendit,
1436 2438 1530 2493 dicens
1545 2455 1551 2491 :
1569 2455 1578 2488 r
1594 2437 1685 2494 Bonum
1701 2438 1782 2495 bomo
1806 2442 1932 2498 debono
1947 2444 2002 2499 the·

369 2529 516 2600 Evangelii.
531 2528 670 2583 blarrileste
683 2528 755 2582 enim
768 2526 825 2595 ipse
838 2525 967 2579 Dominus
980 2523 1063 2579 dicit:
1081 2541 1091 2574 r
1104 2521 1157 2591 Qui
1207 2547 1289 2587 sauro
1302 2532 1392 2588 corpis
1405 2531 1447 2587 sup
1459 2529 1563 2602 pmpgpg
1582 2532 1694 2598 bonum,
1709 2543 1737 2588 et
1756 2534 1846 2591 malus
1869 2537 1955 2592 homo
1968 2536 2000 2592 gg

370 2636 413 2677 me
428 2620 566 2675 erubuerit
577 2626 604 2674 ct
615 2632 689 2673 meos
702 2630 851 2683 sermones,
863 2616 936 2671 bunc
952 2614 1023 2670 trtius
1039 2613 1158 2670 bominis
1207 2621 1278 2678 „1210
1296 2622 1425 2677 rhemum
1442 2621 1545 2692 proten
1558 2622 1657 2678 marum
1670 2639 1678 2678 :
1692 2640 1725 2680 ex
1742 2626 1914 2684 agundam,
1928 2629 1997 2685 enim

367 2701 508 2757 errrbcscet
521 2714 583 2756 cum
598 2700 698 2755 sederit
712 2699 741 2753 in
754 2701 894 2766 majestate
910 2713 959 2752 sua
975 2694 1052 2767 (bec.
1071 2698 1150 2764 rai.»
1206 2713 1297 2770 gorges
1323 2728 1355 2770 0⁸
1380 2711 1500 2783 loquitu,
1529 2712 1605 2785 (Luc.
1632 2717 1688 2785 ,ὼ
1719 2724 1747 2770 e,
1778 2716 1861 2773 homo
1886 2721 2003 2789 prum

369 2796 408 2851 lit
422 2796 509 2848 item:
529 2808 540 2846 a
558 2792 659 2856 Nolite,
670 2790 776 2859 inquit,
793 2791 890 2844 timere
905 2804 953 2844 eos
965 2789 1011 2858 qui
1026 2787 1154 2841 occidunt
1207 2802 1342 2874 magnam
1366 2802 1494 2874 placebit,
1519 2803 1582 2873 qui,
1606 2804 1707 2859 sancus
1730 2805 1893 2862 doctoribus
1920 2809 2004 2880 W

369 2883 613 2954 ⁰⁰¹l>¹¹⁸r¹¹¹l¹¹¹²¹¹¹
631 2888 723 2935 amm
741 2894 796 2934 '¹⁰¹¹
818 2888 932 2948 P⁰³⁵¹¹¹¹²
951 2879 1090 2942 ‘'cellfflfei
1106 2876 1153 2931 ⁵⁸⁸¹
1209 2894 1316 2949 dcrotio
1333 2892 1456 2963 discipuli
1490 2894 1560 2949 bene
1573 2893 1735 2960 obedientis,
1750 2897 1830 2966 orrjus
1844 2899 1943 2953 merita
1956 2916 2001 2971 pa-

369 2978 462 3047 potius
489 2989 552 3029 cum
582 2974 688 3038 timete,
710 2970 990 3043 quipartcstanimarn
1010 2976 1034 3023 ct
1054 2980 1154 3037 corpus
1208 2983 1283 3038 ,rung
1302 2983 1354 3039 ,pp
1381 2983 1534 3039 medem
1559 2984 1623 3039 νὴ
1646 2994 1765 3053 mm,
1789 2989 1863 3045 m
1889 3005 2002 3062 m

369 3066 484 3133 perdere
499 3065 527 3119 in
540 3066 691 3135 gehennam
709 3064 813 3133 (llatth.
831 3062 887 3124 xi.»
1209 3073 1343 3128 mnu,
1357 3073 1519 3128 getwang„
1535 3073 1663 3130 {mium

663 3179 777 3238 CAPUT
796 3177 866 3235 xlv.
1247 3184 1257 3219 t
1278 3165 1329 3234 Qut
1353 3174 1482 3237 operatur
1503 3174 1604 3222 terram
1629 3182 1717 3234 suam,
1731 3169 1858 3226 inaltabit
1876 3188 2000 3230 acerram

373 3271 502 3329 deirorum
523 3290 577 3328 rem
597 3273 721 3345 loquitar,
734 3272 796 3343 qaia
808 3270 955 3325 multisunt
968 3269 1012 3340 qai
1026 3283 1080 3337 pror
1097 3282 1160 3347 corr-
1209 3257 1315 3329 frugum
1326 3273 1333 3322 ;
1345 3257 1427 3326 etqui
1438 3266 1566 3325 operatur
1573 3257 1718 3327 iustitiam,
1728 3258 1786 3329 lpse
1797 3263 1974 3319 exaltabitur.
1989 3283 1999 3319 r

407 3345 509 3415 [arione
519 3346 672 3413 promittant
688 3344 782 3408 ordeo,
798 3349 822 3396 et
836 3341 918 3411 gratis
938 3355 998 3394 rant
1011 3338 1066 3394 stris
1082 3337 1158 3392 loiris
1210 3349 1256 3406 pre
1279 3364 1344 3421 330
1359 3358 1489 3421 operatu,
1507 3357 1609 3405 gemm
1622 3366 1709 3416 sum,
1734 3353 1781 3422 qni
1796 3368 1911 3409 cam
1931 3372 2001 3412 m

408 3415 547 3485 “⁶4⁸⁵”m‘
566 3413 711 3467 inimum·
1171 3415 1366 3511 Cevangelico
1383 3457 1498 3497 exarans
1517 3457 1628 3498 uomere
1653 3442 1720 3497 lacit
1740 3458 1802 3498 earn
1826 3445 2001 3515 plurimarum

412 3543 421 3576 a
438 3523 487 3579 Est
502 3523 548 3593 qui
562 3537 618 3594 prae
639 3520 798 3579 conlusionc
807 3519 940 3592 promittit
955 3518 1053 3586 amico,
1073 3526 1100 3575 et
1118 3517 1160 3573 ln·
1210 3531 1340 3587 viriacum
1367 3530 1472 3587 fructus
1489 3531 1609 3603 gignere,
1629 3540 1657 3587 et
1673 3531 1787 3600 justitiae
1814 3537 1946 3605 operibus
1961 3539 2002 3593 de

375 3622 495 3670 «cratus
517 3621 558 3669 est
578 3630 640 3669 eum
664 3613 803 3669 inimicum
828 3612 944 3684 gratis.»
966 3612 1015 3666 Est
1039 3612 1161 3682 quaedam
1210 3618 1324 3675 servire.
1339 3618 1423 3689 Cujus
1439 3634 1521 3689 opera
1544 3619 1738 3690 paterfamilias
1769 3623 1798 3678 in
1824 3623 1918 3680 ipsun
1944 3642 2002 3682 ω.

372 3721 438 3779 pars
457 3705 607 3770 hominum,
622 3720 682 3775 quae
695 3705 723 3759 in
743 3720 791 3760 usu
814 3704 896 3759 habet
920 3703 998 3775 plora
1015 3704 1077 3759 aliis
1098 3719 1161 3774 pro·
1211 3711 1359 3767 minatione
1373 3709 1642 3766 collaudanscoelesti
1653 3712 1757 3766 bonore
1769 3715 1910 3787 condigne
1922 3732 2002 3772 remu·

374 3794 491 3858 rrritterc,
507 3793 553 3849 sed
563 3809 649 3865 pauca
663 3802 774 3865 propter
786 3794 945 3865 parcitatem
959 3794 1026 3849 solet
1037 3794 1160 3860 reddero,
1211 3810 1298 3866 perat,
1310 3802 1425 3857 dicens:
1444 3819 1453 3852 a
1470 3800 1553 3871 Euge,
1579 3815 1657 3856 serre
1683 3802 1754 3857 bone
1770 3812 1799 3856 et
1819 3804 1920 3871 tidelis,
1944 3805 2000 3877 gaia

374 3887 445 3941 unde
455 3885 606 3954 hujusmodi
620 3900 676 3951 eos,
688 3901 756 3956 quos
770 3894 896 3957 poterant
914 3902 966 3941 non
981 3886 1162 3957 promittendo
1212 3907 1292 3961 snper
1304 3906 1389 3961 pauca
1402 3891 1477 3946 luisti
1489 3890 1585 3955 idelis,
1598 3907 1679 3962 super
1690 3892 1775 3947 multa
1789 3900 1818 3949 tc
1827 3897 1999 3962 constituam,

374 3975 473 4031 babere
488 3977 600 4041 amicos,
615 3976 642 4030 iu
656 3976 836 4047 promissione
851 3976 1008 4031 mentiendo
1022 3976 1106 4048 gratis
1121 3976 1163 4030 lu·
1212 3980 1283 4034 iutra
1299 3980 1325 4033 in
1340 3980 1467 4050 gaudium
1483 3979 1589 4034 Domini
1605 3981 1643 4035 tui
1657 3979 1766 4051 (Metti.
1777 3984 1884 4053 rarsi.»

374 4071 441 4125 crati
456 4079 517 4125 sunt
528 4069 660 4125 inimicos.
1250 4089 1260 4122 r
1277 4069 1327 4137 Qui
1342 4083 1408 4125 vero
1417 4069 1506 4140 placet
1516 4070 1660 4141 magnatis,
1674 4068 1785 4142 ellogiet
1796 4072 1998 4143 iniquitatem.»

412 4159 615 4230 ‹Opprobrium
636 4159 708 4214 enim
732 4173 848 4229 nequam
871 4160 898 4215 in
920 4160 1029 4216 bomine
1053 4162 1163 4216 menda·
1212 4163 1269 4218 lloc
1284 4161 1546 4233 estquodsuperius
1558 4162 1636 4227 dixit,
1657 4161 1769 4218 rllomo
1782 4165 1907 4234 prudeus
1919 4166 1999 4237 phoe-

378 4252 487 4316 rcinm,
505 4260 532 4307 et
555 4253 581 4307 in
605 4267 652 4308 ore
671 4253 932 4323 indisciplinatorum
946 4255 1054 4310 assidue
1070 4255 1132 4310 erit.
1150 4271 1160 4307 r
1212 4253 1253 4307 bit
1271 4253 1423 4324 magnatis;
1442 4271 1451 4305 r
1467 4252 1494 4307 ia
1517 4266 1551 4307 eo
1563 4252 1635 4307 enim
1649 4252 1738 4323 placet
1750 4254 1867 4310 devotus
1890 4257 2000 4327 discipo-

375 4339 433 4395 Non
455 4342 525 4396 cuim
545 4357 658 4412 parrum
672 4344 764 4398 ritimn
778 4344 1014 4410 cstmeudacium,
1026 4344 1072 4399 scd
1092 4344 1164 4400 inter
1213 4343 1256 4398 las
1278 4343 1357 4398 bouis
1370 4344 1518 4415 magistris,
1533 4343 1605 4413 quod
1625 4341 1999 4413 lugerecertatotunemaaa·

374 4432 509 4500 praecipua
529 4434 595 4487 uitia
612 4441 795 4487 enumeratur.
811 4432 888 4487 Unde
900 4432 928 4487 in
951 4432 1084 4505 Decalogo
1097 4433 1163 4504 legis
1213 4431 1301 4487 culam
1331 4432 1490 4502 iniquitatis.
1521 4432 1596 4489 Unde
1618 4446 1667 4502 per
1690 4432 1862 4501 psalmistam
1887 4436 1998 4491 dieitur:

376 4524 579 4593 scriptumest:
595 4543 604 4575 r
622 4524 659 4579 Nc
670 4524 766 4579 laisum
778 4524 962 4579 testimonium
973 4524 1047 4579 dicas
1063 4522 1162 4595 (deod.
1217 4542 1226 4574 r
1243 4523 1319 4578 Beati
1331 4523 1498 4579 immaculati
1511 4524 1539 4578 in
1559 4524 1612 4588 ria,
1625 4522 1671 4593 goi
1683 4524 1826 4579 ambulant
1844 4526 1873 4580 in
1887 4527 1945 4598 lege
1956 4529 1999 4583 llo·

375 4615 422 4687 xx)
432 4631 460 4679 ;r
481 4623 508 4669 ct
528 4615 610 4670 alibi:
625 4633 635 4666 a
651 4613 698 4681 0s,
720 4615 818 4686 iuquit,
830 4616 901 4685 qood
921 4617 1052 4671 mentitur
1064 4617 1164 4673 occidit
1214 4614 1280 4668 mini
1295 4613 1381 4685 (Psoi.
1398 4613 1502 4687 carrrr);
1534 4633 1544 4666 r
1560 4623 1589 4669 ct
1610 4613 1675 4668 item
1692 4632 1699 4667 :
1714 4630 1724 4665 a
1738 4613 1841 4671 Beatum
1854 4617 1898 4671 rir
1912 4617 1958 4686 goi
1968 4615 1998 4670 ti·

375 4705 493 4758 animam
504 4703 588 4780 (sap.
603 4705 645 4779 r).
663 4706 747 4777 »Ejus
761 4721 868 4777 quoque
880 4707 1024 4763 assiduitas
1031 4709 1110 4764 valde
1123 4715 1165 4765 est
1215 4714 1270 4762 met
1288 4706 1442 4773 Dominum,
1461 4707 1488 4761 in
1512 4708 1645 4763 mandatis
1658 4706 1719 4776 ejus
1730 4707 1824 4777 cupiet
1839 4709 1923 4764 nimis
1936 4726 1943 4762 :
1958 4720 1998 4779 po·

375 4794 561 4867 vituperabilis
571 4804 598 4851 et
609 4798 772 4867 perniciosa.
785 4797 862 4853 Unde
875 4799 1054 4867 etsequitur:
1174 4764 1203 4825 D
1216 4808 1276 4854 tens
1296 4800 1323 4853 in
1348 4808 1420 4854 terra
1433 4801 1487 4854 erit
1500 4814 1593 4855 senten
1617 4799 1685 4868 cius.
1700 4798 1794 4854 Gloria
1816 4810 1845 4856 ct
1858 4800 1996 4855 diesteh

414 4903 423 4935 a
443 4885 535 4941 Potior
546 4886 589 4939 lur
600 4901 682 4955 quam
696 4886 840 4941 assiduitas
851 4886 901 4939 riri
916 4887 1062 4952 mendacis,
1072 4887 1161 4957 perdi·
1216 4890 1296 4945 domo
1309 4888 1405 4959 ipsius,
1418 4898 1446 4944 et
1459 4890 1563 4957 iustitia
1577 4887 1635 4958 ejus
1648 4898 1740 4945 maeret
1766 4890 1794 4944 iu
1808 4890 1936 4946 saulum
1954 4903 1996 4945 tn·

378 4992 389 5030 a
408 4976 510 5031 tionem
526 4983 615 5030 autern
629 4976 708 5030 ambo
725 4975 930 5030 haereditabunt.
950 4994 959 5027 r
977 4974 1036 5031 Non
1050 4984 1164 5033 excusat
1215 4979 1268 5034 culi
1281 4979 1367 5051 (Psoi.
1380 4979 1446 5054 ort).
1463 4999 1473 5032 r

373 5068 462 5125 lurein
476 5069 553 5138 qrrasi
573 5068 609 5123 sit
627 5067 686 5123 sinc
708 5075 829 5140 peccato,
845 5067 892 5123 sed
910 5066 936 5121 in
950 5064 1162 5137 cjuscompara-
1252 5071 1365 5127 «Xenis
1389 5084 1417 5127 et
1433 5072 1503 5128 dona
1528 5080 1668 5129 excaecant
1693 5071 1787 5127 oculos
1810 5069 1952 5140 iudicium
1973 5075 1994 5121 d

375 5157 448 5211 tione
459 5164 588 5229 aggravat
606 5158 791 5213 assiduitatem
804 5157 936 5213 mendacii
948 5172 956 5211 ε
968 5158 1039 5213 sicut
1052 5158 1078 5212 in
1093 5158 1162 5213 Eue·
1218 5162 1319 5231 «quasi
1339 5171 1430 5217 mutus
1442 5162 1469 5217 iu
1484 5177 1532 5218 ore
1552 5164 1652 5219 avertit
1671 5162 1857 5231 correptiones
1876 5173 1990 5217 coruunt

376 5246 461 5303 chielc
483 5248 625 5317 propbeta,
650 5248 792 5304 fornicatio
817 5248 985 5304 llierosalcm
1007 5258 1163 5319 comparata
1214 5250 1291 5318 erod
1311 5251 1383 5305 euim
1405 5250 1474 5305 dona
1499 5259 1527 5305 et
1551 5252 1672 5321 pecuniae
1696 5248 1800 5317 iudicia
1822 5250 1943 5319 judicum
1965 5244 1992 5301 ab

376 5337 546 5391 fornicationi
564 5336 705 5404 Samariae,
727 5338 885 5394 sceleratior
904 5340 1040 5393 invenitur
1053 5338 1162 5410 (Ezech.
1213 5341 1349 5410 aequitatis
1362 5342 1471 5396 tramite
1492 5341 1525 5397 le
1538 5342 1582 5396 via
1594 5342 1747 5413 iniquitatis
1758 5351 1898 5409 auertant,
1916 5336 1991 5396 naldt

376 5424 432 5495 rvr)
444 5442 451 5490 ;
463 5426 509 5479 sed
519 5436 609 5482 tamen
617 5428 796 5499 ambaedignae
808 5438 871 5483 sunt
884 5437 981 5484 morte.
993 5429 1027 5484 Et
1038 5430 1065 5482 in
1076 5430 1164 5485 Eran—
1214 5430 1242 5485 iu
1255 5429 1322 5484 locis
1333 5444 1412 5485 sacra
1424 5428 1564 5501 Scriptura
1576 5432 1716 5502 praecepit,
1730 5431 1826 5488 dicem
1843 5449 1851 5485 :
1868 5449 1880 5484 r
1899 5428 1990 5486 tuder

375 5516 445 5587 gello
457 5523 596 5585 peccatum
612 5516 687 5573 iudae
708 5527 891 5588 comparatum
908 5530 1021 5589 peccato
1033 5521 1164 5578 Sodomo-
1214 5530 1243 5577 et
1254 5522 1400 5593 magistros
1416 5524 1566 5579 constitues
1583 5524 1611 5578 in
1623 5525 1750 5580 omnibus
1760 5526 1849 5595 portis
1863 5526 1926 5591 tuis,
1937 5534 1989 5596 qut

375 5617 435 5660 rom
450 5605 611 5676 propensius
625 5621 686 5662 esse
707 5608 794 5677 ipsius
809 5607 915 5662 Domini
939 5624 987 5664 ore
1005 5612 1164 5679 pronuntia·
1215 5614 1345 5669 Dominus
1363 5614 1435 5669 Dens
1456 5622 1518 5670 taus
1532 5614 1637 5671 dederit
1651 5616 1698 5670 tibi
1712 5630 1762 5685 per
1784 5616 1906 5687 singulas
1919 5615 1990 5670 tritu

374 5710 433 5766 tur;
459 5700 558 5772 quibus
577 5707 667 5756 tamen
692 5701 824 5757 ambabus
847 5701 876 5756 in
897 5698 1000 5769 judicio
1024 5703 1164 5777 condignae
1216 5714 1285 5770 tuas,
1299 5713 1330 5759 ut
1343 5703 1467 5773 judicent
1480 5705 1607 5776 populum
1624 5704 1822 5775 iustoiudicio,
1835 5722 1887 5765 nec
1900 5706 1991 5763 inalte-

374 5790 566 5847 retributiones
585 5798 913 5861 poeuarunrrescrrantur
928 5790 1035 5860 (darii.
1052 5793 1091 5865 x).
1107 5793 1165 5867 lly-
1215 5810 1275 5849 ram
1299 5802 1404 5866 partem
1422 5795 1568 5851 declinent.
1584 5795 1642 5850 Nou
1662 5796 1781 5867 accipies
1793 5811 1938 5869 personam
1954 5806 1992 5852 stt

376 5879 442 5934 stice
469 5888 558 5936 autern
580 5879 654 5936 iures
676 5877 761 5935 ludaei
788 5889 901 5952 possunt
926 5880 1049 5954 intelligi,
1066 5883 1165 5954 quibus
1214 5900 1338 5953 ururrera,
1354 5886 1417 5957 quia
1433 5902 1546 5942 munera
1571 5894 1710 5942 exsecant
1725 5888 1822 5945 oculos
1835 5889 1993 5959 sapiendus.

373 5983 421 6037 per
434 5968 546 6025 Paulum
558 5971 677 6027 dicitur:
696 5989 705 6022 a
724 5968 774 6037 eri
796 5970 928 6042 praedicas
941 5985 996 6028 uon
1008 5971 1162 6042 iurandum,
1215 5990 1242 6035 ct
1263 5988 1370 6038 uiuunt
1384 5982 1467 6039 rerba
1483 5980 1630 6051 justorum.
1653 5979 1731 6039 iuste
1754 5983 1828 6053 quod
1846 5985 1946 6054 justo·
1965 5986 1997 6039 td
