<?xml version="1.0" encoding="UTF-8"?>
<!DOCTYPE html PUBLIC "-//W3C//DTD XHTML 1.0 Transitional//EN"
    "http://www.w3.org/TR/xhtml1/DTD/xhtml1-transitional.dtd">
<html xmlns="http://www.w3.org/1999/xhtml" xml:lang="en" lang="en">
 <head>
  <title>
</title>
<meta http-equiv="Content-Type" content="text/html;charset=utf-8" />
  <meta name='ocr-system' content='tesseract 3.04.00' />
  <meta name='ocr-capabilities' content='ocr_page ocr_carea ocr_par ocr_line ocrx_word'/>
</head>
<body>
  <div class='ocr_page' id='page_1' title='image "./patrologiaecurs90unkngoog_0498.png"; bbox 0 0 4709 6767; ppageno 0'>
   <div class='ocr_carea' id='block_1_1' title="bbox 354 581 2002 656">
    <p class='ocr_par' dir='ltr' id='par_1_1' title="bbox 354 581 2002 656">
     <span class='ocr_line' id='line_1_1' title="bbox 354 581 2002 656; baseline 0.001 -1"><span class='ocrx_word' id='word_1_1' title='bbox 354 581 413 655; x_wconf 79' lang='lat' dir='ltr'>&#39;aas</span> <span class='ocrx_word' id='word_1_2' title='bbox 685 594 715 649; x_wconf 83' lang='lat' dir='ltr'>a.</span> <span class='ocrx_word' id='word_1_3' title='bbox 737 594 864 649; x_wconf 74' lang='lat' dir='ltr'>tranant</span> <span class='ocrx_word' id='word_1_4' title='bbox 883 593 993 650; x_wconf 84' lang='lat' dir='ltr'>ntum</span> <span class='ocrx_word' id='word_1_5' title='bbox 1012 591 1175 651; x_wconf 80' lang='lat' dir='ltr'>aucune.</span> <span class='ocrx_word' id='word_1_6' title='bbox 1196 592 1354 652; x_wconf 77' lang='lat' dir='ltr'>nonunt.</span> <span class='ocrx_word' id='word_1_7' title='bbox 1375 593 1519 652; x_wconf 83' lang='lat' dir='ltr'>oreada</span> <span class='ocrx_word' id='word_1_8' title='bbox 1536 594 1625 652; x_wconf 81' lang='lat' dir='ltr'>rans</span> <span class='ocrx_word' id='word_1_9' title='bbox 1643 596 1665 651; x_wconf 91' lang='lat' dir='ltr'>r.</span> <span class='ocrx_word' id='word_1_10' title='bbox 1948 600 2002 656; x_wconf 78' lang='lat' dir='ltr'>sat</span> 
     </span>
    </p>
   </div>
   <div class='ocr_carea' id='block_1_2' title="bbox 351 704 2005 1237">
    <p class='ocr_par' dir='ltr' id='par_1_2' title="bbox 678 704 2002 777">
     <span class='ocr_line' id='line_1_2' title="bbox 678 704 2002 777; baseline 0.004 -16"><span class='ocrx_word' id='word_1_11' title='bbox 678 704 838 763; x_wconf 74' lang='lat' dir='ltr'>caruli.</span> <span class='ocrx_word' id='word_1_12' title='bbox 1167 707 1258 772; x_wconf 78' lang='lat' dir='ltr'>Abos</span> <span class='ocrx_word' id='word_1_13' title='bbox 1271 707 1414 772; x_wconf 83' lang='lat' dir='ltr'>virtutum,</span> <span class='ocrx_word' id='word_1_14' title='bbox 1429 707 1529 777; x_wconf 87' lang='lat' dir='ltr'>quibus</span> <span class='ocrx_word' id='word_1_15' title='bbox 1547 721 1655 777; x_wconf 88' lang='lat' dir='ltr'>semper</span> <span class='ocrx_word' id='word_1_16' title='bbox 1675 708 1776 763; x_wconf 85' lang='lat' dir='ltr'>insistit</span> <span class='ocrx_word' id='word_1_17' title='bbox 1802 707 1914 764; x_wconf 77' lang='lat' dir='ltr'>devotio</span> <span class='ocrx_word' id='word_1_18' title='bbox 1936 712 2002 766; x_wconf 80' lang='lat' dir='ltr'>lade·</span> 
     </span>
    </p>

    <p class='ocr_par' dir='ltr' id='par_1_3' title="bbox 360 797 2003 880">
     <span class='ocr_line' id='line_1_3' title="bbox 360 797 2003 880; baseline -0.004 -19"><span class='ocrx_word' id='word_1_19' title='bbox 360 803 400 861; x_wconf 82' lang='lat' dir='ltr'>De</span> <span class='ocrx_word' id='word_1_20' title='bbox 415 806 481 859; x_wconf 88' lang='lat' dir='ltr'>bono</span> <span class='ocrx_word' id='word_1_21' title='bbox 493 800 623 865; x_wconf 78' lang='lat' dir='ltr'>sanitatis,</span> <span class='ocrx_word' id='word_1_22' title='bbox 634 800 696 870; x_wconf 86' lang='lat' dir='ltr'>quia</span> <span class='ocrx_word' id='word_1_23' title='bbox 710 798 852 880; x_wconf 77' lang='lat' dir='ltr'>meliorest</span> <span class='ocrx_word' id='word_1_24' title='bbox 864 810 1005 873; x_wconf 80' lang='lat' dir='ltr'>pauperius</span> <span class='ocrx_word' id='word_1_25' title='bbox 1017 800 1153 855; x_wconf 82' lang='lat' dir='ltr'>etaunitos</span> <span class='ocrx_word' id='word_1_26' title='bbox 1206 798 1284 864; x_wconf 83' lang='lat' dir='ltr'>liunt,</span> <span class='ocrx_word' id='word_1_27' title='bbox 1309 797 1419 869; x_wconf 89' lang='lat' dir='ltr'>aliquod</span> <span class='ocrx_word' id='word_1_28' title='bbox 1443 799 1580 869; x_wconf 77' lang='lat' dir='ltr'><strong>negotium</strong></span> <span class='ocrx_word' id='word_1_29' title='bbox 1595 798 1675 867; x_wconf 88' lang='lat' dir='ltr'>bajus</span> <span class='ocrx_word' id='word_1_30' title='bbox 1690 797 1783 853; x_wconf 87' lang='lat' dir='ltr'>mundi</span> <span class='ocrx_word' id='word_1_31' title='bbox 1803 798 1945 870; x_wconf 76' lang='lat' dir='ltr'>adaquari</span> <span class='ocrx_word' id='word_1_32' title='bbox 1959 817 2003 861; x_wconf 80' lang='lat' dir='ltr'>ra·</span> 
     </span>
    </p>

    <p class='ocr_par' dir='ltr' id='par_1_4' title="bbox 351 870 2003 1054">
     <span class='ocr_line' id='line_1_4' title="bbox 351 870 2003 961; baseline 0.005 -19"><span class='ocrx_word' id='word_1_33' title='bbox 351 910 353 914; x_wconf 95' lang='lat'>·</span> <span class='ocrx_word' id='word_1_34' title='bbox 699 870 811 925; x_wconf 56' lang='lat' dir='ltr'>dimisi·</span> <span class='ocrx_word' id='word_1_35' title='bbox 1205 889 1244 946; x_wconf 90' lang='lat' dir='ltr'>let</span> <span class='ocrx_word' id='word_1_36' title='bbox 1259 908 1265 944; x_wconf 93' lang='lat'><strong>:</strong></span> <span class='ocrx_word' id='word_1_37' title='bbox 1285 890 1347 960; x_wconf 90' lang='lat' dir='ltr'>quia</span> <span class='ocrx_word' id='word_1_38' title='bbox 1361 901 1493 961; x_wconf 92' lang='lat' dir='ltr'>quantum</span> <span class='ocrx_word' id='word_1_39' title='bbox 1516 893 1617 947; x_wconf 88' lang='lat' dir='ltr'>distant</span> <span class='ocrx_word' id='word_1_40' title='bbox 1641 892 1828 958; x_wconf 68' lang='lat' dir='ltr'>diuturnitate,</span> <span class='ocrx_word' id='word_1_41' title='bbox 1854 900 1935 950; x_wconf 76' lang='lat' dir='ltr'>tanto</span> <span class='ocrx_word' id='word_1_42' title='bbox 1949 895 2003 951; x_wconf 66' lang='lat' dir='ltr'>die</span> 
     </span>
     <span class='ocr_line' id='line_1_5' title="bbox 398 981 1546 1054; baseline 0 -16"><span class='ocrx_word' id='word_1_43' title='bbox 398 1008 407 1038; x_wconf 74' lang='grc' dir='ltr'><strong>ι</strong></span> <span class='ocrx_word' id='word_1_44' title='bbox 427 984 521 1040; x_wconf 87' lang='lat' dir='ltr'>ltlelior</span> <span class='ocrx_word' id='word_1_45' title='bbox 539 991 582 1039; x_wconf 88' lang='lat' dir='ltr'>cst</span> <span class='ocrx_word' id='word_1_46' title='bbox 605 997 707 1054; x_wconf 90' lang='lat' dir='ltr'>pauper</span> <span class='ocrx_word' id='word_1_47' title='bbox 721 997 803 1037; x_wconf 86' lang='lat' dir='ltr'>sanus</span> <span class='ocrx_word' id='word_1_48' title='bbox 816 990 844 1038; x_wconf 90' lang='lat' dir='ltr'>et</span> <span class='ocrx_word' id='word_1_49' title='bbox 861 981 939 1038; x_wconf 77' lang='lat' dir='ltr'>fortis</span> <span class='ocrx_word' id='word_1_50' title='bbox 958 982 1063 1038; x_wconf 85' lang='lat' dir='ltr'>viribus</span> <span class='ocrx_word' id='word_1_51' title='bbox 1085 983 1152 1049; x_wconf 88' lang='lat' dir='ltr'>suis,</span> <span class='ocrx_word' id='word_1_52' title='bbox 1205 990 1391 1038; x_wconf 88' lang='lat' dir='ltr'>cernunturet</span> <span class='ocrx_word' id='word_1_53' title='bbox 1405 983 1546 1054; x_wconf 88' lang='lat' dir='ltr'>dignitate.</span> 
     </span>
    </p>

    <p class='ocr_par' dir='ltr' id='par_1_5' title="bbox 362 1071 2005 1147">
     <span class='ocr_line' id='line_1_6' title="bbox 362 1071 2005 1147; baseline 0.002 -20"><span class='ocrx_word' id='word_1_54' title='bbox 362 1096 371 1127; x_wconf 78' lang='grc' dir='ltr'><strong>ι</strong></span> <span class='ocrx_word' id='word_1_55' title='bbox 391 1090 473 1145; x_wconf 87' lang='lat' dir='ltr'>qnam</span> <span class='ocrx_word' id='word_1_56' title='bbox 486 1073 560 1128; x_wconf 84' lang='lat' dir='ltr'>dires</span> <span class='ocrx_word' id='word_1_57' title='bbox 574 1072 716 1128; x_wconf 82' lang='lat' dir='ltr'>imbecillis</span> <span class='ocrx_word' id='word_1_58' title='bbox 728 1080 756 1127; x_wconf 90' lang='lat' dir='ltr'>et</span> <span class='ocrx_word' id='word_1_59' title='bbox 771 1071 920 1143; x_wconf 79' lang='lat' dir='ltr'>flagellatus</span> <span class='ocrx_word' id='word_1_60' title='bbox 939 1071 1054 1127; x_wconf 89' lang='lat' dir='ltr'>malitia.</span> <span class='ocrx_word' id='word_1_61' title='bbox 1069 1090 1078 1125; x_wconf 77' lang='lat' dir='ltr'>r</span> <span class='ocrx_word' id='word_1_62' title='bbox 1094 1071 1153 1127; x_wconf 89' lang='lat' dir='ltr'>Non</span> <span class='ocrx_word' id='word_1_63' title='bbox 1244 1073 1363 1129; x_wconf 83' lang='lat' dir='ltr'>illelior</span> <span class='ocrx_word' id='word_1_64' title='bbox 1375 1082 1418 1129; x_wconf 90' lang='lat' dir='ltr'>est</span> <span class='ocrx_word' id='word_1_65' title='bbox 1438 1089 1512 1129; x_wconf 90' lang='lat' dir='ltr'>mors</span> <span class='ocrx_word' id='word_1_66' title='bbox 1531 1090 1612 1144; x_wconf 91' lang='lat' dir='ltr'>qnam</span> <span class='ocrx_word' id='word_1_67' title='bbox 1631 1073 1687 1129; x_wconf 87' lang='lat' dir='ltr'>rita</span> <span class='ocrx_word' id='word_1_68' title='bbox 1708 1089 1822 1141; x_wconf 76' lang='lat' dir='ltr'>amara3</span> <span class='ocrx_word' id='word_1_69' title='bbox 1837 1081 1869 1131; x_wconf 86' lang='lat' dir='ltr'>et</span> <span class='ocrx_word' id='word_1_70' title='bbox 1893 1078 2005 1147; x_wconf 85' lang='lat' dir='ltr'>requies</span> 
     </span>
    </p>

    <p class='ocr_par' dir='ltr' id='par_1_6' title="bbox 359 1163 2000 1237">
     <span class='ocr_line' id='line_1_7' title="bbox 359 1163 2000 1237; baseline 0.004 -20"><span class='ocrx_word' id='word_1_71' title='bbox 359 1176 414 1220; x_wconf 85' lang='lat' dir='ltr'>tarn</span> <span class='ocrx_word' id='word_1_72' title='bbox 429 1180 494 1237; x_wconf 90' lang='lat' dir='ltr'>ergo</span> <span class='ocrx_word' id='word_1_73' title='bbox 508 1164 554 1220; x_wconf 89' lang='lat' dir='ltr'>bic</span> <span class='ocrx_word' id='word_1_74' title='bbox 568 1164 711 1219; x_wconf 88' lang='lat' dir='ltr'>sanitatem</span> <span class='ocrx_word' id='word_1_75' title='bbox 727 1163 850 1233; x_wconf 75' lang='lat' dir='ltr'>comonis</span> <span class='ocrx_word' id='word_1_76' title='bbox 875 1178 955 1233; x_wconf 88' lang='lat' dir='ltr'>qnam</span> <span class='ocrx_word' id='word_1_77' title='bbox 973 1163 1071 1216; x_wconf 80' lang='lat' dir='ltr'>animae</span> <span class='ocrx_word' id='word_1_78' title='bbox 1084 1176 1154 1231; x_wconf 71' lang='lat' dir='ltr'>prar-</span> <span class='ocrx_word' id='word_1_79' title='bbox 1207 1173 1333 1219; x_wconf 80' lang='lat' dir='ltr'>taetema</span> <span class='ocrx_word' id='word_1_80' title='bbox 1359 1181 1440 1235; x_wconf 87' lang='lat' dir='ltr'>quarn</span> <span class='ocrx_word' id='word_1_81' title='bbox 1465 1164 1580 1237; x_wconf 80' lang='lat' dir='ltr'><strong>languor</strong></span> <span class='ocrx_word' id='word_1_82' title='bbox 1604 1181 1793 1236; x_wconf 80' lang='lat' dir='ltr'>perseverans.</span> <span class='ocrx_word' id='word_1_83' title='bbox 1813 1185 1824 1219; x_wconf 83' lang='lat' dir='ltr'>t</span> <span class='ocrx_word' id='word_1_84' title='bbox 1847 1168 1885 1222; x_wconf 91' lang='lat' dir='ltr'>lu·</span> <span class='ocrx_word' id='word_1_85' title='bbox 1904 1168 2000 1223; x_wconf 78' lang='lat' dir='ltr'>Eccle-</span> 
     </span>
    </p>
   </div>
   <div class='ocr_carea' id='block_1_3' title="bbox 275 1254 2005 1328">
    <p class='ocr_par' dir='ltr' id='par_1_7' title="bbox 275 1254 2005 1328">
     <span class='ocr_line' id='line_1_8' title="bbox 275 1254 2005 1328; baseline 0.002 -17"><span class='ocrx_word' id='word_1_86' title='bbox 275 1284 279 1292; x_wconf 91' lang='lat'><strong>·</strong></span> <span class='ocrx_word' id='word_1_87' title='bbox 358 1260 442 1324; x_wconf 69' lang='lat' dir='ltr'>«licat,</span> <span class='ocrx_word' id='word_1_88' title='bbox 467 1258 529 1327; x_wconf 88' lang='lat' dir='ltr'>qnia</span> <span class='ocrx_word' id='word_1_89' title='bbox 552 1255 598 1326; x_wconf 87' lang='lat' dir='ltr'>qui</span> <span class='ocrx_word' id='word_1_90' title='bbox 622 1271 705 1311; x_wconf 90' lang='lat' dir='ltr'>sanus</span> <span class='ocrx_word' id='word_1_91' title='bbox 719 1263 761 1309; x_wconf 91' lang='lat' dir='ltr'>est</span> <span class='ocrx_word' id='word_1_92' title='bbox 789 1264 890 1319; x_wconf 83' lang='lat' dir='ltr'>niente,</span> <span class='ocrx_word' id='word_1_93' title='bbox 916 1270 968 1309; x_wconf 93' lang='lat' dir='ltr'>non</span> <span class='ocrx_word' id='word_1_94' title='bbox 993 1264 1072 1309; x_wconf 89' lang='lat' dir='ltr'>nocet</span> <span class='ocrx_word' id='word_1_95' title='bbox 1090 1269 1152 1308; x_wconf 91' lang='lat' dir='ltr'>enm</span> <span class='ocrx_word' id='word_1_96' title='bbox 1205 1254 1288 1309; x_wconf 85' lang='lat' dir='ltr'>siaste</span> <span class='ocrx_word' id='word_1_97' title='bbox 1302 1255 1432 1323; x_wconf 88' lang='lat' dir='ltr'>seriptum</span> <span class='ocrx_word' id='word_1_98' title='bbox 1446 1266 1489 1310; x_wconf 88' lang='lat' dir='ltr'>est</span> <span class='ocrx_word' id='word_1_99' title='bbox 1502 1275 1532 1310; x_wconf 84' lang='lat' dir='ltr'>:t</span> <span class='ocrx_word' id='word_1_100' title='bbox 1549 1256 1669 1311; x_wconf 84' lang='lat' dir='ltr'>Laudari</span> <span class='ocrx_word' id='word_1_101' title='bbox 1683 1257 1771 1327; x_wconf 87' lang='lat' dir='ltr'>magis</span> <span class='ocrx_word' id='word_1_102' title='bbox 1784 1268 2005 1328; x_wconf 86' lang='lat' dir='ltr'>tttortuosquaat</span> 
     </span>
    </p>
   </div>
   <div class='ocr_carea' id='block_1_4' title="bbox 295 1343 2006 6084">
    <p class='ocr_par' dir='ltr' id='par_1_8' title="bbox 295 1343 2006 6084">
     <span class='ocr_line' id='line_1_9' title="bbox 358 1343 2006 1419; baseline 0.003 -19"><span class='ocrx_word' id='word_1_103' title='bbox 358 1348 450 1404; x_wconf 62' lang='lat' dir='ltr'>vernari</span> <span class='ocrx_word' id='word_1_104' title='bbox 470 1349 497 1403; x_wconf 89' lang='lat' dir='ltr'>in</span> <span class='ocrx_word' id='word_1_105' title='bbox 524 1347 659 1417; x_wconf 85' lang='lat' dir='ltr'>corporali</span> <span class='ocrx_word' id='word_1_106' title='bbox 689 1345 872 1401; x_wconf 86' lang='lat' dir='ltr'>tribulatione.</span> <span class='ocrx_word' id='word_1_107' title='bbox 902 1344 980 1399; x_wconf 89' lang='lat' dir='ltr'>Unde</span> <span class='ocrx_word' id='word_1_108' title='bbox 1004 1343 1153 1398; x_wconf 80' lang='lat' dir='ltr'>Panlnsdc</span> <span class='ocrx_word' id='word_1_109' title='bbox 1204 1346 1383 1411; x_wconf 82' lang='lat' dir='ltr'>virentes;ct</span> <span class='ocrx_word' id='word_1_110' title='bbox 1395 1348 1542 1402; x_wconf 77' lang='lat' dir='ltr'>feliciorem</span> <span class='ocrx_word' id='word_1_111' title='bbox 1556 1347 1811 1419; x_wconf 82' lang='lat' dir='ltr'>utroqnejudieavi,</span> <span class='ocrx_word' id='word_1_112' title='bbox 1830 1349 1880 1419; x_wconf 92' lang='lat' dir='ltr'>qui</span> <span class='ocrx_word' id='word_1_113' title='bbox 1891 1350 2006 1405; x_wconf 86' lang='lat' dir='ltr'>necdum</span> 
     </span>
     <span class='ocr_line' id='line_1_10' title="bbox 357 1435 2004 1514; baseline 0.003 -21"><span class='ocrx_word' id='word_1_114' title='bbox 357 1439 504 1509; x_wconf 84' lang='lat' dir='ltr'>sernetipso</span> <span class='ocrx_word' id='word_1_115' title='bbox 516 1438 573 1492; x_wconf 87' lang='lat' dir='ltr'>ait:</span> <span class='ocrx_word' id='word_1_116' title='bbox 588 1457 597 1488; x_wconf 81' lang='lat' dir='ltr'>t</span> <span class='ocrx_word' id='word_1_117' title='bbox 612 1436 727 1505; x_wconf 79' lang='lat' dir='ltr'>Quando</span> <span class='ocrx_word' id='word_1_118' title='bbox 739 1435 872 1500; x_wconf 82' lang='lat' dir='ltr'>intirmor,</span> <span class='ocrx_word' id='word_1_119' title='bbox 888 1443 951 1490; x_wconf 90' lang='lat' dir='ltr'>tnnc</span> <span class='ocrx_word' id='word_1_120' title='bbox 965 1443 1061 1505; x_wconf 89' lang='lat' dir='ltr'>potens</span> <span class='ocrx_word' id='word_1_121' title='bbox 1073 1448 1150 1497; x_wconf 87' lang='lat' dir='ltr'>sum;</span> <span class='ocrx_word' id='word_1_122' title='bbox 1204 1447 1286 1494; x_wconf 75' lang='lat' dir='ltr'>nanis</span> <span class='ocrx_word' id='word_1_123' title='bbox 1304 1450 1357 1497; x_wconf 79' lang='lat' dir='ltr'>est.</span> <span class='ocrx_word' id='word_1_124' title='bbox 1374 1456 1425 1496; x_wconf 87' lang='lat' dir='ltr'>nee</span> <span class='ocrx_word' id='word_1_125' title='bbox 1434 1442 1508 1496; x_wconf 82' lang='lat' dir='ltr'>ridet</span> <span class='ocrx_word' id='word_1_126' title='bbox 1517 1441 1587 1495; x_wconf 89' lang='lat' dir='ltr'>mala</span> <span class='ocrx_word' id='word_1_127' title='bbox 1598 1455 1658 1510; x_wconf 81' lang='lat' dir='ltr'>quae</span> <span class='ocrx_word' id='word_1_128' title='bbox 1670 1442 1723 1497; x_wconf 89' lang='lat' dir='ltr'>sub</span> <span class='ocrx_word' id='word_1_129' title='bbox 1735 1441 1793 1497; x_wconf 86' lang='lat' dir='ltr'>sole</span> <span class='ocrx_word' id='word_1_130' title='bbox 1806 1451 1876 1497; x_wconf 89' lang='lat' dir='ltr'>suut</span> <span class='ocrx_word' id='word_1_131' title='bbox 1889 1441 2004 1514; x_wconf 67' lang='lat' dir='ltr'>(Exta.</span> 
     </span>
     <span class='ocr_line' id='line_1_11' title="bbox 307 1526 2004 1603; baseline -0.002 -13"><span class='ocrx_word' id='word_1_132' title='bbox 307 1578 311 1590; x_wconf 86' lang='lat'><em>.</em></span> <span class='ocrx_word' id='word_1_133' title='bbox 357 1530 474 1588; x_wconf 89' lang='lat' dir='ltr'>libenter</span> <span class='ocrx_word' id='word_1_134' title='bbox 499 1531 581 1603; x_wconf 87' lang='lat' dir='ltr'>igitur</span> <span class='ocrx_word' id='word_1_135' title='bbox 594 1529 732 1603; x_wconf 90' lang='lat' dir='ltr'>gloriabor</span> <span class='ocrx_word' id='word_1_136' title='bbox 746 1529 773 1583; x_wconf 93' lang='lat' dir='ltr'>in</span> <span class='ocrx_word' id='word_1_137' title='bbox 797 1527 1001 1584; x_wconf 79' lang='lat' dir='ltr'>infirmitatibus</span> <span class='ocrx_word' id='word_1_138' title='bbox 1020 1526 1097 1590; x_wconf 84' lang='lat' dir='ltr'>meis,</span> <span class='ocrx_word' id='word_1_139' title='bbox 1123 1532 1153 1578; x_wconf 91' lang='lat' dir='ltr'>nt</span> <span class='ocrx_word' id='word_1_140' title='bbox 1205 1526 1253 1598; x_wconf 81' lang='lat' dir='ltr'>tv).</span> <span class='ocrx_word' id='word_1_141' title='bbox 1272 1548 1280 1578; x_wconf 76' lang='lat' dir='ltr'>i</span> <span class='ocrx_word' id='word_1_142' title='bbox 1299 1529 1349 1584; x_wconf 87' lang='lat' dir='ltr'>Ubi</span> <span class='ocrx_word' id='word_1_143' title='bbox 1370 1530 1491 1585; x_wconf 81' lang='lat' dir='ltr'>ostendit</span> <span class='ocrx_word' id='word_1_144' title='bbox 1511 1530 1545 1585; x_wconf 91' lang='lat' dir='ltr'>ad</span> <span class='ocrx_word' id='word_1_145' title='bbox 1566 1530 1799 1601; x_wconf 79' lang='lat' dir='ltr'>comparationem</span> <span class='ocrx_word' id='word_1_146' title='bbox 1818 1531 2004 1597; x_wconf 78' lang='lat' dir='ltr'>miseriarum,</span> 
     </span>
     <span class='ocr_line' id='line_1_12' title="bbox 357 1616 2005 1691; baseline 0.002 -15"><span class='ocrx_word' id='word_1_147' title='bbox 357 1623 490 1678; x_wconf 83' lang='lat' dir='ltr'>inhabitet</span> <span class='ocrx_word' id='word_1_148' title='bbox 500 1622 527 1676; x_wconf 87' lang='lat' dir='ltr'>in</span> <span class='ocrx_word' id='word_1_149' title='bbox 541 1637 584 1676; x_wconf 88' lang='lat' dir='ltr'>mc</span> <span class='ocrx_word' id='word_1_150' title='bbox 597 1622 683 1675; x_wconf 86' lang='lat' dir='ltr'>virtus</span> <span class='ocrx_word' id='word_1_151' title='bbox 696 1618 795 1674; x_wconf 84' lang='lat' dir='ltr'>Cbristi</span> <span class='ocrx_word' id='word_1_152' title='bbox 810 1617 853 1689; x_wconf 84' lang='lat' dir='ltr'>(ll</span> <span class='ocrx_word' id='word_1_153' title='bbox 867 1616 928 1673; x_wconf 82' lang='lat' dir='ltr'>Cor.</span> <span class='ocrx_word' id='word_1_154' title='bbox 944 1617 1005 1688; x_wconf 78' lang='lat' dir='ltr'>an).</span> <span class='ocrx_word' id='word_1_155' title='bbox 1019 1616 1154 1671; x_wconf 71' lang='lat' dir='ltr'>»Necali</span> <span class='ocrx_word' id='word_1_156' title='bbox 1203 1635 1265 1690; x_wconf 81' lang='lat' dir='ltr'>qum</span> <span class='ocrx_word' id='word_1_157' title='bbox 1292 1620 1319 1673; x_wconf 91' lang='lat' dir='ltr'>in</span> <span class='ocrx_word' id='word_1_158' title='bbox 1340 1621 1394 1675; x_wconf 89' lang='lat' dir='ltr'>boc</span> <span class='ocrx_word' id='word_1_159' title='bbox 1412 1620 1511 1675; x_wconf 85' lang='lat' dir='ltr'>saeculo</span> <span class='ocrx_word' id='word_1_160' title='bbox 1534 1620 1664 1677; x_wconf 79' lang='lat' dir='ltr'>mortales</span> <span class='ocrx_word' id='word_1_161' title='bbox 1690 1630 1846 1691; x_wconf 83' lang='lat' dir='ltr'>premunt,</span> <span class='ocrx_word' id='word_1_162' title='bbox 1870 1621 2005 1679; x_wconf 74' lang='lat' dir='ltr'>tenuaret</span> 
     </span>
     <span class='ocr_line' id='line_1_13' title="bbox 358 1706 2005 1784; baseline 0.002 -18"><span class='ocrx_word' id='word_1_163' title='bbox 358 1714 422 1783; x_wconf 76' lang='lat' dir='ltr'>qitirl</span> <span class='ocrx_word' id='word_1_164' title='bbox 439 1714 561 1784; x_wconf 77' lang='lat' dir='ltr'>ailjurat,</span> <span class='ocrx_word' id='word_1_165' title='bbox 583 1711 732 1781; x_wconf 81' lang='lat' dir='ltr'>quemlibet</span> <span class='ocrx_word' id='word_1_166' title='bbox 746 1711 864 1765; x_wconf 86' lang='lat' dir='ltr'>sanitate</span> <span class='ocrx_word' id='word_1_167' title='bbox 886 1708 1065 1779; x_wconf 82' lang='lat' dir='ltr'>corporalier</span> <span class='ocrx_word' id='word_1_168' title='bbox 1083 1706 1152 1761; x_wconf 84' lang='lat' dir='ltr'>diri·</span> <span class='ocrx_word' id='word_1_169' title='bbox 1204 1726 1264 1767; x_wconf 88' lang='lat' dir='ltr'>esse</span> <span class='ocrx_word' id='word_1_170' title='bbox 1279 1720 1401 1767; x_wconf 82' lang='lat' dir='ltr'>triortuos</span> <span class='ocrx_word' id='word_1_171' title='bbox 1422 1728 1503 1782; x_wconf 88' lang='lat' dir='ltr'>quam</span> <span class='ocrx_word' id='word_1_172' title='bbox 1525 1713 1657 1768; x_wconf 78' lang='lat' dir='ltr'>virentes.</span> <span class='ocrx_word' id='word_1_173' title='bbox 1682 1714 1822 1769; x_wconf 75' lang='lat' dir='ltr'>Meliorem</span> <span class='ocrx_word' id='word_1_174' title='bbox 1850 1724 1945 1770; x_wconf 82' lang='lat' dir='ltr'>autem</span> <span class='ocrx_word' id='word_1_175' title='bbox 1965 1716 2005 1770; x_wconf 86' lang='lat' dir='ltr'>bit</span> 
     </span>
     <span class='ocr_line' id='line_1_14' title="bbox 359 1800 2004 1876; baseline 0.002 -18"><span class='ocrx_word' id='word_1_176' title='bbox 359 1808 403 1858; x_wconf 74' lang='lat' dir='ltr'>tis</span> <span class='ocrx_word' id='word_1_177' title='bbox 418 1804 594 1859; x_wconf 70' lang='lat' dir='ltr'>etaettlaribus</span> <span class='ocrx_word' id='word_1_178' title='bbox 617 1804 765 1869; x_wconf 89' lang='lat' dir='ltr'>abundare,</span> <span class='ocrx_word' id='word_1_179' title='bbox 790 1804 812 1858; x_wconf 91' lang='lat' dir='ltr'>si</span> <span class='ocrx_word' id='word_1_180' title='bbox 828 1802 970 1858; x_wconf 88' lang='lat' dir='ltr'>imbecillis</span> <span class='ocrx_word' id='word_1_181' title='bbox 987 1802 1023 1856; x_wconf 89' lang='lat' dir='ltr'>sit</span> <span class='ocrx_word' id='word_1_182' title='bbox 1042 1800 1105 1863; x_wconf 80' lang='lat' dir='ltr'>lade,</span> <span class='ocrx_word' id='word_1_183' title='bbox 1125 1809 1153 1854; x_wconf 89' lang='lat' dir='ltr'>et</span> <span class='ocrx_word' id='word_1_184' title='bbox 1205 1803 1319 1867; x_wconf 84' lang='lat' dir='ltr'>dnolnts,</span> <span class='ocrx_word' id='word_1_185' title='bbox 1336 1803 1444 1858; x_wconf 80' lang='lat' dir='ltr'>virente</span> <span class='ocrx_word' id='word_1_186' title='bbox 1459 1803 1586 1859; x_wconf 87' lang='lat' dir='ltr'>videlieet</span> <span class='ocrx_word' id='word_1_187' title='bbox 1604 1812 1632 1858; x_wconf 87' lang='lat' dir='ltr'>et</span> <span class='ocrx_word' id='word_1_188' title='bbox 1644 1803 1791 1871; x_wconf 78' lang='lat' dir='ltr'>defuncto,</span> <span class='ocrx_word' id='word_1_189' title='bbox 1815 1805 1867 1876; x_wconf 91' lang='lat' dir='ltr'>qui</span> <span class='ocrx_word' id='word_1_190' title='bbox 1892 1807 2004 1861; x_wconf 63' lang='lat' dir='ltr'>mum</span> 
     </span>
     <span class='ocr_line' id='line_1_15' title="bbox 357 1892 2005 1968; baseline 0.004 -21"><span class='ocrx_word' id='word_1_191' title='bbox 357 1907 471 1951; x_wconf 69' lang='lat' dir='ltr'>teretur</span> <span class='ocrx_word' id='word_1_192' title='bbox 481 1898 591 1952; x_wconf 86' lang='lat' dir='ltr'>stimulo</span> <span class='ocrx_word' id='word_1_193' title='bbox 601 1897 711 1954; x_wconf 73' lang='lat' dir='ltr'>malitiae</span> <span class='ocrx_word' id='word_1_194' title='bbox 725 1916 730 1951; x_wconf 96' lang='lat'><strong>:</strong></span> <span class='ocrx_word' id='word_1_195' title='bbox 748 1898 876 1968; x_wconf 89' lang='lat' dir='ltr'>quoniam</span> <span class='ocrx_word' id='word_1_196' title='bbox 889 1897 1038 1953; x_wconf 85' lang='lat' dir='ltr'>meliorest</span> <span class='ocrx_word' id='word_1_197' title='bbox 1050 1910 1153 1967; x_wconf 79' lang='lat' dir='ltr'>pauper</span> <span class='ocrx_word' id='word_1_198' title='bbox 1203 1901 1285 1947; x_wconf 89' lang='lat' dir='ltr'>rtatns</span> <span class='ocrx_word' id='word_1_199' title='bbox 1299 1901 1356 1958; x_wconf 75' lang='lat' dir='ltr'>est;</span> <span class='ocrx_word' id='word_1_200' title='bbox 1372 1892 1442 1948; x_wconf 89' lang='lat' dir='ltr'>alins</span> <span class='ocrx_word' id='word_1_201' title='bbox 1454 1894 1526 1948; x_wconf 88' lang='lat' dir='ltr'>enim</span> <span class='ocrx_word' id='word_1_202' title='bbox 1537 1894 1625 1949; x_wconf 89' lang='lat' dir='ltr'>adbuc</span> <span class='ocrx_word' id='word_1_203' title='bbox 1634 1896 1737 1965; x_wconf 88' lang='lat' dir='ltr'>patitur</span> <span class='ocrx_word' id='word_1_204' title='bbox 1750 1896 1834 1962; x_wconf 92' lang='lat' dir='ltr'>mala,</span> <span class='ocrx_word' id='word_1_205' title='bbox 1846 1897 1920 1953; x_wconf 90' lang='lat' dir='ltr'>alius</span> <span class='ocrx_word' id='word_1_206' title='bbox 1930 1899 2005 1968; x_wconf 85' lang='lat' dir='ltr'>qnasi</span> 
     </span>
     <span class='ocr_line' id='line_1_16' title="bbox 358 1980 2004 2060; baseline 0 -19"><span class='ocrx_word' id='word_1_207' title='bbox 358 1988 500 2043; x_wconf 81' lang='lat' dir='ltr'>artrlnrlans</span> <span class='ocrx_word' id='word_1_208' title='bbox 517 1989 543 2042; x_wconf 92' lang='lat' dir='ltr'>in</span> <span class='ocrx_word' id='word_1_209' title='bbox 559 1989 731 2060; x_wconf 78' lang='lat' dir='ltr'>simplicitate</span> <span class='ocrx_word' id='word_1_210' title='bbox 745 2004 804 2054; x_wconf 89' lang='lat' dir='ltr'>sun,</span> <span class='ocrx_word' id='word_1_211' title='bbox 820 2003 901 2058; x_wconf 88' lang='lat' dir='ltr'>qoam</span> <span class='ocrx_word' id='word_1_212' title='bbox 925 1988 1000 2042; x_wconf 84' lang='lat' dir='ltr'>dives</span> <span class='ocrx_word' id='word_1_213' title='bbox 1020 1988 1046 2042; x_wconf 92' lang='lat' dir='ltr'>in</span> <span class='ocrx_word' id='word_1_214' title='bbox 1061 1987 1153 2057; x_wconf 81' lang='lat' dir='ltr'>pravis</span> <span class='ocrx_word' id='word_1_215' title='bbox 1205 1982 1238 2037; x_wconf 89' lang='lat' dir='ltr'>de</span> <span class='ocrx_word' id='word_1_216' title='bbox 1255 1980 1396 2052; x_wconf 83' lang='lat' dir='ltr'>natriragio</span> <span class='ocrx_word' id='word_1_217' title='bbox 1412 1983 1609 2040; x_wconf 82' lang='lat' dir='ltr'>nndnsevasit.</span> <span class='ocrx_word' id='word_1_218' title='bbox 1625 1985 1710 2041; x_wconf 85' lang='lat' dir='ltr'>Porro</span> <span class='ocrx_word' id='word_1_219' title='bbox 1721 1987 1767 2056; x_wconf 91' lang='lat' dir='ltr'>qui</span> <span class='ocrx_word' id='word_1_220' title='bbox 1783 1988 1905 2044; x_wconf 87' lang='lat' dir='ltr'>necdum</span> <span class='ocrx_word' id='word_1_221' title='bbox 1927 2000 2004 2041; x_wconf 82' lang='lat' dir='ltr'>natus</span> 
     </span>
     <span class='ocr_line' id='line_1_17' title="bbox 358 2063 2005 2150; baseline 0.001 -18"><span class='ocrx_word' id='word_1_222' title='bbox 358 2078 513 2136; x_wconf 81' lang='lat' dir='ltr'>itineribus.</span> <span class='ocrx_word' id='word_1_223' title='bbox 538 2078 610 2134; x_wconf 81' lang='lat' dir='ltr'>llibil</span> <span class='ocrx_word' id='word_1_224' title='bbox 630 2079 703 2134; x_wconf 88' lang='lat' dir='ltr'>enim</span> <span class='ocrx_word' id='word_1_225' title='bbox 719 2079 796 2134; x_wconf 88' lang='lat' dir='ltr'>deest</span> <span class='ocrx_word' id='word_1_226' title='bbox 818 2079 981 2150; x_wconf 88' lang='lat' dir='ltr'>pauperibus</span> <span class='ocrx_word' id='word_1_227' title='bbox 1000 2077 1098 2136; x_wconf 82' lang='lat' dir='ltr'>Christi</span> <span class='ocrx_word' id='word_1_228' title='bbox 1118 2078 1152 2132; x_wconf 88' lang='lat' dir='ltr'>ti·</span> <span class='ocrx_word' id='word_1_229' title='bbox 1167 2063 1190 2120; x_wconf 86' lang='grc' dir='ltr'><strong>Β</strong></span> <span class='ocrx_word' id='word_1_230' title='bbox 1204 2081 1262 2139; x_wconf 90' lang='lat' dir='ltr'>est,</span> <span class='ocrx_word' id='word_1_231' title='bbox 1287 2074 1315 2127; x_wconf 94' lang='lat' dir='ltr'>in</span> <span class='ocrx_word' id='word_1_232' title='bbox 1343 2089 1377 2129; x_wconf 92' lang='lat' dir='ltr'>eo</span> <span class='ocrx_word' id='word_1_233' title='bbox 1391 2074 1494 2129; x_wconf 77' lang='lat' dir='ltr'>felicior</span> <span class='ocrx_word' id='word_1_234' title='bbox 1514 2084 1557 2131; x_wconf 90' lang='lat' dir='ltr'>est</span> <span class='ocrx_word' id='word_1_235' title='bbox 1582 2078 1654 2146; x_wconf 91' lang='lat' dir='ltr'>quod</span> <span class='ocrx_word' id='word_1_236' title='bbox 1677 2078 1793 2132; x_wconf 86' lang='lat' dir='ltr'>necdum</span> <span class='ocrx_word' id='word_1_237' title='bbox 1814 2078 1890 2132; x_wconf 87' lang='lat' dir='ltr'>mala</span> <span class='ocrx_word' id='word_1_238' title='bbox 1915 2079 2005 2133; x_wconf 88' lang='lat' dir='ltr'>mundi</span> 
     </span>
     <span class='ocr_line' id='line_1_18' title="bbox 359 2162 2006 2240; baseline 0.004 -17"><span class='ocrx_word' id='word_1_239' title='bbox 359 2170 578 2226; x_wconf 70' lang='lat' dir='ltr'>instrunmento.</span> <span class='ocrx_word' id='word_1_240' title='bbox 592 2168 797 2226; x_wconf 78' lang='lat' dir='ltr'>bivttcsainom</span> <span class='ocrx_word' id='word_1_241' title='bbox 810 2169 904 2224; x_wconf 82' lang='lat' dir='ltr'>monor</span> <span class='ocrx_word' id='word_1_242' title='bbox 918 2168 1076 2240; x_wconf 71' lang='lat' dir='ltr'>agebantur</span> <span class='ocrx_word' id='word_1_243' title='bbox 1091 2180 1153 2221; x_wconf 84' lang='lat' dir='ltr'>esu·</span> <span class='ocrx_word' id='word_1_244' title='bbox 1203 2171 1333 2231; x_wconf 78' lang='lat' dir='ltr'>expertus</span> <span class='ocrx_word' id='word_1_245' title='bbox 1356 2172 1408 2218; x_wconf 82' lang='lat' dir='ltr'>est·</span> <span class='ocrx_word' id='word_1_246' title='bbox 1430 2162 1492 2218; x_wconf 81' lang='lat' dir='ltr'>ttaec</span> <span class='ocrx_word' id='word_1_247' title='bbox 1507 2174 1596 2220; x_wconf 77' lang='lat' dir='ltr'>autem</span> <span class='ocrx_word' id='word_1_248' title='bbox 1616 2165 1771 2230; x_wconf 76' lang='lat' dir='ltr'>sententia,</span> <span class='ocrx_word' id='word_1_249' title='bbox 1787 2181 1845 2237; x_wconf 79' lang='lat' dir='ltr'>qua</span> <span class='ocrx_word' id='word_1_250' title='bbox 1860 2168 1931 2222; x_wconf 78' lang='lat' dir='ltr'>dixit</span> <span class='ocrx_word' id='word_1_251' title='bbox 1953 2184 2006 2223; x_wconf 73' lang='lat' dir='ltr'>re</span> 
     </span>
     <span class='ocr_line' id='line_1_19' title="bbox 360 2250 2005 2334; baseline -0.001 -19"><span class='ocrx_word' id='word_1_252' title='bbox 360 2261 441 2326; x_wconf 88' lang='lat' dir='ltr'>rient,</span> <span class='ocrx_word' id='word_1_253' title='bbox 466 2260 535 2316; x_wconf 90' lang='lat' dir='ltr'>etin</span> <span class='ocrx_word' id='word_1_254' title='bbox 549 2269 670 2332; x_wconf 87' lang='lat' dir='ltr'>egestate</span> <span class='ocrx_word' id='word_1_255' title='bbox 691 2260 851 2334; x_wconf 80' lang='lat' dir='ltr'>spiritalium</span> <span class='ocrx_word' id='word_1_256' title='bbox 869 2268 953 2331; x_wconf 91' lang='lat' dir='ltr'>atque</span> <span class='ocrx_word' id='word_1_257' title='bbox 971 2274 1098 2314; x_wconf 79' lang='lat' dir='ltr'>verarum</span> <span class='ocrx_word' id='word_1_258' title='bbox 1113 2258 1154 2313; x_wconf 92' lang='lat' dir='ltr'>di·</span> <span class='ocrx_word' id='word_1_259' title='bbox 1204 2250 1299 2306; x_wconf 87' lang='lat' dir='ltr'>liorem</span> <span class='ocrx_word' id='word_1_260' title='bbox 1313 2268 1373 2309; x_wconf 83' lang='lat' dir='ltr'>esse</span> <span class='ocrx_word' id='word_1_261' title='bbox 1385 2261 1500 2309; x_wconf 87' lang='lat' dir='ltr'>mortem</span> <span class='ocrx_word' id='word_1_262' title='bbox 1511 2255 1831 2324; x_wconf 82' lang='lat' dir='ltr'>quamtitamamaram,</span> <span class='ocrx_word' id='word_1_263' title='bbox 1844 2266 1875 2311; x_wconf 88' lang='lat' dir='ltr'>et</span> <span class='ocrx_word' id='word_1_264' title='bbox 1886 2260 2005 2328; x_wconf 84' lang='lat' dir='ltr'>requiem</span> 
     </span>
     <span class='ocr_line' id='line_1_20' title="bbox 358 2346 2006 2421; baseline 0.001 -17"><span class='ocrx_word' id='word_1_265' title='bbox 358 2352 486 2405; x_wconf 83' lang='lat' dir='ltr'>ritiarnm</span> <span class='ocrx_word' id='word_1_266' title='bbox 502 2350 627 2421; x_wconf 86' lang='lat' dir='ltr'>qnotidie</span> <span class='ocrx_word' id='word_1_267' title='bbox 648 2350 788 2416; x_wconf 84' lang='lat' dir='ltr'>deiicient;</span> <span class='ocrx_word' id='word_1_268' title='bbox 805 2351 974 2421; x_wconf 85' lang='lat' dir='ltr'>inquirentes</span> <span class='ocrx_word' id='word_1_269' title='bbox 995 2358 1086 2404; x_wconf 90' lang='lat' dir='ltr'>autem</span> <span class='ocrx_word' id='word_1_270' title='bbox 1102 2348 1154 2404; x_wconf 79' lang='lat' dir='ltr'>llo-</span> <span class='ocrx_word' id='word_1_271' title='bbox 1204 2355 1333 2401; x_wconf 71' lang='lat' dir='ltr'>rumenam</span> <span class='ocrx_word' id='word_1_272' title='bbox 1344 2363 1424 2416; x_wconf 74' lang='lat' dir='ltr'>&lt;quam</span> <span class='ocrx_word' id='word_1_273' title='bbox 1437 2346 1593 2417; x_wconf 83' lang='lat' dir='ltr'>btrtguorem</span> <span class='ocrx_word' id='word_1_274' title='bbox 1604 2362 1840 2420; x_wconf 81' lang='lat' dir='ltr'>perseverantem,</span> <span class='ocrx_word' id='word_1_275' title='bbox 1851 2349 1934 2420; x_wconf 75' lang='lat' dir='ltr'>juxta</span> <span class='ocrx_word' id='word_1_276' title='bbox 1944 2354 2006 2405; x_wconf 73' lang='lat' dir='ltr'>sin-</span> 
     </span>
     <span class='ocr_line' id='line_1_21' title="bbox 358 2437 2004 2510; baseline 0.001 -14"><span class='ocrx_word' id='word_1_277' title='bbox 358 2442 462 2496; x_wconf 88' lang='lat' dir='ltr'>tninum</span> <span class='ocrx_word' id='word_1_278' title='bbox 477 2457 531 2496; x_wconf 90' lang='lat' dir='ltr'>nnn</span> <span class='ocrx_word' id='word_1_279' title='bbox 553 2441 682 2497; x_wconf 76' lang='lat' dir='ltr'>deliciunt</span> <span class='ocrx_word' id='word_1_280' title='bbox 700 2441 774 2496; x_wconf 87' lang='lat' dir='ltr'>onrni</span> <span class='ocrx_word' id='word_1_281' title='bbox 796 2442 875 2496; x_wconf 91' lang='lat' dir='ltr'>bono.</span> <span class='ocrx_word' id='word_1_282' title='bbox 896 2438 973 2507; x_wconf 90' lang='lat' dir='ltr'>Quod</span> <span class='ocrx_word' id='word_1_283' title='bbox 987 2448 1016 2495; x_wconf 89' lang='lat' dir='ltr'>ct</span> <span class='ocrx_word' id='word_1_284' title='bbox 1037 2454 1155 2510; x_wconf 88' lang='lat' dir='ltr'>sequens</span> <span class='ocrx_word' id='word_1_285' title='bbox 1204 2437 1302 2507; x_wconf 89' lang='lat' dir='ltr'>plicem</span> <span class='ocrx_word' id='word_1_286' title='bbox 1320 2438 1536 2510; x_wconf 80' lang='lat' dir='ltr'>intelligentiam,</span> <span class='ocrx_word' id='word_1_287' title='bbox 1552 2439 1671 2494; x_wconf 85' lang='lat' dir='ltr'>ostendit</span> <span class='ocrx_word' id='word_1_288' title='bbox 1692 2439 1835 2495; x_wconf 88' lang='lat' dir='ltr'>meliorem</span> <span class='ocrx_word' id='word_1_289' title='bbox 1856 2457 1920 2497; x_wconf 88' lang='lat' dir='ltr'>csse</span> <span class='ocrx_word' id='word_1_290' title='bbox 1938 2442 2004 2497; x_wconf 88' lang='lat' dir='ltr'>bane</span> 
     </span>
     <span class='ocr_line' id='line_1_22' title="bbox 357 2530 2005 2601; baseline 0.002 -17"><span class='ocrx_word' id='word_1_291' title='bbox 357 2530 490 2584; x_wconf 72' lang='lat' dir='ltr'>sortientia</span> <span class='ocrx_word' id='word_1_292' title='bbox 509 2530 615 2600; x_wconf 85' lang='lat' dir='ltr'>probat,</span> <span class='ocrx_word' id='word_1_293' title='bbox 630 2530 741 2585; x_wconf 79' lang='lat' dir='ltr'>dicem:</span> <span class='ocrx_word' id='word_1_294' title='bbox 1205 2538 1320 2585; x_wconf 89' lang='lat' dir='ltr'>mortem</span> <span class='ocrx_word' id='word_1_295' title='bbox 1334 2531 1368 2586; x_wconf 90' lang='lat' dir='ltr'>dc</span> <span class='ocrx_word' id='word_1_296' title='bbox 1385 2546 1438 2600; x_wconf 88' lang='lat' dir='ltr'>qua</span> <span class='ocrx_word' id='word_1_297' title='bbox 1451 2530 1583 2601; x_wconf 89' lang='lat' dir='ltr'>scriptum</span> <span class='ocrx_word' id='word_1_298' title='bbox 1598 2538 1640 2587; x_wconf 90' lang='lat' dir='ltr'>est</span> <span class='ocrx_word' id='word_1_299' title='bbox 1655 2546 1662 2585; x_wconf 90' lang='lat'><strong>:</strong></span> <span class='ocrx_word' id='word_1_300' title='bbox 1680 2532 1831 2587; x_wconf 79' lang='lat' dir='ltr'>«Pretiosa</span> <span class='ocrx_word' id='word_1_301' title='bbox 1846 2541 1892 2589; x_wconf 90' lang='lat' dir='ltr'>est</span> <span class='ocrx_word' id='word_1_302' title='bbox 1904 2533 1934 2588; x_wconf 91' lang='lat' dir='ltr'>in</span> <span class='ocrx_word' id='word_1_303' title='bbox 1944 2548 2005 2588; x_wconf 92' lang='lat' dir='ltr'>cun·</span> 
     </span>
     <span class='ocr_line' id='line_1_23' title="bbox 398 2601 2003 2697; baseline 0.002 -22"><span class='ocrx_word' id='word_1_304' title='bbox 398 2621 506 2677; x_wconf 79' lang='lat' dir='ltr'>aSaltts</span> <span class='ocrx_word' id='word_1_305' title='bbox 527 2622 625 2676; x_wconf 81' lang='lat' dir='ltr'>attintae</span> <span class='ocrx_word' id='word_1_306' title='bbox 652 2621 678 2675; x_wconf 94' lang='lat' dir='ltr'>in</span> <span class='ocrx_word' id='word_1_307' title='bbox 692 2620 837 2676; x_wconf 86' lang='lat' dir='ltr'>sanctitate</span> <span class='ocrx_word' id='word_1_308' title='bbox 858 2619 971 2691; x_wconf 77' lang='lat' dir='ltr'>justitiae</span> <span class='ocrx_word' id='word_1_309' title='bbox 992 2620 1155 2674; x_wconf 89' lang='lat' dir='ltr'>meliorest</span> <span class='ocrx_word' id='word_1_310' title='bbox 1206 2629 1300 2692; x_wconf 88' lang='lat' dir='ltr'>spectu</span> <span class='ocrx_word' id='word_1_311' title='bbox 1331 2621 1439 2677; x_wconf 85' lang='lat' dir='ltr'>Domini</span> <span class='ocrx_word' id='word_1_312' title='bbox 1461 2636 1534 2678; x_wconf 87' lang='lat' dir='ltr'>mors</span> <span class='ocrx_word' id='word_1_313' title='bbox 1554 2601 1712 2678; x_wconf 52' lang='lat' dir='ltr'>‘senmurum</span> <span class='ocrx_word' id='word_1_314' title='bbox 1726 2622 1787 2694; x_wconf 83' lang='lat' dir='ltr'>ejus</span> <span class='ocrx_word' id='word_1_315' title='bbox 1801 2624 1895 2697; x_wconf 81' lang='lat' dir='ltr'>(Paul.</span> <span class='ocrx_word' id='word_1_316' title='bbox 1908 2629 2003 2697; x_wconf 57' lang='lat' dir='ltr'>cart»</span> 
     </span>
     <span class='ocr_line' id='line_1_24' title="bbox 361 2710 2006 2801; baseline 0.007 -36"><span class='ocrx_word' id='word_1_317' title='bbox 361 2736 370 2765; x_wconf 85' lang='lat' dir='ltr'>t</span> <span class='ocrx_word' id='word_1_318' title='bbox 389 2714 462 2770; x_wconf 87' lang='lat' dir='ltr'>otoni</span> <span class='ocrx_word' id='word_1_319' title='bbox 485 2729 553 2770; x_wconf 89' lang='lat' dir='ltr'>auro</span> <span class='ocrx_word' id='word_1_320' title='bbox 579 2721 731 2784; x_wconf 77' lang='lat' dir='ltr'>clangente</span> <span class='ocrx_word' id='word_1_321' title='bbox 746 2752 754 2778; x_wconf 95' lang='lat'>,</span> <span class='ocrx_word' id='word_1_322' title='bbox 772 2724 799 2768; x_wconf 91' lang='lat' dir='ltr'>et</span> <span class='ocrx_word' id='word_1_323' title='bbox 815 2726 914 2781; x_wconf 88' lang='lat' dir='ltr'>corpus</span> <span class='ocrx_word' id='word_1_324' title='bbox 938 2710 1057 2767; x_wconf 84' lang='lat' dir='ltr'>validum</span> <span class='ocrx_word' id='word_1_325' title='bbox 1072 2725 1154 2782; x_wconf 88' lang='lat' dir='ltr'>quam</span> <span class='ocrx_word' id='word_1_326' title='bbox 1204 2729 1286 2801; x_wconf 75' lang='lat' dir='ltr'>quam</span> <span class='ocrx_word' id='word_1_327' title='bbox 1304 2714 1386 2769; x_wconf 87' lang='lat' dir='ltr'>vitant</span> <span class='ocrx_word' id='word_1_328' title='bbox 1399 2732 1533 2782; x_wconf 88' lang='lat' dir='ltr'>amarant,</span> <span class='ocrx_word' id='word_1_329' title='bbox 1545 2733 1598 2787; x_wconf 88' lang='lat' dir='ltr'>qna</span> <span class='ocrx_word' id='word_1_330' title='bbox 1610 2717 1711 2789; x_wconf 88' lang='lat' dir='ltr'>degunt</span> <span class='ocrx_word' id='word_1_331' title='bbox 1725 2728 1891 2787; x_wconf 69' lang='lat' dir='ltr'>peccatores</span> <span class='ocrx_word' id='word_1_332' title='bbox 1907 2722 2006 2793; x_wconf 82' lang='lat' dir='ltr'>iniquis</span> 
     </span>
     <span class='ocr_line' id='line_1_25' title="bbox 359 2801 2004 2883; baseline 0.009 -28"><span class='ocrx_word' id='word_1_333' title='bbox 359 2821 483 2861; x_wconf 75' lang='lat' dir='ltr'>«cerasus</span> <span class='ocrx_word' id='word_1_334' title='bbox 508 2806 665 2861; x_wconf 87' lang='lat' dir='ltr'>immensus.</span> <span class='ocrx_word' id='word_1_335' title='bbox 683 2822 692 2857; x_wconf 79' lang='lat' dir='ltr'>r</span> <span class='ocrx_word' id='word_1_336' title='bbox 709 2803 777 2859; x_wconf 86' lang='lat' dir='ltr'>Vera</span> <span class='ocrx_word' id='word_1_337' title='bbox 792 2802 864 2859; x_wconf 81' lang='lat' dir='ltr'>sabis</span> <span class='ocrx_word' id='word_1_338' title='bbox 883 2801 1097 2871; x_wconf 81' lang='lat' dir='ltr'>anitnaejustitia</span> <span class='ocrx_word' id='word_1_339' title='bbox 1113 2809 1155 2857; x_wconf 89' lang='lat' dir='ltr'>cst</span> <span class='ocrx_word' id='word_1_340' title='bbox 1203 2806 1331 2877; x_wconf 88' lang='lat' dir='ltr'>operibns</span> <span class='ocrx_word' id='word_1_341' title='bbox 1345 2814 1485 2873; x_wconf 85' lang='lat' dir='ltr'>vacantes,</span> <span class='ocrx_word' id='word_1_342' title='bbox 1501 2814 1528 2864; x_wconf 90' lang='lat' dir='ltr'>et</span> <span class='ocrx_word' id='word_1_343' title='bbox 1541 2808 1663 2879; x_wconf 86' lang='lat' dir='ltr'>requiem</span> <span class='ocrx_word' id='word_1_344' title='bbox 1685 2818 1820 2866; x_wconf 77' lang='lat' dir='ltr'>aternam</span> <span class='ocrx_word' id='word_1_345' title='bbox 1836 2853 1845 2879; x_wconf 95' lang='lat'>,</span> <span class='ocrx_word' id='word_1_346' title='bbox 1860 2828 1946 2883; x_wconf 85' lang='lat' dir='ltr'>quam</span> <span class='ocrx_word' id='word_1_347' title='bbox 1967 2823 2004 2869; x_wconf 87' lang='lat' dir='ltr'>te·</span> 
     </span>
     <span class='ocr_line' id='line_1_26' title="bbox 358 2892 2003 2976; baseline 0.004 -23"><span class='ocrx_word' id='word_1_348' title='bbox 358 2898 506 2953; x_wconf 84' lang='lat' dir='ltr'>seernnlnm</span> <span class='ocrx_word' id='word_1_349' title='bbox 528 2898 657 2953; x_wconf 88' lang='lat' dir='ltr'>mandata</span> <span class='ocrx_word' id='word_1_350' title='bbox 672 2895 720 2951; x_wconf 80' lang='lat' dir='ltr'>lici</span> <span class='ocrx_word' id='word_1_351' title='bbox 737 2896 879 2957; x_wconf 87' lang='lat' dir='ltr'>custodita.</span> <span class='ocrx_word' id='word_1_352' title='bbox 894 2909 946 2949; x_wconf 89' lang='lat' dir='ltr'>nec</span> <span class='ocrx_word' id='word_1_353' title='bbox 961 2894 986 2950; x_wconf 89' lang='lat' dir='ltr'>ei</span> <span class='ocrx_word' id='word_1_354' title='bbox 1000 2892 1153 2964; x_wconf 88' lang='lat' dir='ltr'>comparari</span> <span class='ocrx_word' id='word_1_355' title='bbox 1204 2898 1349 2967; x_wconf 82' lang='lat' dir='ltr'>nentjnsti</span> <span class='ocrx_word' id='word_1_356' title='bbox 1369 2900 1396 2953; x_wconf 92' lang='lat' dir='ltr'>in</span> <span class='ocrx_word' id='word_1_357' title='bbox 1422 2908 1570 2969; x_wconf 89' lang='lat' dir='ltr'>conspectu</span> <span class='ocrx_word' id='word_1_358' title='bbox 1587 2900 1706 2967; x_wconf 87' lang='lat' dir='ltr'>Domini,</span> <span class='ocrx_word' id='word_1_359' title='bbox 1727 2917 1815 2973; x_wconf 91' lang='lat' dir='ltr'>quam</span> <span class='ocrx_word' id='word_1_360' title='bbox 1844 2903 2003 2976; x_wconf 77' lang='lat' dir='ltr'>languorem</span> 
     </span>
     <span class='ocr_line' id='line_1_27' title="bbox 356 2984 2005 3068; baseline 0.004 -21"><span class='ocrx_word' id='word_1_361' title='bbox 356 2991 449 3047; x_wconf 74' lang='lat' dir='ltr'>ualent</span> <span class='ocrx_word' id='word_1_362' title='bbox 467 2989 527 3044; x_wconf 90' lang='lat' dir='ltr'>auri</span> <span class='ocrx_word' id='word_1_363' title='bbox 544 2997 572 3043; x_wconf 90' lang='lat' dir='ltr'>et</span> <span class='ocrx_word' id='word_1_364' title='bbox 585 2986 688 3058; x_wconf 87' lang='lat' dir='ltr'>argenti</span> <span class='ocrx_word' id='word_1_365' title='bbox 711 2985 842 3041; x_wconf 89' lang='lat' dir='ltr'>immensa</span> <span class='ocrx_word' id='word_1_366' title='bbox 862 2985 998 3055; x_wconf 87' lang='lat' dir='ltr'>pondera,</span> <span class='ocrx_word' id='word_1_367' title='bbox 1018 2984 1081 3053; x_wconf 87' lang='lat' dir='ltr'>qnia</span> <span class='ocrx_word' id='word_1_368' title='bbox 1096 2984 1155 3039; x_wconf 75' lang='lat' dir='ltr'>baec</span> <span class='ocrx_word' id='word_1_369' title='bbox 1203 2998 1423 3060; x_wconf 86' lang='lat' dir='ltr'>perseverantem</span> <span class='ocrx_word' id='word_1_370' title='bbox 1447 3005 1501 3060; x_wconf 90' lang='lat' dir='ltr'>quo</span> <span class='ocrx_word' id='word_1_371' title='bbox 1520 2992 1548 3046; x_wconf 91' lang='lat' dir='ltr'>in</span> <span class='ocrx_word' id='word_1_372' title='bbox 1571 2992 1690 3061; x_wconf 87' lang='lat' dir='ltr'>pcccatis</span> <span class='ocrx_word' id='word_1_373' title='bbox 1712 3002 1862 3052; x_wconf 79' lang='lat' dir='ltr'>versarrtes</span> <span class='ocrx_word' id='word_1_374' title='bbox 1888 2996 2005 3068; x_wconf 83' lang='lat' dir='ltr'>quotidie</span> 
     </span>
     <span class='ocr_line' id='line_1_28' title="bbox 358 3076 2004 3160; baseline 0.001 -20"><span class='ocrx_word' id='word_1_375' title='bbox 358 3095 422 3140; x_wconf 89' lang='lat' dir='ltr'>snat</span> <span class='ocrx_word' id='word_1_376' title='bbox 436 3082 546 3139; x_wconf 88' lang='lat' dir='ltr'>decidua</span> <span class='ocrx_word' id='word_1_377' title='bbox 562 3088 591 3135; x_wconf 89' lang='lat' dir='ltr'>ct</span> <span class='ocrx_word' id='word_1_378' title='bbox 604 3078 732 3136; x_wconf 80' lang='lat' dir='ltr'>velociter</span> <span class='ocrx_word' id='word_1_379' title='bbox 746 3078 906 3141; x_wconf 89' lang='lat' dir='ltr'>transitura,</span> <span class='ocrx_word' id='word_1_380' title='bbox 921 3076 966 3132; x_wconf 89' lang='lat' dir='ltr'>illa</span> <span class='ocrx_word' id='word_1_381' title='bbox 983 3086 1073 3133; x_wconf 88' lang='lat' dir='ltr'>antem</span> <span class='ocrx_word' id='word_1_382' title='bbox 1089 3091 1153 3147; x_wconf 89' lang='lat' dir='ltr'>per-</span> <span class='ocrx_word' id='word_1_383' title='bbox 1204 3084 1358 3150; x_wconf 84' lang='lat' dir='ltr'>tabescent;</span> <span class='ocrx_word' id='word_1_384' title='bbox 1374 3098 1488 3152; x_wconf 90' lang='lat' dir='ltr'>qnorum</span> <span class='ocrx_word' id='word_1_385' title='bbox 1508 3083 1571 3140; x_wconf 82' lang='lat' dir='ltr'>sitris</span> <span class='ocrx_word' id='word_1_386' title='bbox 1589 3093 1638 3139; x_wconf 80' lang='lat' dir='ltr'>est</span> <span class='ocrx_word' id='word_1_387' title='bbox 1658 3085 1804 3153; x_wconf 88' lang='lat' dir='ltr'>interitus,</span> <span class='ocrx_word' id='word_1_388' title='bbox 1819 3096 1850 3143; x_wconf 91' lang='lat' dir='ltr'>et</span> <span class='ocrx_word' id='word_1_389' title='bbox 1861 3089 1956 3160; x_wconf 87' lang='lat' dir='ltr'>-gloria</span> <span class='ocrx_word' id='word_1_390' title='bbox 1979 3090 2004 3144; x_wconf 88' lang='lat' dir='ltr'>ln</span> 
     </span>
     <span class='ocr_line' id='line_1_29' title="bbox 356 3165 1853 3249; baseline 0.005 -23"><span class='ocrx_word' id='word_1_391' title='bbox 356 3172 503 3245; x_wconf 73' lang='lat' dir='ltr'>partialiter</span> <span class='ocrx_word' id='word_1_392' title='bbox 517 3184 655 3225; x_wconf 88' lang='lat' dir='ltr'>mansura.</span> <span class='ocrx_word' id='word_1_393' title='bbox 670 3165 748 3224; x_wconf 89' lang='lat' dir='ltr'>Unde</span> <span class='ocrx_word' id='word_1_394' title='bbox 762 3168 820 3237; x_wconf 88' lang='lat' dir='ltr'>ipsa</span> <span class='ocrx_word' id='word_1_395' title='bbox 835 3165 944 3222; x_wconf 74' lang='lat' dir='ltr'>Veritas</span> <span class='ocrx_word' id='word_1_396' title='bbox 954 3167 1012 3222; x_wconf 85' lang='lat' dir='ltr'>ait:</span> <span class='ocrx_word' id='word_1_397' title='bbox 1030 3185 1040 3218; x_wconf 81' lang='lat' dir='ltr'>r</span> <span class='ocrx_word' id='word_1_398' title='bbox 1057 3165 1154 3223; x_wconf 82' lang='lat' dir='ltr'>Videte</span> <span class='ocrx_word' id='word_1_399' title='bbox 1203 3175 1391 3231; x_wconf 71' lang='lat' dir='ltr'>contusionem</span> <span class='ocrx_word' id='word_1_400' title='bbox 1404 3178 1534 3247; x_wconf 84' lang='lat' dir='ltr'>ipsorum,</span> <span class='ocrx_word' id='word_1_401' title='bbox 1551 3177 1596 3247; x_wconf 90' lang='lat' dir='ltr'>qui</span> <span class='ocrx_word' id='word_1_402' title='bbox 1609 3186 1714 3232; x_wconf 89' lang='lat' dir='ltr'>terrena</span> <span class='ocrx_word' id='word_1_403' title='bbox 1727 3180 1853 3249; x_wconf 88' lang='lat' dir='ltr'>sapiunt.</span> 
     </span>
     <span class='ocr_line' id='line_1_30' title="bbox 357 3261 2001 3344; baseline 0.004 -24"><span class='ocrx_word' id='word_1_404' title='bbox 357 3276 385 3322; x_wconf 90' lang='lat' dir='ltr'>ct</span> <span class='ocrx_word' id='word_1_405' title='bbox 397 3275 490 3321; x_wconf 79' lang='lat' dir='ltr'>cat-cte</span> <span class='ocrx_word' id='word_1_406' title='bbox 500 3264 535 3320; x_wconf 92' lang='lat' dir='ltr'>ab</span> <span class='ocrx_word' id='word_1_407' title='bbox 551 3264 623 3319; x_wconf 87' lang='lat' dir='ltr'>omni</span> <span class='ocrx_word' id='word_1_408' title='bbox 641 3262 767 3328; x_wconf 75' lang='lat' dir='ltr'>auaritia,</span> <span class='ocrx_word' id='word_1_409' title='bbox 793 3263 922 3333; x_wconf 87' lang='lat' dir='ltr'>quianon</span> <span class='ocrx_word' id='word_1_410' title='bbox 945 3261 973 3317; x_wconf 94' lang='lat' dir='ltr'>in</span> <span class='ocrx_word' id='word_1_411' title='bbox 988 3261 1154 3318; x_wconf 89' lang='lat' dir='ltr'>abundantia</span> <span class='ocrx_word' id='word_1_412' title='bbox 1241 3287 1250 3321; x_wconf 76' lang='lat' dir='ltr'>i</span> <span class='ocrx_word' id='word_1_413' title='bbox 1270 3267 1345 3322; x_wconf 87' lang='lat' dir='ltr'>Bona</span> <span class='ocrx_word' id='word_1_414' title='bbox 1361 3268 1519 3324; x_wconf 89' lang='lat' dir='ltr'>abscondita</span> <span class='ocrx_word' id='word_1_415' title='bbox 1535 3270 1562 3324; x_wconf 94' lang='lat' dir='ltr'>in</span> <span class='ocrx_word' id='word_1_416' title='bbox 1577 3284 1625 3324; x_wconf 89' lang='lat' dir='ltr'>ore</span> <span class='ocrx_word' id='word_1_417' title='bbox 1636 3269 1740 3337; x_wconf 89' lang='lat' dir='ltr'>clauso,</span> <span class='ocrx_word' id='word_1_418' title='bbox 1758 3272 1840 3342; x_wconf 85' lang='lat' dir='ltr'>qnasi</span> <span class='ocrx_word' id='word_1_419' title='bbox 1856 3273 2001 3344; x_wconf 83' lang='lat' dir='ltr'>appositio-</span> 
     </span>
     <span class='ocr_line' id='line_1_31' title="bbox 355 3351 2001 3434; baseline 0.003 -22"><span class='ocrx_word' id='word_1_420' title='bbox 355 3357 515 3428; x_wconf 82' lang='lat' dir='ltr'>enjnsquam</span> <span class='ocrx_word' id='word_1_421' title='bbox 540 3354 595 3410; x_wconf 83' lang='lat' dir='ltr'>rita</span> <span class='ocrx_word' id='word_1_422' title='bbox 618 3352 678 3423; x_wconf 85' lang='lat' dir='ltr'>ejus</span> <span class='ocrx_word' id='word_1_423' title='bbox 696 3361 739 3407; x_wconf 90' lang='lat' dir='ltr'>est</span> <span class='ocrx_word' id='word_1_424' title='bbox 753 3366 786 3406; x_wconf 84' lang='lat' dir='ltr'>ex</span> <span class='ocrx_word' id='word_1_425' title='bbox 802 3352 845 3408; x_wconf 91' lang='lat' dir='ltr'>his</span> <span class='ocrx_word' id='word_1_426' title='bbox 865 3367 925 3425; x_wconf 85' lang='lat' dir='ltr'>quae</span> <span class='ocrx_word' id='word_1_427' title='bbox 935 3351 1066 3422; x_wconf 88' lang='lat' dir='ltr'>possidet.</span> <span class='ocrx_word' id='word_1_428' title='bbox 1083 3352 1154 3419; x_wconf 83' lang='lat' dir='ltr'>Quid</span> <span class='ocrx_word' id='word_1_429' title='bbox 1207 3377 1217 3412; x_wconf 89' lang='lat' dir='ltr'>t</span> <span class='ocrx_word' id='word_1_430' title='bbox 1236 3374 1285 3414; x_wconf 89' lang='lat' dir='ltr'>nes</span> <span class='ocrx_word' id='word_1_431' title='bbox 1311 3358 1450 3430; x_wconf 89' lang='lat' dir='ltr'>epularum</span> <span class='ocrx_word' id='word_1_432' title='bbox 1478 3360 1677 3431; x_wconf 65' lang='lat' dir='ltr'>circumpositae</span> <span class='ocrx_word' id='word_1_433' title='bbox 1703 3360 1731 3417; x_wconf 92' lang='lat' dir='ltr'>in</span> <span class='ocrx_word' id='word_1_434' title='bbox 1752 3363 1895 3434; x_wconf 85' lang='lat' dir='ltr'>sepulcro.</span> <span class='ocrx_word' id='word_1_435' title='bbox 1918 3382 1929 3418; x_wconf 77' lang='lat' dir='ltr'>r</span> <span class='ocrx_word' id='word_1_436' title='bbox 1949 3364 2001 3421; x_wconf 86' lang='lat' dir='ltr'>lloe</span> 
     </span>
     <span class='ocr_line' id='line_1_32' title="bbox 358 3442 2000 3523; baseline 0.001 -21"><span class='ocrx_word' id='word_1_437' title='bbox 358 3448 432 3502; x_wconf 90' lang='lat' dir='ltr'>enim</span> <span class='ocrx_word' id='word_1_438' title='bbox 446 3444 567 3517; x_wconf 85' lang='lat' dir='ltr'>proderit</span> <span class='ocrx_word' id='word_1_439' title='bbox 584 3443 690 3498; x_wconf 89' lang='lat' dir='ltr'>bomini</span> <span class='ocrx_word' id='word_1_440' title='bbox 703 3443 726 3499; x_wconf 92' lang='lat' dir='ltr'>si</span> <span class='ocrx_word' id='word_1_441' title='bbox 740 3442 896 3498; x_wconf 85' lang='lat' dir='ltr'>ttnivcrsum</span> <span class='ocrx_word' id='word_1_442' title='bbox 919 3442 1050 3498; x_wconf 90' lang='lat' dir='ltr'>mundum</span> <span class='ocrx_word' id='word_1_443' title='bbox 1065 3442 1152 3498; x_wconf 88' lang='lat' dir='ltr'>lucre-</span> <span class='ocrx_word' id='word_1_444' title='bbox 1206 3451 1390 3506; x_wconf 77' lang='lat' dir='ltr'>testimoniam</span> <span class='ocrx_word' id='word_1_445' title='bbox 1415 3459 1510 3507; x_wconf 78' lang='lat' dir='ltr'>contra</span> <span class='ocrx_word' id='word_1_446' title='bbox 1527 3467 1575 3508; x_wconf 79' lang='lat' dir='ltr'>eos</span> <span class='ocrx_word' id='word_1_447' title='bbox 1592 3453 1675 3516; x_wconf 79' lang='lat' dir='ltr'>valet,</span> <span class='ocrx_word' id='word_1_448' title='bbox 1701 3452 1750 3523; x_wconf 76' lang='lat' dir='ltr'>qui</span> <span class='ocrx_word' id='word_1_449' title='bbox 1767 3455 1905 3513; x_wconf 67' lang='lat' dir='ltr'>attentum</span> <span class='ocrx_word' id='word_1_450' title='bbox 1930 3457 2000 3513; x_wconf 61' lang='lat' dir='ltr'>vernt</span> 
     </span>
     <span class='ocr_line' id='line_1_33' title="bbox 358 3531 1998 3621; baseline 0.005 -28"><span class='ocrx_word' id='word_1_451' title='bbox 358 3546 413 3604; x_wconf 87' lang='lat' dir='ltr'>tor,</span> <span class='ocrx_word' id='word_1_452' title='bbox 434 3537 532 3592; x_wconf 84' lang='lat' dir='ltr'>animae</span> <span class='ocrx_word' id='word_1_453' title='bbox 550 3550 615 3590; x_wconf 84' lang='lat' dir='ltr'>reru</span> <span class='ocrx_word' id='word_1_454' title='bbox 633 3550 693 3589; x_wconf 77' lang='lat' dir='ltr'>sum</span> <span class='ocrx_word' id='word_1_455' title='bbox 707 3533 898 3588; x_wconf 87' lang='lat' dir='ltr'>detrimentum</span> <span class='ocrx_word' id='word_1_456' title='bbox 918 3532 1056 3603; x_wconf 83' lang='lat' dir='ltr'>patiatur?</span> <span class='ocrx_word' id='word_1_457' title='bbox 1073 3531 1150 3604; x_wconf 83' lang='lat' dir='ltr'>(Lac.</span> <span class='ocrx_word' id='word_1_458' title='bbox 1203 3542 1251 3598; x_wconf 73' lang='lat' dir='ltr'>pei</span> <span class='ocrx_word' id='word_1_459' title='bbox 1265 3544 1337 3614; x_wconf 78' lang='lat' dir='ltr'>quod</span> <span class='ocrx_word' id='word_1_460' title='bbox 1348 3544 1398 3613; x_wconf 82' lang='lat' dir='ltr'>ipsi</span> <span class='ocrx_word' id='word_1_461' title='bbox 1413 3543 1550 3600; x_wconf 82' lang='lat' dir='ltr'>intellectu</span> <span class='ocrx_word' id='word_1_462' title='bbox 1565 3556 1745 3616; x_wconf 84' lang='lat' dir='ltr'>perceperunt</span> <span class='ocrx_word' id='word_1_463' title='bbox 1766 3546 1832 3605; x_wconf 89' lang='lat' dir='ltr'>aliis</span> <span class='ocrx_word' id='word_1_464' title='bbox 1853 3549 1998 3621; x_wconf 66' lang='lat' dir='ltr'>predicare</span> 
     </span>
     <span class='ocr_line' id='line_1_34' title="bbox 367 3621 1998 3708; baseline 0.007 -21"><span class='ocrx_word' id='word_1_465' title='bbox 367 3628 421 3700; x_wconf 74' lang='grc' dir='ltr'><strong>ιι.)</strong></span> <span class='ocrx_word' id='word_1_466' title='bbox 441 3648 449 3680; x_wconf 79' lang='lat' dir='ltr'>r</span> <span class='ocrx_word' id='word_1_467' title='bbox 472 3627 541 3682; x_wconf 81' lang='lat' dir='ltr'>ilinc</span> <span class='ocrx_word' id='word_1_468' title='bbox 559 3621 586 3681; x_wconf 84' lang='lat' dir='ltr'>&#39;et</span> <span class='ocrx_word' id='word_1_469' title='bbox 613 3625 740 3680; x_wconf 72' lang='lat' dir='ltr'>Solonion</span> <span class='ocrx_word' id='word_1_470' title='bbox 756 3625 816 3679; x_wconf 74' lang='lat' dir='ltr'>aii:</span> <span class='ocrx_word' id='word_1_471' title='bbox 835 3644 844 3676; x_wconf 76' lang='lat' dir='ltr'>t</span> <span class='ocrx_word' id='word_1_472' title='bbox 867 3622 925 3678; x_wconf 71' lang='lat' dir='ltr'>Non</span> <span class='ocrx_word' id='word_1_473' title='bbox 942 3624 1091 3693; x_wconf 86' lang='lat' dir='ltr'>proderunt</span> <span class='ocrx_word' id='word_1_474' title='bbox 1111 3622 1153 3679; x_wconf 75' lang='lat' dir='ltr'>di·</span> <span class='ocrx_word' id='word_1_475' title='bbox 1203 3634 1351 3706; x_wconf 84' lang='lat' dir='ltr'>negligunt,</span> <span class='ocrx_word' id='word_1_476' title='bbox 1363 3637 1651 3705; x_wconf 87' lang='lat' dir='ltr'>quorumseientiaita</span> <span class='ocrx_word' id='word_1_477' title='bbox 1667 3638 1998 3708; x_wconf 78' lang='lat' dir='ltr'>virentibusiuntilisest,</span> 
     </span>
     <span class='ocr_line' id='line_1_35' title="bbox 355 3713 1998 3806; baseline -0.004 -32"><span class='ocrx_word' id='word_1_478' title='bbox 355 3720 431 3775; x_wconf 74' lang='lat' dir='ltr'>sitire</span> <span class='ocrx_word' id='word_1_479' title='bbox 445 3719 472 3773; x_wconf 92' lang='lat' dir='ltr'>in</span> <span class='ocrx_word' id='word_1_480' title='bbox 488 3718 531 3773; x_wconf 92' lang='lat' dir='ltr'>die</span> <span class='ocrx_word' id='word_1_481' title='bbox 543 3715 777 3786; x_wconf 70' lang='lat' dir='ltr'>ultionisjustitia</span> <span class='ocrx_word' id='word_1_482' title='bbox 787 3722 877 3769; x_wconf 88' lang='lat' dir='ltr'>atttctn</span> <span class='ocrx_word' id='word_1_483' title='bbox 890 3713 1040 3768; x_wconf 80' lang='lat' dir='ltr'>liberalite</span> <span class='ocrx_word' id='word_1_484' title='bbox 1052 3719 1150 3768; x_wconf 85' lang='lat' dir='ltr'>morte.</span> <span class='ocrx_word' id='word_1_485' title='bbox 1203 3726 1274 3781; x_wconf 63' lang='lat' dir='ltr'>sicui</span> <span class='ocrx_word' id='word_1_486' title='bbox 1288 3727 1373 3796; x_wconf 64' lang='lat' dir='ltr'><strong>09⁰¹ae</strong></span> <span class='ocrx_word' id='word_1_487' title='bbox 1383 3727 1583 3799; x_wconf 60' lang='lat' dir='ltr'>circumposqu</span> <span class='ocrx_word' id='word_1_488' title='bbox 1606 3739 1775 3787; x_wconf 54' lang='lat' dir='ltr'>mmmmm</span> <span class='ocrx_word' id='word_1_489' title='bbox 1791 3735 1939 3804; x_wconf 34' lang='lat' dir='ltr'>mpori&amp;</span> <span class='ocrx_word' id='word_1_490' title='bbox 1957 3736 1998 3806; x_wconf 59' lang='lat' dir='ltr'>quq</span> 
     </span>
     <span class='ocr_line' id='line_1_36' title="bbox 355 3804 1999 3897; baseline 0.008 -31"><span class='ocrx_word' id='word_1_491' title='bbox 355 3811 466 3866; x_wconf 82' lang='lat' dir='ltr'>lustitia</span> <span class='ocrx_word' id='word_1_492' title='bbox 478 3808 610 3881; x_wconf 90' lang='lat' dir='ltr'>simplicis</span> <span class='ocrx_word' id='word_1_493' title='bbox 624 3808 723 3879; x_wconf 83' lang='lat' dir='ltr'>diriget</span> <span class='ocrx_word' id='word_1_494' title='bbox 743 3807 814 3860; x_wconf 86' lang='lat' dir='ltr'>riam</span> <span class='ocrx_word' id='word_1_495' title='bbox 830 3804 900 3875; x_wconf 76' lang='lat' dir='ltr'>ejus,</span> <span class='ocrx_word' id='word_1_496' title='bbox 921 3813 949 3861; x_wconf 87' lang='lat' dir='ltr'>et</span> <span class='ocrx_word' id='word_1_497' title='bbox 969 3806 997 3860; x_wconf 93' lang='lat' dir='ltr'>in</span> <span class='ocrx_word' id='word_1_498' title='bbox 1011 3804 1151 3876; x_wconf 86' lang='lat' dir='ltr'>impietate</span> <span class='ocrx_word' id='word_1_499' title='bbox 1203 3831 1256 3871; x_wconf 79' lang='lat' dir='ltr'>non</span> <span class='ocrx_word' id='word_1_500' title='bbox 1271 3817 1447 3885; x_wconf 81' lang='lat' dir='ltr'>manducant,</span> <span class='ocrx_word' id='word_1_501' title='bbox 1472 3834 1560 3890; x_wconf 83' lang='lat' dir='ltr'>neque</span> <span class='ocrx_word' id='word_1_502' title='bbox 1582 3821 1689 3887; x_wconf 87' lang='lat' dir='ltr'>bibunt,</span> <span class='ocrx_word' id='word_1_503' title='bbox 1706 3837 1796 3892; x_wconf 87' lang='lat' dir='ltr'>neque</span> <span class='ocrx_word' id='word_1_504' title='bbox 1812 3824 1935 3897; x_wconf 86' lang='lat' dir='ltr'>aliquem</span> <span class='ocrx_word' id='word_1_505' title='bbox 1949 3826 1999 3880; x_wconf 83' lang='lat' dir='ltr'>lra-</span> 
     </span>
     <span class='ocr_line' id='line_1_37' title="bbox 356 3898 1832 3982; baseline 0.007 -26"><span class='ocrx_word' id='word_1_506' title='bbox 356 3917 405 3956; x_wconf 87' lang='lat' dir='ltr'>sua</span> <span class='ocrx_word' id='word_1_507' title='bbox 415 3909 524 3956; x_wconf 90' lang='lat' dir='ltr'>corruet</span> <span class='ocrx_word' id='word_1_508' title='bbox 546 3900 655 3970; x_wconf 87' lang='lat' dir='ltr'>impius.</span> <span class='ocrx_word' id='word_1_509' title='bbox 671 3898 780 3954; x_wconf 88' lang='lat' dir='ltr'>lustitia</span> <span class='ocrx_word' id='word_1_510' title='bbox 793 3909 929 3954; x_wconf 85' lang='lat' dir='ltr'>rectorum</span> <span class='ocrx_word' id='word_1_511' title='bbox 950 3898 1079 3954; x_wconf 86' lang='lat' dir='ltr'>liberabit</span> <span class='ocrx_word' id='word_1_512' title='bbox 1093 3912 1150 3964; x_wconf 90' lang='lat' dir='ltr'>ens,</span> <span class='ocrx_word' id='word_1_513' title='bbox 1203 3914 1277 3962; x_wconf 85' lang='lat' dir='ltr'>ctum</span> <span class='ocrx_word' id='word_1_514' title='bbox 1292 3923 1325 3963; x_wconf 81' lang='lat' dir='ltr'>er</span> <span class='ocrx_word' id='word_1_515' title='bbox 1344 3907 1396 3963; x_wconf 91' lang='lat' dir='ltr'>illis</span> <span class='ocrx_word' id='word_1_516' title='bbox 1411 3908 1532 3980; x_wconf 88' lang='lat' dir='ltr'>capiunt.</span> <span class='ocrx_word' id='word_1_517' title='bbox 1551 3908 1627 3967; x_wconf 87' lang='lat' dir='ltr'>[lude</span> <span class='ocrx_word' id='word_1_518' title='bbox 1639 3919 1667 3966; x_wconf 88' lang='lat' dir='ltr'>et</span> <span class='ocrx_word' id='word_1_519' title='bbox 1681 3913 1832 3982; x_wconf 82' lang='lat' dir='ltr'>sequitur:</span> 
     </span>
     <span class='ocr_line' id='line_1_38' title="bbox 355 3991 2000 4070; baseline 0.008 -23"><span class='ocrx_word' id='word_1_520' title='bbox 355 4004 384 4048; x_wconf 79' lang='lat' dir='ltr'>et</span> <span class='ocrx_word' id='word_1_521' title='bbox 397 3996 422 4049; x_wconf 90' lang='lat' dir='ltr'>in</span> <span class='ocrx_word' id='word_1_522' title='bbox 438 3995 544 4051; x_wconf 85' lang='lat' dir='ltr'>insidiis</span> <span class='ocrx_word' id='word_1_523' title='bbox 558 3994 614 4050; x_wconf 84' lang='lat' dir='ltr'>suis</span> <span class='ocrx_word' id='word_1_524' title='bbox 628 3994 771 4065; x_wconf 88' lang='lat' dir='ltr'>capientur</span> <span class='ocrx_word' id='word_1_525' title='bbox 782 3993 868 4063; x_wconf 90' lang='lat' dir='ltr'>iniqui</span> <span class='ocrx_word' id='word_1_526' title='bbox 880 3992 971 4066; x_wconf 82' lang='lat' dir='ltr'>(Pron.</span> <span class='ocrx_word' id='word_1_527' title='bbox 987 3992 1037 4063; x_wconf 82' lang='lat' dir='ltr'>xi).</span> <span class='ocrx_word' id='word_1_528' title='bbox 1055 3991 1151 4061; x_wconf 72' lang='lat' dir='ltr'>›Quod</span> <span class='ocrx_word' id='word_1_529' title='bbox 1241 4016 1250 4050; x_wconf 86' lang='lat' dir='ltr'>t</span> <span class='ocrx_word' id='word_1_530' title='bbox 1267 3995 1337 4065; x_wconf 86' lang='lat' dir='ltr'>Quid</span> <span class='ocrx_word' id='word_1_531' title='bbox 1348 3999 1419 4055; x_wconf 91' lang='lat' dir='ltr'>enim</span> <span class='ocrx_word' id='word_1_532' title='bbox 1432 4000 1553 4070; x_wconf 88' lang='lat' dir='ltr'>pmderit</span> <span class='ocrx_word' id='word_1_533' title='bbox 1563 4001 1657 4057; x_wconf 90' lang='lat' dir='ltr'>libatio</span> <span class='ocrx_word' id='word_1_534' title='bbox 1670 4002 1760 4059; x_wconf 70' lang='lat' dir='ltr'>molo?</span> <span class='ocrx_word' id='word_1_535' title='bbox 1772 4002 1833 4062; x_wconf 76' lang='lat' dir='ltr'>Nec</span> <span class='ocrx_word' id='word_1_536' title='bbox 1845 4007 1921 4061; x_wconf 86' lang='lat' dir='ltr'>eninr</span> <span class='ocrx_word' id='word_1_537' title='bbox 1931 4022 2000 4060; x_wconf 67' lang='lat' dir='ltr'>mae</span> 
     </span>
     <span class='ocr_line' id='line_1_39' title="bbox 356 4083 2000 4167; baseline 0.007 -26"><span class='ocrx_word' id='word_1_538' title='bbox 356 4097 446 4143; x_wconf 82' lang='lat' dir='ltr'>:rtttent</span> <span class='ocrx_word' id='word_1_539' title='bbox 465 4086 533 4143; x_wconf 88' lang='lat' dir='ltr'>dicit</span> <span class='ocrx_word' id='word_1_540' title='bbox 551 4100 651 4157; x_wconf 86' lang='lat' dir='ltr'>corpus</span> <span class='ocrx_word' id='word_1_541' title='bbox 667 4083 785 4140; x_wconf 80' lang='lat' dir='ltr'>validum</span> <span class='ocrx_word' id='word_1_542' title='bbox 800 4084 898 4140; x_wconf 90' lang='lat' dir='ltr'>melius</span> <span class='ocrx_word' id='word_1_543' title='bbox 912 4098 973 4140; x_wconf 87' lang='lat' dir='ltr'>esse</span> <span class='ocrx_word' id='word_1_544' title='bbox 988 4098 1070 4153; x_wconf 89' lang='lat' dir='ltr'>quam</span> <span class='ocrx_word' id='word_1_545' title='bbox 1084 4098 1150 4137; x_wconf 87' lang='lat' dir='ltr'>oen·</span> <span class='ocrx_word' id='word_1_546' title='bbox 1205 4088 1341 4143; x_wconf 70' lang='lat' dir='ltr'>educabit</span> <span class='ocrx_word' id='word_1_547' title='bbox 1363 4105 1414 4145; x_wconf 88' lang='lat' dir='ltr'>aec</span> <span class='ocrx_word' id='word_1_548' title='bbox 1437 4090 1605 4146; x_wconf 89' lang='lat' dir='ltr'>odorabitur.</span> <span class='ocrx_word' id='word_1_549' title='bbox 1625 4091 1672 4149; x_wconf 86' lang='lat' dir='ltr'>Sic</span> <span class='ocrx_word' id='word_1_550' title='bbox 1689 4093 1735 4164; x_wconf 89' lang='lat' dir='ltr'>qni</span> <span class='ocrx_word' id='word_1_551' title='bbox 1757 4093 1899 4167; x_wconf 76' lang='lat' dir='ltr'>effugatur</span> <span class='ocrx_word' id='word_1_552' title='bbox 1916 4113 1932 4151; x_wconf 93' lang='lat' dir='ltr'>a</span> <span class='ocrx_word' id='word_1_553' title='bbox 1952 4096 2000 4151; x_wconf 78' lang='lat' dir='ltr'>llu-</span> 
     </span>
     <span class='ocr_line' id='line_1_40' title="bbox 355 4176 1999 4256; baseline 0.007 -25"><span class='ocrx_word' id='word_1_554' title='bbox 355 4194 415 4232; x_wconf 85' lang='lat' dir='ltr'>sam</span> <span class='ocrx_word' id='word_1_555' title='bbox 430 4177 605 4241; x_wconf 86' lang='lat' dir='ltr'>immensum,</span> <span class='ocrx_word' id='word_1_556' title='bbox 627 4176 746 4231; x_wconf 88' lang='lat' dir='ltr'>ostendit</span> <span class='ocrx_word' id='word_1_557' title='bbox 763 4190 863 4247; x_wconf 89' lang='lat' dir='ltr'>corpus</span> <span class='ocrx_word' id='word_1_558' title='bbox 887 4184 951 4231; x_wconf 91' lang='lat' dir='ltr'>tunc</span> <span class='ocrx_word' id='word_1_559' title='bbox 966 4176 1035 4231; x_wconf 87' lang='lat' dir='ltr'>bene</span> <span class='ocrx_word' id='word_1_560' title='bbox 1054 4190 1151 4230; x_wconf 89' lang='lat' dir='ltr'>sanum</span> <span class='ocrx_word' id='word_1_561' title='bbox 1205 4182 1316 4247; x_wconf 76' lang='lat' dir='ltr'>«mino,</span> <span class='ocrx_word' id='word_1_562' title='bbox 1331 4190 1358 4237; x_wconf 89' lang='lat' dir='ltr'>et</span> <span class='ocrx_word' id='word_1_563' title='bbox 1371 4190 1482 4253; x_wconf 86' lang='lat' dir='ltr'>portans</span> <span class='ocrx_word' id='word_1_564' title='bbox 1494 4184 1633 4241; x_wconf 90' lang='lat' dir='ltr'>mercedes</span> <span class='ocrx_word' id='word_1_565' title='bbox 1642 4185 1805 4256; x_wconf 88' lang='lat' dir='ltr'>iniquitatis.</span> <span class='ocrx_word' id='word_1_566' title='bbox 1821 4186 1925 4245; x_wconf 77' lang='lat' dir='ltr'>Videna</span> <span class='ocrx_word' id='word_1_567' title='bbox 1940 4203 1999 4243; x_wconf 86' lang='lat' dir='ltr'>oeu-</span> 
     </span>
     <span class='ocr_line' id='line_1_41' title="bbox 355 4266 1996 4351; baseline 0.006 -25"><span class='ocrx_word' id='word_1_568' title='bbox 355 4286 426 4336; x_wconf 81' lang='lat' dir='ltr'>csse,</span> <span class='ocrx_word' id='word_1_569' title='bbox 443 4270 551 4341; x_wconf 86' lang='lat' dir='ltr'>quando</span> <span class='ocrx_word' id='word_1_570' title='bbox 564 4268 652 4324; x_wconf 82' lang='lat' dir='ltr'>valide</span> <span class='ocrx_word' id='word_1_571' title='bbox 663 4268 769 4323; x_wconf 87' lang='lat' dir='ltr'>laborat</span> <span class='ocrx_word' id='word_1_572' title='bbox 780 4267 807 4322; x_wconf 91' lang='lat' dir='ltr'>in</span> <span class='ocrx_word' id='word_1_573' title='bbox 826 4267 920 4323; x_wconf 76' lang='lat' dir='ltr'>diablo</span> <span class='ocrx_word' id='word_1_574' title='bbox 938 4281 1031 4338; x_wconf 89' lang='lat' dir='ltr'>opere,</span> <span class='ocrx_word' id='word_1_575' title='bbox 1047 4266 1092 4322; x_wconf 91' lang='lat' dir='ltr'>eui</span> <span class='ocrx_word' id='word_1_576' title='bbox 1105 4281 1152 4321; x_wconf 91' lang='lat' dir='ltr'>va·</span> <span class='ocrx_word' id='word_1_577' title='bbox 1206 4293 1216 4328; x_wconf 70' lang='lat' dir='ltr'>t</span> <span class='ocrx_word' id='word_1_578' title='bbox 1232 4274 1268 4330; x_wconf 84' lang='lat' dir='ltr'>lis</span> <span class='ocrx_word' id='word_1_579' title='bbox 1282 4285 1310 4330; x_wconf 88' lang='lat' dir='ltr'>et</span> <span class='ocrx_word' id='word_1_580' title='bbox 1320 4274 1511 4347; x_wconf 75' lang='lat' dir='ltr'>ingemiscens,</span> <span class='ocrx_word' id='word_1_581' title='bbox 1523 4277 1594 4333; x_wconf 90' lang='lat' dir='ltr'>sicut</span> <span class='ocrx_word' id='word_1_582' title='bbox 1613 4266 1697 4348; x_wconf 82' lang='lat' dir='ltr'>spat&#39;lo</span> <span class='ocrx_word' id='word_1_583' title='bbox 1715 4279 1906 4350; x_wconf 88' lang='lat' dir='ltr'>complectens</span> <span class='ocrx_word' id='word_1_584' title='bbox 1921 4280 1996 4351; x_wconf 81' lang='lat' dir='ltr'>virgi-</span> 
     </span>
     <span class='ocr_line' id='line_1_42' title="bbox 295 4359 1999 4438; baseline 0.007 -23"><span class='ocrx_word' id='word_1_585' title='bbox 295 4432 296 4435; x_wconf 8' lang='lat'><em>*</em></span> <span class='ocrx_word' id='word_1_586' title='bbox 356 4363 469 4418; x_wconf 87' lang='lat' dir='ltr'>letndini</span> <span class='ocrx_word' id='word_1_587' title='bbox 489 4375 542 4417; x_wconf 88' lang='lat' dir='ltr'>non</span> <span class='ocrx_word' id='word_1_588' title='bbox 563 4369 721 4429; x_wconf 73' lang='lat' dir='ltr'>coequatur</span> <span class='ocrx_word' id='word_1_589' title='bbox 736 4374 834 4415; x_wconf 87' lang='lat' dir='ltr'>census</span> <span class='ocrx_word' id='word_1_590' title='bbox 858 4359 953 4430; x_wconf 87' lang='lat' dir='ltr'>iugens</span> <span class='ocrx_word' id='word_1_591' title='bbox 975 4359 1150 4424; x_wconf 83' lang='lat' dir='ltr'>divitiarum,</span> <span class='ocrx_word' id='word_1_592' title='bbox 1205 4367 1499 4438; x_wconf 77' lang='lat' dir='ltr'>‹nemetsuspirans</span> <span class='ocrx_word' id='word_1_593' title='bbox 1518 4386 1528 4421; x_wconf 76' lang='lat' dir='ltr'>a</span> <span class='ocrx_word' id='word_1_594' title='bbox 1545 4366 1623 4423; x_wconf 88' lang='lat' dir='ltr'>Nulla</span> <span class='ocrx_word' id='word_1_595' title='bbox 1638 4369 1711 4424; x_wconf 93' lang='lat' dir='ltr'>enim</span> <span class='ocrx_word' id='word_1_596' title='bbox 1723 4370 1797 4426; x_wconf 92' lang='lat' dir='ltr'>ratio</span> <span class='ocrx_word' id='word_1_597' title='bbox 1812 4371 1999 4436; x_wconf 73' lang='lat' dir='ltr'>estutbontu</span> 
     </span>
     <span class='ocr_line' id='line_1_43' title="bbox 355 4447 1998 4532; baseline 0.005 -25"><span class='ocrx_word' id='word_1_598' title='bbox 355 4455 429 4524; x_wconf 73' lang='lat' dir='ltr'>ignia,</span> <span class='ocrx_word' id='word_1_599' title='bbox 452 4451 531 4522; x_wconf 81' lang='lat' dir='ltr'>juxta</span> <span class='ocrx_word' id='word_1_600' title='bbox 554 4451 726 4507; x_wconf 85' lang='lat' dir='ltr'>Ecclesiastis</span> <span class='ocrx_word' id='word_1_601' title='bbox 754 4450 927 4515; x_wconf 85' lang='lat' dir='ltr'>sententiam,</span> <span class='ocrx_word' id='word_1_602' title='bbox 954 4468 964 4501; x_wconf 85' lang='lat' dir='ltr'>t</span> <span class='ocrx_word' id='word_1_603' title='bbox 989 4447 1080 4503; x_wconf 82' lang='lat' dir='ltr'>Dulcis</span> <span class='ocrx_word' id='word_1_604' title='bbox 1109 4456 1153 4503; x_wconf 90' lang='lat' dir='ltr'>cst</span> <span class='ocrx_word' id='word_1_605' title='bbox 1203 4454 1344 4510; x_wconf 88' lang='lat' dir='ltr'>rationalis</span> <span class='ocrx_word' id='word_1_606' title='bbox 1368 4456 1477 4512; x_wconf 86' lang='lat' dir='ltr'>deserat</span> <span class='ocrx_word' id='word_1_607' title='bbox 1489 4457 1573 4513; x_wconf 85' lang='lat' dir='ltr'>Deum</span> <span class='ocrx_word' id='word_1_608' title='bbox 1595 4457 1727 4515; x_wconf 80' lang='lat' dir='ltr'>faetorem</span> <span class='ocrx_word' id='word_1_609' title='bbox 1749 4476 1844 4527; x_wconf 91' lang='lat' dir='ltr'>sunm,</span> <span class='ocrx_word' id='word_1_610' title='bbox 1871 4461 1921 4532; x_wconf 88' lang='lat' dir='ltr'>qui</span> <span class='ocrx_word' id='word_1_611' title='bbox 1941 4477 1998 4516; x_wconf 74' lang='lat' dir='ltr'>ern</span> 
     </span>
     <span class='ocr_line' id='line_1_44' title="bbox 355 4541 1998 4621; baseline 0.005 -22"><span class='ocrx_word' id='word_1_612' title='bbox 355 4562 467 4601; x_wconf 78' lang='lat' dir='ltr'>surtinus</span> <span class='ocrx_word' id='word_1_613' title='bbox 478 4545 615 4616; x_wconf 86' lang='lat' dir='ltr'>operanti,</span> <span class='ocrx_word' id='word_1_614' title='bbox 628 4544 687 4599; x_wconf 86' lang='lat' dir='ltr'>sive</span> <span class='ocrx_word' id='word_1_615' title='bbox 697 4558 793 4614; x_wconf 88' lang='lat' dir='ltr'>parum</span> <span class='ocrx_word' id='word_1_616' title='bbox 808 4543 865 4599; x_wconf 86' lang='lat' dir='ltr'>sive</span> <span class='ocrx_word' id='word_1_617' title='bbox 879 4541 991 4598; x_wconf 89' lang='lat' dir='ltr'>multum</span> <span class='ocrx_word' id='word_1_618' title='bbox 1004 4541 1149 4597; x_wconf 87' lang='lat' dir='ltr'>comedat:</span> <span class='ocrx_word' id='word_1_619' title='bbox 1203 4546 1344 4602; x_wconf 86' lang='lat' dir='ltr'>creavitad</span> <span class='ocrx_word' id='word_1_620' title='bbox 1358 4548 1487 4603; x_wconf 89' lang='lat' dir='ltr'>bonorem</span> <span class='ocrx_word' id='word_1_621' title='bbox 1500 4563 1532 4604; x_wconf 89' lang='lat' dir='ltr'>ac</span> <span class='ocrx_word' id='word_1_622' title='bbox 1540 4548 1653 4620; x_wconf 86' lang='lat' dir='ltr'>gloriam</span> <span class='ocrx_word' id='word_1_623' title='bbox 1661 4551 1781 4607; x_wconf 82' lang='lat' dir='ltr'>nominis</span> <span class='ocrx_word' id='word_1_624' title='bbox 1796 4554 1851 4608; x_wconf 92' lang='lat' dir='ltr'>sui.</span> <span class='ocrx_word' id='word_1_625' title='bbox 1860 4552 1998 4621; x_wconf 79' lang='lat' dir='ltr'>Quatenus</span> 
     </span>
     <span class='ocr_line' id='line_1_45' title="bbox 355 4631 1997 4714; baseline 0.005 -22"><span class='ocrx_word' id='word_1_626' title='bbox 355 4638 593 4693; x_wconf 85' lang='lat' dir='ltr'>satrtritas-aatem</span> <span class='ocrx_word' id='word_1_627' title='bbox 610 4635 701 4692; x_wconf 79' lang='lat' dir='ltr'>divitis</span> <span class='ocrx_word' id='word_1_628' title='bbox 720 4650 773 4689; x_wconf 82' lang='lat' dir='ltr'>nrm</span> <span class='ocrx_word' id='word_1_629' title='bbox 793 4634 859 4689; x_wconf 90' lang='lat' dir='ltr'>sinit</span> <span class='ocrx_word' id='word_1_630' title='bbox 873 4633 991 4690; x_wconf 89' lang='lat' dir='ltr'>dormire</span> <span class='ocrx_word' id='word_1_631' title='bbox 1012 4648 1074 4689; x_wconf 89' lang='lat' dir='ltr'>cum</span> <span class='ocrx_word' id='word_1_632' title='bbox 1087 4631 1152 4705; x_wconf 66' lang='lat' dir='ltr'>(Ee</span> <span class='ocrx_word' id='word_1_633' title='bbox 1203 4637 1255 4693; x_wconf 86' lang='lat' dir='ltr'>sibi</span> <span class='ocrx_word' id='word_1_634' title='bbox 1273 4636 1371 4694; x_wconf 81' lang='lat' dir='ltr'>oderat</span> <span class='ocrx_word' id='word_1_635' title='bbox 1404 4640 1568 4696; x_wconf 81' lang='lat' dir='ltr'>sacrificium</span> <span class='ocrx_word' id='word_1_636' title='bbox 1578 4639 1701 4710; x_wconf 81' lang='lat' dir='ltr'>justina,</span> <span class='ocrx_word' id='word_1_637' title='bbox 1717 4651 1746 4698; x_wconf 86' lang='lat' dir='ltr'>et</span> <span class='ocrx_word' id='word_1_638' title='bbox 1759 4653 1857 4714; x_wconf 87' lang='lat' dir='ltr'>speret</span> <span class='ocrx_word' id='word_1_639' title='bbox 1871 4645 1901 4699; x_wconf 90' lang='lat' dir='ltr'>in</span> <span class='ocrx_word' id='word_1_640' title='bbox 1912 4644 1997 4699; x_wconf 79' lang='lat' dir='ltr'>botni-</span> 
     </span>
     <span class='ocr_line' id='line_1_46' title="bbox 355 4726 1995 4825; baseline 0.006 -42"><span class='ocrx_word' id='word_1_641' title='bbox 355 4730 417 4783; x_wconf 77' lang='lat' dir='ltr'>rlca.</span> <span class='ocrx_word' id='word_1_642' title='bbox 430 4745 446 4783; x_wconf 83' lang='lat' dir='ltr'>r</span> <span class='ocrx_word' id='word_1_643' title='bbox 457 4728 477 4802; x_wconf 88' lang='lat'>).</span> <span class='ocrx_word' id='word_1_644' title='bbox 495 4728 606 4785; x_wconf 80' lang='lat' dir='ltr'>»Porro</span> <span class='ocrx_word' id='word_1_645' title='bbox 625 4730 688 4800; x_wconf 91' lang='lat' dir='ltr'>quia</span> <span class='ocrx_word' id='word_1_646' title='bbox 713 4746 824 4786; x_wconf 90' lang='lat' dir='ltr'>somnus</span> <span class='ocrx_word' id='word_1_647' title='bbox 840 4728 989 4785; x_wconf 89' lang='lat' dir='ltr'>naturalem</span> <span class='ocrx_word' id='word_1_648' title='bbox 1002 4726 1150 4799; x_wconf 88' lang='lat' dir='ltr'>aliqnando</span> <span class='ocrx_word' id='word_1_649' title='bbox 1163 4764 1191 4825; x_wconf 75' lang='lat' dir='ltr'>D</span> <span class='ocrx_word' id='word_1_650' title='bbox 1203 4743 1249 4796; x_wconf 93' lang='lat' dir='ltr'>no,</span> <span class='ocrx_word' id='word_1_651' title='bbox 1260 4736 1288 4784; x_wconf 91' lang='lat' dir='ltr'>et</span> <span class='ocrx_word' id='word_1_652' title='bbox 1295 4727 1401 4785; x_wconf 85' lang='lat' dir='ltr'>deierat</span> <span class='ocrx_word' id='word_1_653' title='bbox 1429 4730 1573 4788; x_wconf 90' lang='lat' dir='ltr'>libationes</span> <span class='ocrx_word' id='word_1_654' title='bbox 1587 4733 1667 4789; x_wconf 90' lang='lat' dir='ltr'>idolis</span> <span class='ocrx_word' id='word_1_655' title='bbox 1691 4734 1781 4798; x_wconf 82' lang='lat' dir='ltr'>vanis,</span> <span class='ocrx_word' id='word_1_656' title='bbox 1802 4736 1852 4806; x_wconf 91' lang='lat' dir='ltr'>qui</span> <span class='ocrx_word' id='word_1_657' title='bbox 1872 4752 1926 4793; x_wconf 87' lang='lat' dir='ltr'>nec</span> <span class='ocrx_word' id='word_1_658' title='bbox 1939 4750 1995 4792; x_wconf 78' lang='lat' dir='ltr'>sen</span> 
     </span>
     <span class='ocr_line' id='line_1_47' title="bbox 354 4818 1998 4892; baseline 0.004 -18"><span class='ocrx_word' id='word_1_659' title='bbox 354 4823 485 4891; x_wconf 84' lang='lat' dir='ltr'>quietem,</span> <span class='ocrx_word' id='word_1_660' title='bbox 505 4820 651 4890; x_wconf 87' lang='lat' dir='ltr'>aliqnando</span> <span class='ocrx_word' id='word_1_661' title='bbox 661 4836 726 4875; x_wconf 81' lang='lat' dir='ltr'>tero</span> <span class='ocrx_word' id='word_1_662' title='bbox 740 4834 911 4876; x_wconf 80' lang='lat' dir='ltr'>contemnem</span> <span class='ocrx_word' id='word_1_663' title='bbox 926 4820 959 4875; x_wconf 89' lang='lat' dir='ltr'>de</span> <span class='ocrx_word' id='word_1_664' title='bbox 974 4821 1026 4874; x_wconf 87' lang='lat' dir='ltr'>itae</span> <span class='ocrx_word' id='word_1_665' title='bbox 1039 4818 1093 4872; x_wconf 86' lang='lat' dir='ltr'>vita</span> <span class='ocrx_word' id='word_1_666' title='bbox 1110 4819 1163 4873; x_wconf 59' lang='lat' dir='ltr'>si·u</span> <span class='ocrx_word' id='word_1_667' title='bbox 1204 4818 1284 4884; x_wconf 89' lang='lat' dir='ltr'>tiunt,</span> <span class='ocrx_word' id='word_1_668' title='bbox 1296 4834 1347 4876; x_wconf 91' lang='lat' dir='ltr'>nec</span> <span class='ocrx_word' id='word_1_669' title='bbox 1363 4820 1465 4892; x_wconf 91' lang='lat' dir='ltr'>aliquid</span> <span class='ocrx_word' id='word_1_670' title='bbox 1476 4824 1593 4892; x_wconf 88' lang='lat' dir='ltr'>sapiunt,</span> <span class='ocrx_word' id='word_1_671' title='bbox 1605 4838 1655 4879; x_wconf 86' lang='lat' dir='ltr'>nec</span> <span class='ocrx_word' id='word_1_672' title='bbox 1667 4823 1872 4882; x_wconf 81' lang='lat' dir='ltr'>victobumano</span> <span class='ocrx_word' id='word_1_673' title='bbox 1881 4841 1998 4883; x_wconf 69' lang='lat' dir='ltr'>maante</span> 
     </span>
     <span class='ocr_line' id='line_1_48' title="bbox 355 4908 1995 4991; baseline 0.006 -26"><span class='ocrx_word' id='word_1_674' title='bbox 355 4911 469 4981; x_wconf 82' lang='lat' dir='ltr'>girilicat·</span> <span class='ocrx_word' id='word_1_675' title='bbox 483 4912 596 4974; x_wconf 81' lang='lat' dir='ltr'>exitunr,</span> <span class='ocrx_word' id='word_1_676' title='bbox 611 4911 708 4967; x_wconf 87' lang='lat' dir='ltr'>melior</span> <span class='ocrx_word' id='word_1_677' title='bbox 719 4913 772 4966; x_wconf 92' lang='lat' dir='ltr'>erit</span> <span class='ocrx_word' id='word_1_678' title='bbox 800 4909 977 4979; x_wconf 75' lang='lat' dir='ltr'>requiescitis</span> <span class='ocrx_word' id='word_1_679' title='bbox 995 4910 1021 4964; x_wconf 93' lang='lat' dir='ltr'>in</span> <span class='ocrx_word' id='word_1_680' title='bbox 1047 4908 1148 4975; x_wconf 85' lang='lat' dir='ltr'>tuturo,</span> <span class='ocrx_word' id='word_1_681' title='bbox 1204 4912 1307 4967; x_wconf 87' lang='lat' dir='ltr'>nicant.</span> <span class='ocrx_word' id='word_1_682' title='bbox 1323 4912 1399 4969; x_wconf 88' lang='lat' dir='ltr'>Unde</span> <span class='ocrx_word' id='word_1_683' title='bbox 1422 4923 1450 4968; x_wconf 88' lang='lat' dir='ltr'>et</span> <span class='ocrx_word' id='word_1_684' title='bbox 1464 4912 1604 4985; x_wconf 90' lang='lat' dir='ltr'>Scriptura</span> <span class='ocrx_word' id='word_1_685' title='bbox 1626 4916 1713 4971; x_wconf 89' lang='lat' dir='ltr'>dicit:</span> <span class='ocrx_word' id='word_1_686' title='bbox 1729 4936 1740 4971; x_wconf 90' lang='lat' dir='ltr'>t</span> <span class='ocrx_word' id='word_1_687' title='bbox 1755 4912 1917 4975; x_wconf 78' lang='lat' dir='ltr'>simulacra</span> <span class='ocrx_word' id='word_1_688' title='bbox 1935 4933 1995 4991; x_wconf 80' lang='lat' dir='ltr'>geu·</span> 
     </span>
     <span class='ocr_line' id='line_1_49' title="bbox 358 4971 1997 5078; baseline 0.007 -23"><span class='ocrx_word' id='word_1_689' title='bbox 358 5004 404 5073; x_wconf 85' lang='lat' dir='ltr'>qui</span> <span class='ocrx_word' id='word_1_690' title='bbox 419 5013 549 5074; x_wconf 89' lang='lat' dir='ltr'>operatur</span> <span class='ocrx_word' id='word_1_691' title='bbox 560 5005 587 5060; x_wconf 90' lang='lat' dir='ltr'>in</span> <span class='ocrx_word' id='word_1_692' title='bbox 602 5004 740 5074; x_wconf 68' lang='lat' dir='ltr'>praesenti,</span> <span class='ocrx_word' id='word_1_693' title='bbox 752 5011 780 5056; x_wconf 91' lang='lat' dir='ltr'>ct</span> <span class='ocrx_word' id='word_1_694' title='bbox 791 5000 937 5058; x_wconf 88' lang='lat' dir='ltr'>secundum</span> <span class='ocrx_word' id='word_1_695' title='bbox 952 5000 1024 5056; x_wconf 77' lang='lat' dir='ltr'>vires</span> <span class='ocrx_word' id='word_1_696' title='bbox 1036 5015 1102 5055; x_wconf 90' lang='lat' dir='ltr'>suas</span> <span class='ocrx_word' id='word_1_697' title='bbox 1121 5000 1148 5055; x_wconf 88' lang='lat' dir='ltr'>itt</span> <span class='ocrx_word' id='word_1_698' title='bbox 1205 4971 1663 5078; x_wconf 63' lang='lat' dir='ltr'>tinm⁸argenturnetaurum,opera</span> <span class='ocrx_word' id='word_1_699' title='bbox 1670 5024 1800 5064; x_wconf 89' lang='lat' dir='ltr'>manuum</span> <span class='ocrx_word' id='word_1_700' title='bbox 1807 5010 1997 5068; x_wconf 82' lang='lat' dir='ltr'>bominumbs</span> 
     </span>
     <span class='ocr_line' id='line_1_50' title="bbox 355 5093 1996 5167; baseline 0.007 -21"><span class='ocrx_word' id='word_1_701' title='bbox 355 5093 436 5149; x_wconf 86' lang='lat' dir='ltr'>bonis·</span> <span class='ocrx_word' id='word_1_702' title='bbox 446 5097 573 5165; x_wconf 87' lang='lat' dir='ltr'>operibus</span> <span class='ocrx_word' id='word_1_703' title='bbox 588 5105 775 5159; x_wconf 80' lang='lat' dir='ltr'>mirrersatur,</span> <span class='ocrx_word' id='word_1_704' title='bbox 789 5109 871 5164; x_wconf 88' lang='lat' dir='ltr'>quam</span> <span class='ocrx_word' id='word_1_705' title='bbox 885 5109 980 5149; x_wconf 88' lang='lat' dir='ltr'>corum</span> <span class='ocrx_word' id='word_1_706' title='bbox 993 5093 1104 5159; x_wconf 77' lang='lat' dir='ltr'>divitia,</span> <span class='ocrx_word' id='word_1_707' title='bbox 1116 5096 1149 5148; x_wconf 91' lang='lat' dir='ltr'>de</span> <span class='ocrx_word' id='word_1_708' title='bbox 1204 5097 1304 5152; x_wconf 89' lang='lat' dir='ltr'>babent</span> <span class='ocrx_word' id='word_1_709' title='bbox 1320 5105 1348 5151; x_wconf 89' lang='lat' dir='ltr'>et</span> <span class='ocrx_word' id='word_1_710' title='bbox 1358 5112 1410 5151; x_wconf 92' lang='lat' dir='ltr'>non</span> <span class='ocrx_word' id='word_1_711' title='bbox 1422 5097 1575 5167; x_wconf 89' lang='lat' dir='ltr'>loquemur,</span> <span class='ocrx_word' id='word_1_712' title='bbox 1589 5099 1682 5155; x_wconf 82' lang='lat' dir='ltr'>oculos</span> <span class='ocrx_word' id='word_1_713' title='bbox 1695 5099 1798 5157; x_wconf 87' lang='lat' dir='ltr'>babent</span> <span class='ocrx_word' id='word_1_714' title='bbox 1810 5111 1840 5157; x_wconf 93' lang='lat' dir='ltr'>et</span> <span class='ocrx_word' id='word_1_715' title='bbox 1849 5119 1907 5158; x_wconf 88' lang='lat' dir='ltr'>non</span> <span class='ocrx_word' id='word_1_716' title='bbox 1926 5102 1996 5158; x_wconf 85' lang='lat' dir='ltr'>ride·</span> 
     </span>
     <span class='ocr_line' id='line_1_51' title="bbox 353 5186 1996 5259; baseline 0.002 -17"><span class='ocrx_word' id='word_1_717' title='bbox 353 5189 451 5257; x_wconf 90' lang='lat' dir='ltr'>quibus</span> <span class='ocrx_word' id='word_1_718' title='bbox 462 5191 592 5245; x_wconf 90' lang='lat' dir='ltr'>scribitur</span> <span class='ocrx_word' id='word_1_719' title='bbox 603 5207 611 5244; x_wconf 72' lang='grc' dir='ltr'><em>τ</em></span> <span class='ocrx_word' id='word_1_720' title='bbox 624 5209 633 5243; x_wconf 86' lang='lat' dir='ltr'>t</span> <span class='ocrx_word' id='word_1_721' title='bbox 644 5188 689 5245; x_wconf 80' lang='lat' dir='ltr'>Vm</span> <span class='ocrx_word' id='word_1_722' title='bbox 701 5188 924 5252; x_wconf 82' lang='lat' dir='ltr'>rubisdi-vitibus,</span> <span class='ocrx_word' id='word_1_723' title='bbox 935 5188 998 5259; x_wconf 88' lang='lat' dir='ltr'>qaia</span> <span class='ocrx_word' id='word_1_724' title='bbox 1008 5186 1149 5257; x_wconf 87' lang='lat' dir='ltr'>recepistis</span> <span class='ocrx_word' id='word_1_725' title='bbox 1202 5188 1280 5243; x_wconf 92' lang='lat' dir='ltr'>bunt.</span> <span class='ocrx_word' id='word_1_726' title='bbox 1300 5187 1386 5243; x_wconf 79' lang='lat' dir='ltr'>Aures</span> <span class='ocrx_word' id='word_1_727' title='bbox 1400 5188 1502 5243; x_wconf 89' lang='lat' dir='ltr'>habent</span> <span class='ocrx_word' id='word_1_728' title='bbox 1522 5198 1550 5243; x_wconf 93' lang='lat' dir='ltr'>et</span> <span class='ocrx_word' id='word_1_729' title='bbox 1562 5205 1614 5244; x_wconf 92' lang='lat' dir='ltr'>non</span> <span class='ocrx_word' id='word_1_730' title='bbox 1627 5189 1749 5256; x_wconf 89' lang='lat' dir='ltr'>audient,</span> <span class='ocrx_word' id='word_1_731' title='bbox 1765 5206 1850 5247; x_wconf 86' lang='lat' dir='ltr'>nares</span> <span class='ocrx_word' id='word_1_732' title='bbox 1860 5193 1962 5248; x_wconf 87' lang='lat' dir='ltr'>babeat</span> <span class='ocrx_word' id='word_1_733' title='bbox 1971 5200 1996 5246; x_wconf 90' lang='lat' dir='ltr'>et</span> 
     </span>
     <span class='ocr_line' id='line_1_52' title="bbox 354 5278 1996 5354; baseline 0.001 -19"><span class='ocrx_word' id='word_1_734' title='bbox 354 5280 566 5336; x_wconf 78' lang='lat' dir='ltr'>cuttsolustonent</span> <span class='ocrx_word' id='word_1_735' title='bbox 576 5291 696 5337; x_wconf 81' lang='lat' dir='ltr'>vestram</span> <span class='ocrx_word' id='word_1_736' title='bbox 709 5280 786 5351; x_wconf 83' lang='lat' dir='ltr'>(Luc.</span> <span class='ocrx_word' id='word_1_737' title='bbox 798 5281 847 5352; x_wconf 78' lang='lat' dir='ltr'>nl.</span> <span class='ocrx_word' id='word_1_738' title='bbox 867 5300 878 5333; x_wconf 77' lang='lat' dir='ltr'>a</span> <span class='ocrx_word' id='word_1_739' title='bbox 1197 5294 1252 5335; x_wconf 90' lang='lat' dir='ltr'>non</span> <span class='ocrx_word' id='word_1_740' title='bbox 1262 5278 1424 5334; x_wconf 87' lang='lat' dir='ltr'>odorabunt.</span> <span class='ocrx_word' id='word_1_741' title='bbox 1439 5278 1532 5334; x_wconf 79' lang='lat' dir='ltr'>Manus</span> <span class='ocrx_word' id='word_1_742' title='bbox 1539 5280 1639 5335; x_wconf 88' lang='lat' dir='ltr'>babent</span> <span class='ocrx_word' id='word_1_743' title='bbox 1647 5288 1675 5336; x_wconf 87' lang='lat' dir='ltr'>et</span> <span class='ocrx_word' id='word_1_744' title='bbox 1681 5295 1736 5335; x_wconf 90' lang='lat' dir='ltr'>non</span> <span class='ocrx_word' id='word_1_745' title='bbox 1745 5280 1909 5353; x_wconf 80' lang='lat' dir='ltr'>palpabunt,</span> <span class='ocrx_word' id='word_1_746' title='bbox 1921 5282 1996 5354; x_wconf 62' lang='lat' dir='ltr'>pah</span> 
     </span>
     <span class='ocr_line' id='line_1_53' title="bbox 393 5371 1995 5446; baseline 0.003 -23"><span class='ocrx_word' id='word_1_747' title='bbox 393 5392 402 5423; x_wconf 90' lang='lat' dir='ltr'>t</span> <span class='ocrx_word' id='word_1_748' title='bbox 419 5372 477 5427; x_wconf 86' lang='lat' dir='ltr'>Non</span> <span class='ocrx_word' id='word_1_749' title='bbox 492 5383 534 5428; x_wconf 89' lang='lat' dir='ltr'>est</span> <span class='ocrx_word' id='word_1_750' title='bbox 545 5390 643 5430; x_wconf 89' lang='lat' dir='ltr'>census</span> <span class='ocrx_word' id='word_1_751' title='bbox 655 5390 736 5444; x_wconf 88' lang='lat' dir='ltr'>super</span> <span class='ocrx_word' id='word_1_752' title='bbox 750 5388 859 5429; x_wconf 90' lang='lat' dir='ltr'>censum</span> <span class='ocrx_word' id='word_1_753' title='bbox 869 5373 964 5427; x_wconf 91' lang='lat' dir='ltr'>salutis</span> <span class='ocrx_word' id='word_1_754' title='bbox 979 5371 1110 5442; x_wconf 87' lang='lat' dir='ltr'>corporis,</span> <span class='ocrx_word' id='word_1_755' title='bbox 1121 5379 1150 5426; x_wconf 90' lang='lat' dir='ltr'>ct</span> <span class='ocrx_word' id='word_1_756' title='bbox 1199 5372 1301 5427; x_wconf 86' lang='lat' dir='ltr'>babent</span> <span class='ocrx_word' id='word_1_757' title='bbox 1311 5380 1340 5427; x_wconf 89' lang='lat' dir='ltr'>et</span> <span class='ocrx_word' id='word_1_758' title='bbox 1349 5387 1403 5425; x_wconf 91' lang='lat' dir='ltr'>nou</span> <span class='ocrx_word' id='word_1_759' title='bbox 1413 5372 1600 5437; x_wconf 87' lang='lat' dir='ltr'>ambulabunt,</span> <span class='ocrx_word' id='word_1_760' title='bbox 1616 5386 1671 5427; x_wconf 91' lang='lat' dir='ltr'>non</span> <span class='ocrx_word' id='word_1_761' title='bbox 1680 5371 1841 5428; x_wconf 86' lang='lat' dir='ltr'>clamabunt</span> <span class='ocrx_word' id='word_1_762' title='bbox 1851 5375 1881 5428; x_wconf 89' lang='lat' dir='ltr'>in</span> <span class='ocrx_word' id='word_1_763' title='bbox 1893 5383 1995 5446; x_wconf 82' lang='lat' dir='ltr'>guttere</span> 
     </span>
     <span class='ocr_line' id='line_1_54' title="bbox 359 5462 1994 5537; baseline 0.003 -21"><span class='ocrx_word' id='word_1_764' title='bbox 359 5483 369 5515; x_wconf 82' lang='lat' dir='ltr'>i</span> <span class='ocrx_word' id='word_1_765' title='bbox 389 5472 492 5518; x_wconf 86' lang='lat' dir='ltr'>nonest</span> <span class='ocrx_word' id='word_1_766' title='bbox 502 5464 649 5519; x_wconf 85' lang='lat' dir='ltr'>oblectatio</span> <span class='ocrx_word' id='word_1_767' title='bbox 664 5480 745 5535; x_wconf 89' lang='lat' dir='ltr'>super</span> <span class='ocrx_word' id='word_1_768' title='bbox 761 5464 850 5519; x_wconf 89' lang='lat' dir='ltr'>cordis</span> <span class='ocrx_word' id='word_1_769' title='bbox 863 5463 999 5534; x_wconf 86' lang='lat' dir='ltr'>gaudium.</span> <span class='ocrx_word' id='word_1_770' title='bbox 1018 5482 1027 5513; x_wconf 78' lang='lat' dir='ltr'>r</span> <span class='ocrx_word' id='word_1_771' title='bbox 1043 5462 1152 5517; x_wconf 89' lang='lat' dir='ltr'>llocest</span> <span class='ocrx_word' id='word_1_772' title='bbox 1201 5479 1251 5519; x_wconf 91' lang='lat' dir='ltr'>suo</span> <span class='ocrx_word' id='word_1_773' title='bbox 1270 5463 1358 5535; x_wconf 78' lang='lat' dir='ltr'>(Paul.</span> <span class='ocrx_word' id='word_1_774' title='bbox 1386 5462 1476 5535; x_wconf 77' lang='lat' dir='ltr'>eant),</span> <span class='ocrx_word' id='word_1_775' title='bbox 1495 5484 1505 5516; x_wconf 80' lang='lat' dir='ltr'>r</span> <span class='ocrx_word' id='word_1_776' title='bbox 1519 5478 1609 5534; x_wconf 79' lang='lat' dir='ltr'>raeque</span> <span class='ocrx_word' id='word_1_777' title='bbox 1631 5464 1704 5520; x_wconf 87' lang='lat' dir='ltr'>enim</span> <span class='ocrx_word' id='word_1_778' title='bbox 1717 5471 1759 5521; x_wconf 86' lang='lat' dir='ltr'>est</span> <span class='ocrx_word' id='word_1_779' title='bbox 1776 5466 1894 5537; x_wconf 86' lang='lat' dir='ltr'>spiritus</span> <span class='ocrx_word' id='word_1_780' title='bbox 1905 5467 1933 5521; x_wconf 85' lang='lat' dir='ltr'>in</span> <span class='ocrx_word' id='word_1_781' title='bbox 1952 5479 1994 5521; x_wconf 81' lang='lat' dir='ltr'>ute</span> 
     </span>
     <span class='ocr_line' id='line_1_55' title="bbox 354 5553 1993 5627; baseline 0.001 -17"><span class='ocrx_word' id='word_1_782' title='bbox 354 5556 431 5627; x_wconf 83' lang='lat' dir='ltr'>‹ptotl</span> <span class='ocrx_word' id='word_1_783' title='bbox 433 5554 584 5625; x_wconf 87' lang='lat' dir='ltr'>supradixit</span> <span class='ocrx_word' id='word_1_784' title='bbox 598 5554 624 5608; x_wconf 90' lang='lat' dir='ltr'>in</span> <span class='ocrx_word' id='word_1_785' title='bbox 635 5554 895 5625; x_wconf 80' lang='lat' dir='ltr'>sanctitatejrtstitiac</span> <span class='ocrx_word' id='word_1_786' title='bbox 902 5554 1014 5609; x_wconf 84' lang='lat' dir='ltr'>sabrtem</span> <span class='ocrx_word' id='word_1_787' title='bbox 1029 5553 1153 5609; x_wconf 89' lang='lat' dir='ltr'>esseani·</span> <span class='ocrx_word' id='word_1_788' title='bbox 1202 5555 1334 5625; x_wconf 89' lang='lat' dir='ltr'>ipsorum.</span> <span class='ocrx_word' id='word_1_789' title='bbox 1351 5554 1421 5622; x_wconf 91' lang='lat' dir='ltr'>Quid</span> <span class='ocrx_word' id='word_1_790' title='bbox 1448 5564 1539 5610; x_wconf 88' lang='lat' dir='ltr'>autem</span> <span class='ocrx_word' id='word_1_791' title='bbox 1553 5553 1705 5611; x_wconf 82' lang='lat' dir='ltr'>laemribus</span> <span class='ocrx_word' id='word_1_792' title='bbox 1726 5555 1786 5611; x_wconf 86' lang='lat' dir='ltr'>suis</span> <span class='ocrx_word' id='word_1_793' title='bbox 1809 5557 1993 5613; x_wconf 70' lang='lat' dir='ltr'>memordisse</span> 
     </span>
     <span class='ocr_line' id='line_1_56' title="bbox 354 5644 1990 5717; baseline -0.004 -14"><span class='ocrx_word' id='word_1_794' title='bbox 354 5664 416 5714; x_wconf 82' lang='lat' dir='ltr'>rtrae,</span> <span class='ocrx_word' id='word_1_795' title='bbox 431 5646 492 5703; x_wconf 88' lang='lat' dir='ltr'>etin</span> <span class='ocrx_word' id='word_1_796' title='bbox 504 5645 712 5715; x_wconf 85' lang='lat' dir='ltr'>corporcralido</span> <span class='ocrx_word' id='word_1_797' title='bbox 726 5645 1152 5717; x_wconf 84' lang='lat' dir='ltr'>dignitatemstcrisupertlresan-</span> <span class='ocrx_word' id='word_1_798' title='bbox 1203 5652 1409 5715; x_wconf 86' lang='lat' dir='ltr'>compensetur,</span> <span class='ocrx_word' id='word_1_799' title='bbox 1432 5659 1550 5715; x_wconf 87' lang='lat' dir='ltr'>sequens</span> <span class='ocrx_word' id='word_1_800' title='bbox 1568 5644 1719 5702; x_wconf 78' lang='lat' dir='ltr'>versiculus</span> <span class='ocrx_word' id='word_1_801' title='bbox 1735 5646 1859 5701; x_wconf 82' lang='lat' dir='ltr'>ostendit</span> <span class='ocrx_word' id='word_1_802' title='bbox 1883 5646 1990 5703; x_wconf 69' lang='lat' dir='ltr'>mauu:</span> 
     </span>
     <span class='ocr_line' id='line_1_57' title="bbox 357 5734 1990 5809; baseline 0.001 -17"><span class='ocrx_word' id='word_1_803' title='bbox 357 5755 416 5792; x_wconf 90' lang='lat' dir='ltr'>rum</span> <span class='ocrx_word' id='word_1_804' title='bbox 426 5737 642 5809; x_wconf 86' lang='lat' dir='ltr'>aurietargenti,</span> <span class='ocrx_word' id='word_1_805' title='bbox 654 5736 716 5806; x_wconf 90' lang='lat' dir='ltr'>quia</span> <span class='ocrx_word' id='word_1_806' title='bbox 728 5734 901 5791; x_wconf 84' lang='lat' dir='ltr'>delectationi</span> <span class='ocrx_word' id='word_1_807' title='bbox 915 5750 986 5790; x_wconf 78' lang='lat' dir='ltr'>aerae</span> <span class='ocrx_word' id='word_1_808' title='bbox 1000 5736 1149 5808; x_wconf 82' lang='lat' dir='ltr'>sapientiae,</span> <span class='ocrx_word' id='word_1_809' title='bbox 1202 5736 1337 5792; x_wconf 79' lang='lat' dir='ltr'>tSimiles</span> <span class='ocrx_word' id='word_1_810' title='bbox 1360 5736 1413 5792; x_wconf 89' lang='lat' dir='ltr'>illis</span> <span class='ocrx_word' id='word_1_811' title='bbox 1437 5739 1506 5791; x_wconf 84' lang='lat' dir='ltr'>bant</span> <span class='ocrx_word' id='word_1_812' title='bbox 1528 5738 1575 5808; x_wconf 90' lang='lat' dir='ltr'>qui</span> <span class='ocrx_word' id='word_1_813' title='bbox 1593 5736 1695 5792; x_wconf 83' lang='lat' dir='ltr'>iaciunt</span> <span class='ocrx_word' id='word_1_814' title='bbox 1720 5751 1765 5802; x_wconf 88' lang='lat' dir='ltr'>ea,</span> <span class='ocrx_word' id='word_1_815' title='bbox 1785 5744 1816 5793; x_wconf 89' lang='lat' dir='ltr'>et</span> <span class='ocrx_word' id='word_1_816' title='bbox 1832 5753 1931 5794; x_wconf 82' lang='lat' dir='ltr'>omttes</span> <span class='ocrx_word' id='word_1_817' title='bbox 1950 5735 1990 5808; x_wconf 76' lang='lat' dir='ltr'>qui</span> 
     </span>
     <span class='ocr_line' id='line_1_58' title="bbox 354 5825 1990 5899; baseline -0.002 -16"><span class='ocrx_word' id='word_1_818' title='bbox 354 5845 415 5899; x_wconf 66' lang='lat' dir='ltr'>tinae</span> <span class='ocrx_word' id='word_1_819' title='bbox 431 5830 458 5884; x_wconf 93' lang='lat' dir='ltr'>in</span> <span class='ocrx_word' id='word_1_820' title='bbox 481 5844 545 5885; x_wconf 85' lang='lat' dir='ltr'>rera</span> <span class='ocrx_word' id='word_1_821' title='bbox 560 5828 693 5884; x_wconf 87' lang='lat' dir='ltr'>charitate</span> <span class='ocrx_word' id='word_1_822' title='bbox 716 5826 842 5882; x_wconf 70' lang='lat' dir='ltr'>conastit</span> <span class='ocrx_word' id='word_1_823' title='bbox 856 5867 863 5891; x_wconf 93' lang='lat'>,</span> <span class='ocrx_word' id='word_1_824' title='bbox 879 5833 909 5882; x_wconf 88' lang='lat' dir='ltr'>et</span> <span class='ocrx_word' id='word_1_825' title='bbox 927 5826 1148 5896; x_wconf 87' lang='lat' dir='ltr'>contemplationi</span> <span class='ocrx_word' id='word_1_826' title='bbox 1200 5827 1341 5882; x_wconf 88' lang='lat' dir='ltr'>conlidunt</span> <span class='ocrx_word' id='word_1_827' title='bbox 1358 5828 1386 5883; x_wconf 89' lang='lat' dir='ltr'>iu</span> <span class='ocrx_word' id='word_1_828' title='bbox 1401 5828 1450 5883; x_wconf 88' lang='lat' dir='ltr'>eis.</span> <span class='ocrx_word' id='word_1_829' title='bbox 1467 5847 1477 5879; x_wconf 74' lang='lat' dir='ltr'>i</span> <span class='ocrx_word' id='word_1_830' title='bbox 1494 5826 1571 5894; x_wconf 85' lang='lat' dir='ltr'>Quod</span> <span class='ocrx_word' id='word_1_831' title='bbox 1585 5835 1612 5883; x_wconf 88' lang='lat' dir='ltr'>et</span> <span class='ocrx_word' id='word_1_832' title='bbox 1631 5827 1804 5897; x_wconf 84' lang='lat' dir='ltr'>comparatio</span> <span class='ocrx_word' id='word_1_833' title='bbox 1824 5825 1990 5899; x_wconf 65' lang='lat' dir='ltr'>murchad</span> 
     </span>
     <span class='ocr_line' id='line_1_59' title="bbox 356 5917 1989 5993; baseline -0.002 -14"><span class='ocrx_word' id='word_1_834' title='bbox 356 5921 440 5990; x_wconf 85' lang='lat' dir='ltr'>ipsius</span> <span class='ocrx_word' id='word_1_835' title='bbox 455 5923 579 5978; x_wconf 83' lang='lat' dir='ltr'>veritatis</span> <span class='ocrx_word' id='word_1_836' title='bbox 595 5937 655 5993; x_wconf 76' lang='lat' dir='ltr'>quae</span> <span class='ocrx_word' id='word_1_837' title='bbox 679 5928 723 5977; x_wconf 87' lang='lat' dir='ltr'>est</span> <span class='ocrx_word' id='word_1_838' title='bbox 745 5928 820 5975; x_wconf 91' lang='lat' dir='ltr'>certa</span> <span class='ocrx_word' id='word_1_839' title='bbox 843 5920 944 5992; x_wconf 87' lang='lat' dir='ltr'>agnitio</span> <span class='ocrx_word' id='word_1_840' title='bbox 959 5919 1028 5986; x_wconf 79' lang='lat' dir='ltr'>liei,</span> <span class='ocrx_word' id='word_1_841' title='bbox 1045 5918 1148 5975; x_wconf 87' lang='lat' dir='ltr'>nullum</span> <span class='ocrx_word' id='word_1_842' title='bbox 1199 5918 1332 5988; x_wconf 81' lang='lat' dir='ltr'>virginem</span> <span class='ocrx_word' id='word_1_843' title='bbox 1355 5921 1406 5975; x_wconf 87' lang='lat' dir='ltr'>sub</span> <span class='ocrx_word' id='word_1_844' title='bbox 1430 5919 1483 5975; x_wconf 90' lang='lat' dir='ltr'>aliu</span> <span class='ocrx_word' id='word_1_845' title='bbox 1505 5920 1693 5991; x_wconf 69' lang='lat' dir='ltr'>paradigmate</span> <span class='ocrx_word' id='word_1_846' title='bbox 1720 5919 1909 5983; x_wconf 81' lang='lat' dir='ltr'>detrromtrat,</span> <span class='ocrx_word' id='word_1_847' title='bbox 1932 5917 1989 5987; x_wconf 74' lang='lat' dir='ltr'>quio</span> 
     </span>
     <span class='ocr_line' id='line_1_60' title="bbox 358 6007 1988 6084; baseline 0.001 -21"><span class='ocrx_word' id='word_1_848' title='bbox 358 6015 483 6081; x_wconf 62' lang='lat' dir='ltr'>gaudituu</span> <span class='ocrx_word' id='word_1_849' title='bbox 496 6025 633 6071; x_wconf 87' lang='lat' dir='ltr'>terrenum</span> <span class='ocrx_word' id='word_1_850' title='bbox 660 6011 813 6084; x_wconf 86' lang='lat' dir='ltr'>comparari</span> <span class='ocrx_word' id='word_1_851' title='bbox 836 6019 936 6083; x_wconf 87' lang='lat' dir='ltr'>potest.</span> <span class='ocrx_word' id='word_1_852' title='bbox 948 6010 1041 6082; x_wconf 87' lang='lat' dir='ltr'>Neque</span> <span class='ocrx_word' id='word_1_853' title='bbox 1056 6010 1147 6082; x_wconf 87' lang='lat' dir='ltr'>operi-</span> <span class='ocrx_word' id='word_1_854' title='bbox 1186 6009 1270 6067; x_wconf 81' lang='lat' dir='ltr'>¹sicut</span> <span class='ocrx_word' id='word_1_855' title='bbox 1293 6011 1377 6082; x_wconf 88' lang='lat' dir='ltr'>spado</span> <span class='ocrx_word' id='word_1_856' title='bbox 1402 6010 1532 6068; x_wconf 83' lang='lat' dir='ltr'>inhabilis</span> <span class='ocrx_word' id='word_1_857' title='bbox 1553 6019 1597 6067; x_wconf 81' lang='lat' dir='ltr'>est</span> <span class='ocrx_word' id='word_1_858' title='bbox 1622 6010 1659 6066; x_wconf 83' lang='lat' dir='ltr'>ad</span> <span class='ocrx_word' id='word_1_859' title='bbox 1674 6010 1849 6082; x_wconf 74' lang='lat' dir='ltr'>comptem</span> <span class='ocrx_word' id='word_1_860' title='bbox 1874 6007 1988 6083; x_wconf 65' lang='lat' dir='ltr'>supas.</span> 
     </span>
    </p>
   </div>
   <div class='ocr_carea' id='block_1_5' title="bbox 0 0 2360 6758">
    <p class='ocr_par' dir='ltr' id='par_1_9' title="bbox 0 0 2360 6758">
     <span class='ocr_line' id='line_1_61' title="bbox 0 0 2360 6758; baseline 0 0"><span class='ocrx_word' id='word_1_861' title='bbox 0 0 2360 6758; x_wconf 95' lang='lat' dir='ltr'> </span> 
     </span>
    </p>
   </div>
  </div>
 </body>
</html>
