4709 6767
387 622 434 682 stt
843 615 1025 680 cubuerit:
1037 616 1071 674 ld
1089 612 1365 672 rannemundus.
1385 645 1420 657 -
1436 613 1502 671 um.
1522 614 1554 671 ll.
1962 615 2018 679 m

384 737 536 812 plementls,
550 739 601 793 boc
615 744 666 800 cst,
675 751 769 792 eorum
781 738 1009 802 attestationibus,
1018 735 1097 790 fidem
1109 749 1174 790 eon·
1189 732 1214 789 Α
1227 730 1411 802 glorificabunt
1425 746 1518 784 nomen
1533 738 1607 783 tuum
1619 743 1628 780 .·
1642 732 1766 800 quoniam
1778 748 1888 804 mopsus
1899 750 1926 790 es
1941 743 1979 799 tu,
1989 746 2013 789 et

383 828 508 887 firmaret
530 824 679 897 Evangelii,
695 833 723 881 et
737 826 885 881 Ecclesiam
905 841 981 880 suam
995 825 1078 879 variis
1090 839 1172 879 orna·
1225 822 1325 892 [aciens
1339 820 1481 874 mirabilia.
1499 819 1538 873 Tu
1551 837 1577 874 es
1593 820 1664 874 berte
1679 821 1750 877 solus
1763 820 1849 895 (Pani.
1860 824 1971 896 arasa).
1984 825 2016 881 Et

383 921 482 978 mentis
498 918 702 987 Scripturamm
718 918 869 973 decoraret.
884 916 1052 988 Praepararit
1066 929 1173 987 qttoque
1224 914 1261 970 ob
1274 914 1342 968 banc
1359 928 1470 968 causam
1483 921 1546 967 ante
1568 922 1681 969 mortem
1700 929 1778 971 suam
1801 931 1896 972 omnes
1910 917 2018 986 pararis

382 1011 484 1068 ierrum
509 1010 654 1082 plurimum
673 1010 706 1063 ad
729 1010 820 1065 claros
841 1010 986 1081 januarum
1001 1017 1029 1064 et
1048 1010 1082 1063 ad
1095 1024 1172 1064 com·
1226 1007 1372 1077 impensas,
1400 1022 1461 1062 eum
1485 1008 1619 1078 quomodo
1634 1008 1719 1063 saneti
1734 1008 1795 1072 riri,
1817 1008 1962 1067 uirtutibus
1983 1026 2017 1066 ac

381 1104 514 1160 missuras
528 1111 610 1174 atque
629 1103 782 1173 juncturas,
797 1117 859 1157 cum
875 1102 936 1157 tidei
958 1101 1114 1156 firmitatem
1129 1115 1173 1155 sa·
1225 1099 1364 1170 sapientiae
1376 1098 1475 1155 derare
1488 1098 1622 1169 praeclari,
1639 1099 1665 1154 in
1677 1100 1821 1156 aedtbcinm
1838 1101 1959 1171 spiritale
1969 1103 2017 1158 tlo-

382 1197 435 1253 cris
447 1195 619 1266 dogmatibus
632 1195 780 1260 ordinavit,
793 1205 928 1264 quatenus
938 1193 1070 1249 intrantes
1080 1193 1108 1247 in
1122 1192 1171 1247 Ec·
1224 1204 1284 1245 mus
1295 1187 1342 1244 Dei
1356 1188 1532 1259 pertinerent,
1548 1189 1591 1244 les
1603 1197 1632 1244 et
1640 1191 1779 1268 propbeta
1793 1191 1934 1260 equalina
1943 1205 2017 1262 prse-

380 1287 491 1343 elesiam
516 1286 622 1342 timoris
637 1286 685 1340 bei
709 1285 811 1341 aculeis
833 1286 1043 1355 conligerentur,
1064 1283 1172 1339 etdile-
1224 1279 1338 1335 dicendo
1352 1279 1633 1335 ‹lemonstrabantlln
1648 1280 2015 1353 nonbloyscsimpensasdo-

381 1377 480 1433 ebonis
493 1383 521 1432 et
533 1376 672 1430 societatis
687 1374 788 1430 laedere
802 1390 850 1444 per
863 1375 984 1432 eamdem
1004 1374 1084 1429 lidem
1101 1372 1171 1427 invi·
1223 1370 1572 1439 musbeipratpararit,qtti
1586 1370 1619 1424 ad
1629 1370 1698 1425 filios
1713 1371 1793 1427 lsrael
1809 1372 2013 1430 iubenterouo-

380 1482 439 1523 aem
464 1475 648 1521 necterentur.
680 1465 756 1522 Unde
777 1466 848 1520 idem
875 1464 1018 1524 Psalmistu
1044 1472 1171 1534 precatur
1223 1463 1277 1518 mio
1302 1462 1471 1527 locutusest,
1496 1463 1608 1517 diceus:
1636 1459 1776 1528 Olerael,
1796 1464 1859 1535 quid
1883 1464 2013 1520 Dominus

380 1554 523 1610 bominum
541 1554 634 1608 dicens
649 1572 656 1606 t
679 1552 786 1624 Confipe
802 1555 894 1607 timore
908 1561 952 1609 tuo
966 1569 1059 1607 carnes
1076 1569 1170 1611 meus:
1223 1554 1293 1609 Deus
1308 1564 1368 1608 tuus
1381 1554 1443 1625 petit
1458 1571 1475 1607 a
1499 1565 1533 1618 te,
1557 1555 1608 1608 nisi
1623 1563 1651 1607 ut
1667 1554 1758 1608 timeas
1773 1554 1914 1609 Dominum
1927 1555 2013 1611 Deum

379 1661 396 1699 s
405 1644 518 1716 judiciis
535 1645 604 1699 enim
618 1647 669 1698 tuis
690 1643 767 1697 timui
782 1641 867 1715 (Psnl.
883 1644 990 1716 curru).
1008 1643 1042 1698 Et
1059 1642 1123 1698 alibi
1138 1642 1171 1696 de
1221 1654 1305 1709 tuum,
1321 1655 1345 1700 et
1358 1644 1474 1700 ambules
1488 1647 1515 1700 in
1530 1646 1577 1700 riis
1592 1645 1660 1714 ejus,
1674 1656 1698 1700 et
1712 1644 1808 1717 dilipas
1823 1662 1895 1713 eum,
1910 1664 1941 1702 ac
1956 1663 2014 1703 ser·

379 1736 438 1807 ipsa
454 1735 563 1806 speciali
579 1736 747 1791 Hierusalem
762 1735 890 1805 loquitur,
907 1736 1000 1791 dicens
1016 1754 1022 1789 :
1039 1734 1169 1791 llierusa·
1221 1735 1275 1791 rias
1290 1735 1403 1790 Dotnino
1419 1734 1473 1788 Deo
1488 1743 1533 1788 tuo
1547 1735 1574 1790 in
1586 1745 1639 1791 toto
1653 1735 1731 1790 corde
1745 1745 1800 1800 tuo,
1812 1745 1836 1789 et
1850 1736 1879 1790 in
1888 1746 1944 1790 tota
1956 1738 2014 1790 ani-

379 1828 439 1894 lem,
454 1845 513 1900 aste
531 1827 679 1895 aedificatur
690 1837 718 1881 ut
731 1828 832 1892 ciritae,
846 1827 921 1896 cujus
932 1827 1101 1896 participatio
1111 1826 1169 1895 ejus
1221 1842 1264 1879 ma
1280 1835 1335 1889 tua,
1359 1824 1543 1894 custodiasque
1558 1825 1686 1879 mandata
1707 1824 1824 1889 domini,
1848 1834 1872 1879 et
1891 1840 2015 1880 ereremu-

378 1921 406 1974 lrt
419 1919 534 1986 idipsum
547 1915 634 1986 (Peri.
649 1917 733 1988 cast).
749 1917 783 1972 Et
795 1918 875 1987 paulo
889 1926 970 1988 post:
996 1916 1058 1971 Fiat
1072 1935 1124 1988 pau
1141 1917 1169 1971 in
1220 1916 1278 1970 nias
1294 1915 1351 1985 eius
1365 1914 1453 1983 (licut.
1470 1914 1515 1986 ali
1531 1912 1595 1968 Filii
1607 1925 1687 1969 estote
1701 1914 1807 1969 Domini
1822 1915 1870 1969 bet
1880 1916 1942 1969 reri.
1952 1914 2014 1970 Non

378 2011 473 2067 sirtate
496 2020 552 2075 tua,
567 2020 591 2064 et
606 2010 768 2064 abundantia
783 2012 811 2064 in
837 2011 953 2065 turribus
976 2011 1039 2065 tuis.
1062 2009 1170 2081 Praepa·
1220 2022 1264 2062 sos
1286 2005 1416 2070 incidetis,
1441 2022 1486 2060 nec
1503 2003 1605 2076 facietis
1628 2004 1762 2059 calvitium
1785 2021 1864 2075 super
1884 2013 2014 2060 mortuo:

378 2103 449 2158 ravit
460 2111 488 2158 et
500 2117 549 2168 aas,
561 2117 623 2157 cum
634 2101 763 2157 lectiones
779 2118 884 2158 sonorae
895 2112 923 2159 el
937 2105 1043 2160 cantica
1058 2104 1168 2173 spirita-
1181 2084 1205 2142 Β
1218 2099 1342 2168 quoniam
1354 2097 1467 2169 populus
1488 2108 1595 2152 sanctus
1610 2114 1636 2151 es
1657 2097 1769 2152 donnino
1785 2097 1840 2152 Deo
1863 2105 1908 2152 tuo
1922 2097 2012 2169 (licut.

377 2193 412 2250 lia
426 2193 462 2249 ab
485 2194 551 2263 ipsis
563 2195 665 2249 sanctis
680 2193 807 2249 Patribus
826 2195 860 2249 ad
883 2196 1091 2250 instructionem
1102 2210 1167 2250 san-
1220 2188 1287 2257 stt).
1303 2186 1349 2244 Sic
1364 2196 1391 2243 et
1405 2189 1499 2253 lsaias,
1515 2189 1636 2258 uunquid
1649 2189 1722 2245 enlm
1738 2198 1862 2260 sumptus
1876 2204 2013 2259 praepara-

376 2294 427 2343 etze
440 2286 568 2342 Ecclesiae
590 2287 698 2343 condita
715 2295 787 2343 sunt
804 2287 972 2358 Praepararit
987 2297 1015 2342 et
1035 2287 1107 2359 ligna
1120 2303 1167 2343 ce·
1219 2281 1259 2336 rit
1269 2284 1303 2335 ad
1317 2283 1528 2336 construendum
1543 2280 1651 2335 doraum
1666 2279 1726 2344 lici,
1741 2281 1787 2350 qui
1801 2280 1891 2336 luturo
1908 2280 2009 2350 populo

377 2377 465 2443 drins,
479 2394 540 2433 eum
554 2378 628 2433 viros
645 2377 791 2433 virtutibus
813 2378 901 2433 claros
922 2379 949 2432 in
965 2379 1031 2449 ipsis
1046 2377 1168 2447 Scriptu—
1219 2373 1387 2428 credentium
1403 2387 1451 2441 per
1465 2372 1615 2442 prophetiae
1634 2372 1759 2441 spiritum
1775 2386 1808 2425 es
1827 2385 1942 2441 persona
1956 2371 2011 2426 lio·

376 2466 413 2522 n's
424 2467 482 2524 suia
500 2467 534 2521 sd
549 2467 702 2537 exemplum
724 2466 843 2524 bdelium
859 2469 1031 2523 inseruerunt
1045 2487 1052 2522 z
1075 2468 1168 2537 quales
1218 2462 1284 2520 mini
1298 2462 1353 2516 ait:
1367 2461 1445 2524 dudi,
1459 2459 1541 2515 Jacob
1554 2477 1716 2525 museus,
1728 2470 1752 2514 et
1768 2459 1862 2522 lsrael,
1875 2476 1952 2530 quem
1961 2459 2012 2514 ele-

375 2553 488 2612 luerunt
500 2556 578 2621 Abel,
595 2556 678 2622 Eoos,
693 2565 720 2611 et
732 2557 834 2621 Etroeb,
849 2565 878 2611 et
890 2556 958 2621 Noe,
973 2565 1002 2617 et
1013 2557 1166 2622 Abrabam,
1218 2551 1254 2624 ui·
1278 2550 1343 2607 lloec
1365 2552 1429 2607 dicit
1453 2551 1581 2607 Dominus
1606 2550 1707 2620 iaciens
1729 2560 1753 2605 et
1778 2552 1896 2620 [armatu
1918 2561 1959 2617 te,
1978 2549 2011 2603 ab

375 2647 508 2703 &caeteri
530 2649 710 2719 patriarcbm3
734 2650 779 2719 qui
801 2648 1007 2705 ambulaverunt
1031 2666 1093 2705 cum
1115 2652 1168 2705 Dn-
1218 2653 1291 2698 utero
1304 2640 1617 2697 auxiliatortuusallali
1631 2638 1915 2704 transducerem
1927 2654 2011 2703 mess,

375 2739 461 2804 uiuo,
478 2746 506 2794 et
528 2739 651 2793 translati
675 2747 770 2794 sunta
793 2740 904 2804 mundo,
929 2755 1043 2809 quotum
1055 2740 1167 2811 justitiae
1217 2743 1242 2790 st
1256 2735 1405 2799 rectissime,
1420 2750 1496 2804 prtem
1510 2731 1597 2803 elegi:
1612 2731 1746 2801 effundam
1758 2732 1828 2784 etnim
1850 2745 1946 2801 aquam
1964 2744 2010 2784 su·

374 2832 537 2888 oblivionem
556 2848 609 2886 nou
624 2840 806 2901 acceperunt:
824 2831 912 2901 qualis
926 2831 1031 2903 Moyses
1053 2841 1081 2887 et
1102 2848 1165 2902 pro·
1217 2841 1264 2899 1111
1274 2826 1412 2892 tillim,
1428 2833 1452 2879 θ’
1466 2825 1654 2895 fltttlsswl’ssi
1668 2823 1783 2888 ‘'i''‘i‘imi
1797 2821 1933 2893 ‘dilidam
1949 2819 2011 2892 Spi-

373 2924 474 2993 plsetre,
487 2922 534 2994 qui
554 2923 795 2993 praeeminuerunt
820 2923 852 2977 de
874 2924 986 2978 aduentu
1006 2924 1073 2994 justi
1095 2924 1166 2997 (det.
1218 2918 1298 2976 mum
1313 2933 1399 2972 meum
1413 2933 1492 2988 super
1503 2933 1591 2972 semen
1603 2924 1688 2983 tuum,
1705 2915 1907 2970 benedictionem
1923 2929 2010 2971 meam

372 3012 432 3085 m),
449 3020 476 3068 et
493 3014 545 3083 piis
560 3013 729 3086 dagntatibus
740 3023 921 3079 sacramenta,
937 3031 997 3086 quae
1010 3030 1082 3071 nunc
1095 3016 1167 3070 saln-
1217 3031 1296 3085 super
1318 3015 1410 3085 stipem
1434 3024 1508 3069 tuam
1530 3012 1598 3084 (isa.
1616 3012 1701 3085 surr).
1717 3012 1751 3067 Et
1773 3013 1871 3067 iternm
1896 3028 1902 3065 :
1921 3009 1993 3065 llari
2003 3048 2012 3077 ,

370 3101 460 3159 briter
473 3114 568 3159 sancta
586 3113 659 3159 tenet
672 3104 802 3173 Ecclesia,
818 3106 976 3175 praeconiati
988 3114 1061 3171 sunt,
1073 3104 1167 3174 quales
1217 3105 1315 3176 inquit,
1331 3105 1370 3160 tui
1383 3121 1471 3160 coeam
1488 3104 1572 3160 oculis
1587 3105 1651 3158 nteis
1665 3120 1775 3173 semper.
1796 3102 1929 3160 Venerunt
1941 3109 2013 3157 stru-

368 3205 396 3252 οι
408 3196 504 3252 raeteri
513 3196 590 3265 justi.
607 3198 652 3266 qui
664 3213 710 3263 per
724 3198 803 3266 pidem
819 3199 935 3255 uicerant
952 3214 1042 3268 repnte,
1065 3200 1165 3269 operati
1218 3205 1301 3252 clares
1315 3197 1365 3260 tui,
1380 3196 1540 3252 destruentes
1553 3206 1587 3261 te,
1607 3206 1631 3250 et
1645 3196 1802 3266 dissipantes
1823 3206 1878 3251 ate
1892 3194 2009 3249 eribant.

365 3295 430 3340 sunt
446 3284 587 3351 iustitiam,
601 3286 689 3355 adepti
703 3295 763 3340 sunt
778 3289 1004 3357 repromissionem
1020 3287 1099 3359 (aaa.
1114 3289 1164 3362 st).
1217 3293 1288 3347 detra
1303 3293 1331 3348 in
1345 3292 1456 3346 circuitu
1468 3291 1557 3347 oculos
1571 3301 1642 3359 tuos,
1655 3301 1679 3347 et
1691 3292 1772 3346 uide:
1790 3307 1879 3346 omnes
1894 3289 1938 3345 isti
1949 3305 2011 3344 eon·

363 3371 434 3431 uec
448 3389 517 3445 ergo
540 3374 610 3446 ligna
626 3374 735 3446 Sydonii
751 3384 778 3430 et
792 3375 866 3447 Tyrii
879 3378 913 3433 ad
929 3378 1098 3433 Hierusalem
1116 3381 1166 3435 de·
1217 3386 1400 3455 gemeticum,
1421 3392 1543 3438 uenerunt
1556 3383 1612 3438 tibi.
1634 3382 1694 3438 l'ira
1712 3399 1771 3454 epo,
1788 3382 1851 3436 dicit
1870 3380 2010 3447 bantinus,

359 3463 570 3532 formaverunt,
587 3467 648 3536 quia
667 3481 720 3521 non
736 3467 822 3525 solum
837 3468 1044 3536 predicantibus
1055 3480 1162 3540 aposlo-
1179 3442 1202 3504 C
1217 3475 1280 3546 quia
1302 3473 1421 3528 omnibus
1435 3473 1487 3539 itis,
1513 3471 1580 3527 reiut
1603 3483 1767 3537 annumerato,
1782 3471 1898 3526 vestieris
1909 3478 1933 3523 et
1954 3470 2009 3525 eir·

359 3550 400 3611 lis
424 3562 456 3611 et
477 3555 573 3625 primis
598 3557 630 3610 dc
653 3554 746 3616 Judaea
762 3557 899 3629 Evangelii
916 3560 1164 3629 dispensatoribus,
1216 3564 1351 3620 cumdabis
1364 3564 1410 3619 tibi
1424 3581 1478 3630 eos,
1491 3564 1568 3635 quasi
1580 3580 1677 3635 mensa
1691 3562 1759 3636 (isa.
1774 3559 1860 3632 sarx).
1876 3562 1910 3615 Et
1923 3557 2007 3615 alibi:

356 3659 468 3703 verum
485 3648 568 3701 etiam
584 3646 650 3717 ipsis
665 3649 830 3713 doctoribus,
853 3650 898 3720 qai
919 3650 953 3706 de
969 3653 1089 3722 gentium
1114 3668 1164 3724 po-
1216 3651 1359 3719 Halitabo‚
1376 3654 1474 3724 inquit,
1489 3654 1517 3708 in
1530 3652 1594 3720 illis,
1608 3663 1632 3710 et
1646 3653 1786 3710 ambulabo
1803 3655 1831 3710 in
1844 3656 1881 3711 eis
1895 3672 1903 3711 :
1917 3665 1942 3710 et
1958 3655 2010 3726 ipsi

355 3736 434 3806 pulo
448 3735 484 3790 ad
500 3751 567 3807 opus
582 3738 656 3791 uerbi
672 3737 750 3792 electi
765 3740 915 3802 sanitates
929 3741 982 3795 viri
996 3742 1029 3798 ad
1040 3744 1163 3798 notitiam
1215 3755 1292 3802 eruut
1304 3746 1369 3800 mild
1383 3745 1506 3817 populus,
1519 3755 1543 3800 et
1558 3762 1605 3817 epo
1617 3762 1676 3801 sum
1689 3746 1726 3801 eis
1748 3747 1775 3802 in
1789 3745 1933 3805 dominum
1949 3745 2009 3819 (Le-

356 3825 504 3887 Ecclesiae
527 3839 719 3901 peruenerunt,
736 3842 766 3887 ut
783 3849 876 3888 eorum
890 3834 1059 3891 documentis
1081 3844 1164 3908 atque
1215 3840 1259 3895 rit.
1276 3837 1362 3909 stur).
1378 3837 1448 3893 llinc
1462 3846 1490 3893 et
1503 3834 1637 3892 ieremias
1658 3836 1698 3892 ait
1718 3836 1809 3891 :Eece
1822 3837 1876 3895 dies
1898 3838 2007 3899 uenient,

355 3920 504 3990 exemplis
518 3921 614 3977 domus
628 3921 676 3977 bet
691 3922 811 3992 quotidie
826 3939 859 3979 ex
873 3924 942 3981 rivis
954 3925 1087 3997 lapidibus
1099 3942 1165 3984 con·
1215 3930 1278 3986 dicit
1290 3930 1431 3998 dominus,
1444 3939 1469 3987 et
1486 3931 1581 4002 [eriam
1593 3932 1684 3986 domui
1696 3930 1782 3986 lsrael
1793 3942 1818 3986 et
1831 3930 1922 3985 domui
1934 3928 1953 3983 J
1956 3929 2008 3984 ttdtt

353 4018 534 4068 “mmm
1215 4022 1299 4092 fadus
1313 4038 1418 4088 noram,
1432 4039 1485 4078 nou
1496 4022 1639 4080 secundum
1649 4032 1754 4093 pactum
1766 4022 1836 4093 quod
1849 4022 1934 4091 pepipi
1947 4037 2006 4075 cum

403 4101 443 4157 Er
457 4103 526 4156 dixit
538 4101 642 4157 Dauid:
659 4103 784 4160 Salomon
795 4106 867 4182 pilius
879 4124 951 4162 meus
961 4110 1088 4182 paremus
1098 4129 1164 4182 puer
1213 4114 1332 4185 patribus
1355 4115 1447 4169 uestris
1470 4115 1498 4169 in
1520 4115 1562 4169 die
1583 4132 1636 4181 qun
1654 4114 1814 4185 apprehendi
1833 4129 1939 4167 manum
1964 4128 2008 4167 eo·

354 4200 403 4247 est
422 4201 451 4245 et
465 4190 593 4245 delicatas
613 4192 729 4248 :domus
751 4205 839 4251 autem
863 4214 941 4267 quam
963 4200 1091 4272 aedificari
1106 4201 1162 4256 uolo
1214 4220 1284 4268 rum,
1303 4212 1331 4256 ut
1349 4203 1485 4257 educerem
1509 4219 1553 4257 eos
1573 4204 1605 4257 de
1628 4213 1697 4258 terra
1715 4202 1824 4273 AEpppti
1849 4217 1859 4254 .·
1881 4211 2005 4272 pactum,

355 4282 497 4349 Domino,
511 4285 571 4339 tulis
584 4303 638 4340 esse
652 4287 735 4355 debet,
748 4299 776 4343 ut
790 4291 818 4344 in
832 4292 932 4345 cunetis
946 4292 1092 4361 ropionibus
1114 4310 1162 4347 no·
1213 4293 1283 4368 quod
1297 4292 1400 4345 irritum
1414 4291 1540 4361 fecerunt,
1556 4301 1581 4345 et
1596 4309 1643 4363 epo
1661 4292 1812 4346 dominatus
1826 4306 1885 4346 suns
1898 4305 2007 4356 eorum,

355 4376 498 4431 mittetur.
512 4374 673 4448 Proeparabo
695 4397 756 4450 erpo
777 4384 866 4437 omnia
890 4385 1046 4439 necessaria.
1070 4384 1105 4438 Et
1130 4386 1162 4440 ab
1212 4383 1276 4436 dicit
1286 4381 1423 4438 Dominus.
1438 4380 1491 4436 Sed
1502 4382 1550 4436 ltac
1564 4383 1614 4437 erit
1630 4391 1745 4453 pactam,
1760 4380 1829 4453 quod
1840 4380 1934 4451 [eriam
1946 4396 2007 4435 eum

356 4466 440 4521 haste
465 4480 574 4520 causam
601 4478 661 4522 ante
677 4479 786 4524 mortem
804 4488 881 4526 suam
903 4489 992 4527 omnes
1006 4475 1163 4544 preparavit
1213 4473 1290 4527 domo
1305 4471 1400 4526 lsrael.
1428 4470 1492 4527 Post
1505 4471 1561 4527 dies
1572 4470 1641 4536 iilos,
1657 4470 1721 4530 dicit
1733 4469 1874 4536 Dominus,
1888 4469 1957 4525 dabo
1970 4468 2007 4524 le·

358 4558 514 4627 inpensas.
546 4556 700 4630 Vocatitque
727 4561 895 4617 Salomonem
917 4564 1003 4634 filium
1028 4583 1116 4631 suum,
1138 4575 1163 4622 et
1212 4580 1269 4636 gem
1281 4580 1365 4617 meam
1376 4564 1404 4619 in
1414 4564 1554 4618 uisceribus
1565 4579 1667 4628 eorunr,
1679 4572 1702 4617 et
1716 4562 1743 4616 in
1754 4563 1833 4617 corde
1845 4578 1935 4617 eorum
1945 4561 2008 4616 scri·

360 4647 496 4718 precepta
512 4647 537 4702 ei
556 4658 584 4702 ut
597 4649 738 4719 aedificaret
754 4653 860 4707 domum
874 4653 981 4708 Domini
998 4654 1053 4709 Deo
1064 4654 1160 4710 lsrael.
1213 4654 1341 4711 dameam
1354 4669 1364 4711 ,·
1381 4662 1405 4707 et
1417 4669 1463 4723 epo
1476 4669 1521 4707 ero
1540 4653 1577 4707 eis
1598 4653 1626 4706 in
1640 4651 1794 4717 bominum,
1808 4661 1832 4705 et
1855 4652 1907 4721 ipsi
1930 4662 2006 4705 erunt

360 4735 450 4805 Quod
457 4743 549 4791 autem
562 4737 647 4793 David
655 4738 782 4796 Salomon
794 4740 877 4796 fllium
886 4759 964 4799 snum
975 4759 1088 4818 puerum
1100 4760 1162 4815 par·
1214 4743 1278 4801 miti
1291 4744 1318 4803 in
1332 4741 1474 4814 populum·
1489 4751 1513 4796 et
1535 4757 1587 4795 non
1600 4741 1700 4796 docebit
1716 4740 1787 4794 ultra
1802 4741 1842 4795 uir
1858 4742 2006 4811 proximum

361 4825 464 4883 tulum
477 4840 539 4882 esse
551 4828 618 4883 dicit
630 4838 658 4884 et
670 4831 824 4898 delicatum,
841 4834 949 4888 domum
965 4843 1066 4901 autem,
1079 4851 1160 4905 quam
1174 4794 1202 4854 D
1214 4850 1299 4897 suum,
1314 4843 1339 4888 et
1353 4835 1393 4887 uir
1406 4833 1515 4903 fratrem
1534 4848 1621 4898 suum,
1636 4831 1745 4887 dicens:
1761 4832 1892 4903 Capuaene
1915 4832 2007 4887 boma

363 4917 510 4980 ndiflcare
524 4919 704 4991 disposuerat,
724 4938 850 4995 magnam
870 4924 988 4980 suturam
1004 4942 1011 4980 :
1027 4927 1162 4999 siguificat
1214 4940 1299 4980 num:
1315 4942 1403 4981 omnes
1425 4926 1495 4983 enim
1514 4934 1668 4995 capnoseent
1690 4941 1730 4980 me
1753 4942 1770 4981 a
1789 4925 1897 4982 minemo
1915 4938 2005 4977 eorum

366 5009 446 5080 quod
459 5011 627 5079 temporibus
641 5014 742 5068 veteris
752 5016 906 5069 testamenti
920 5015 1036 5071 obscura
1050 5016 1099 5071 iuis
1113 5033 1161 5072 no·
1213 5033 1295 5088 usaue
1306 5017 1340 5071 ad
1348 5018 1501 5081 maximum,
1509 5016 1547 5069 nit
1559 5013 1774 5085 bantinusspuia
1780 5014 1944 5086 propitiabor
1951 5013 2006 5068 ini·

367 5101 433 5155 titia
455 5100 651 5157 incarnationis
665 5102 764 5160 Christi
780 5106 813 5162 ad
828 5106 1067 5177 aequiparationem
1091 5109 1161 5163 rcri—
1213 5108 1356 5181 quitatibus
1370 5106 1609 5177 eorum,etpeecati
1621 5106 2005 5161 eorumnonmemoraiaram-

368 5193 436 5248 tatis
450 5192 598 5264 Evangelii,
617 5194 645 5248 in
660 5196 818 5264 quaomnia
837 5206 900 5256 sunt
915 5196 1055 5253 manifeste
1069 5197 1159 5253 decla·
1214 5198 1283 5269 plius
1290 5197 1451 5269 (tarmen).
1461 5196 1580 5265 llisergo
1592 5195 1718 5251 omnibus
1725 5194 2005 5251 testimoniisdemon·

370 5290 442 5348 rata,
458 5298 519 5354 quae
533 5282 560 5337 in
585 5284 643 5354 lege
655 5300 704 5355 per
724 5284 837 5357 tigrtram
852 5286 927 5343 inere
950 5288 1092 5354 denotata;
1106 5289 1162 5343 sire
1214 5296 1318 5345 stratur
1329 5288 1438 5344 domum
1449 5286 1568 5343 ooelestis
1582 5284 1688 5342 aedilicii
1701 5285 1780 5356 longo
1795 5294 1917 5348 murpore
1940 5297 2004 5343 ante

371 5372 465 5438 etiam
481 5375 554 5443 quod
568 5391 600 5430 eo
615 5383 735 5448 tempore
749 5394 849 5449 parvus
866 5396 995 5435 numerus
1009 5379 1090 5433 luerit
1100 5394 1161 5435 cre·
1213 5395 1275 5437 esse
1285 5378 1455 5450 praedictam,
1470 5378 1518 5433 sed
1527 5377 1554 5431 in
1566 5376 1794 5433 adveutquristi
1802 5378 1910 5434 Domini
1917 5379 2001 5435 nostri

372 5459 506 5528 dentium,
522 5464 569 5535 qut
584 5466 704 5521 membra
720 5477 784 5524 sunt
798 5468 917 5534 Christi,
932 5471 966 5525 ad
981 5471 1150 5542 comparatio
1212 5470 1348 5526 veraciter
1358 5482 1418 5524 esse
1433 5466 1594 5538 completam
1609 5484 1615 5520 :
1631 5467 1695 5538 quia
1713 5467 1770 5539 ipse
1783 5468 1896 5524 veniens
1909 5484 1960 5538 per
1973 5484 2003 5523 se

373 5567 434 5610 uem
448 5553 580 5619 bdelium,
594 5556 639 5626 qui
653 5555 736 5613 loturi
751 5566 830 5613 erant
843 5559 893 5615 snb
908 5575 977 5615 noro
988 5568 1159 5615 testamento.
1212 5560 1427 5616 benedictionem
1443 5558 1546 5623 tribuit,
1559 5558 1682 5628 quiante
1696 5558 1783 5629 legem
1797 5558 1874 5614 dedit
1883 5573 1932 5629 per
1946 5573 2003 5613 ser·

373 5642 448 5701 Tunc
460 5646 534 5699 enim
552 5644 613 5712 luit,
626 5648 698 5717 quod
712 5650 914 5719 scriptumest:
930 5649 1017 5704 Notus
1028 5651 1055 5705 in
1065 5649 1161 5704 tanna
1212 5670 1288 5720 rum,
1301 5661 1329 5709 et
1351 5654 1393 5709 sui
1412 5653 1536 5709 notitiam
1549 5668 1598 5724 per
1620 5653 1756 5726 Evangelii
1771 5654 2001 5725 predicationem,

374 5735 500 5808 (unum)
525 5736 607 5805 aeae,
635 5749 659 5793 et
685 5741 714 5794 in
733 5740 819 5795 lsrael
844 5757 968 5811 mapnum
994 5758 1087 5796 nomen
1104 5741 1161 5811 ejus
1213 5746 1366 5803 illustrante
1390 5746 1508 5817 Spiritus
1524 5747 1610 5802 sancti
1634 5749 1731 5818 gratia,
1755 5748 2001 5816 sinepersonarurn

374 5825 457 5896 ipwi·
474 5827 574 5901 111111);
593 5833 801 5901 1111111111,1111οᾱ
818 5832 887 5887 idem
905 5833 1036 5902 propbeta
1060 5832 1088 5886 in
1108 5832 1162 5887 elio
1213 5836 1372 5907 acceptione
1395 5836 1521 5892 omnibus
1533 5836 1667 5891 eotttulit:
1683 5852 1756 5891 nunc
1768 5833 1871 5889 scilicet
1885 5833 1911 5887 in
1930 5832 2000 5896 ilde,

373 5919 474 5992 psaltim
488 5920 664 5988 praeclnebtl,
677 5922 770 5977 dicens
784 5941 790 5976 1
807 5921 903 5978 Omna
914 5932 1013 5993 pentes,
1030 5938 1162 5994 quaecun—
1214 5926 1385 5998 postmodum
1398 5933 1489 5981 auteur
1499 5926 1526 5979 in
1540 5925 1625 5995 ipsius
1636 5920 1999 5991 ueritatiscontetnplatione.

373 6013 417 6080 pse
430 6009 531 6085 iecisti,
547 6011 647 6067 uniam
661 6020 684 6068 et
697 6013 844 6068 adorabunt
856 6030 946 6069 corum
958 6023 993 6082 te,
1008 6013 1161 6082 Dominam
1251 6015 1373 6089 visitque
1387 6014 1472 6070 Dnrid
1492 6014 1527 6069 ad
1543 6013 1733 6071 Salomonem:
1750 6007 1803 6066 riti·
1820 6010 1867 6079 mi,
1882 6010 2000 6077 solunttp
