4709 6767
313 673 363 734 589
847 682 1029 740 Etrosttto
1048 686 1080 740 tt*
1103 687 1231 746 ttttttt'tt
1252 691 1384 747 tt'ttttlt.
1900 703 1952 755 buo

312 797 359 854 niti
379 796 532 899 quemlibet
545 804 702 854 sanctorum
720 798 782 866 tide,
805 816 854 870 spe
876 811 904 856 et
927 795 1060 861 charitate
1080 806 1146 871 int
1163 829 1171 859 r
1191 825 1298 881 magna.
1319 809 1427 868 »Festa
1447 811 1609 869 Christianae
1631 813 1779 886 religionis,
1800 818 1899 885 quibus
1914 837 1952 878 re·

311 887 426 992 iacebit!
440 887 520 944 tatius
533 890 625 944 ntundi
638 906 700 946 cum
717 899 805 946 matre
825 893 946 950 Ecclesia
961 908 1106 968 congram-
1156 902 1287 959 eordalbr
1310 905 1441 975 temporis
1456 906 1603 962 Dominicac
1621 906 1831 975 iu'camatiouis,
1849 915 1954 980 passio·

310 980 367 1044 ΜΠ,
382 990 411 1035 0⁸
428 995 478 1051 1)ῐο
489 980 592 1036 litibus
604 991 723 1047 certare,
735 989 766 1035 υἱ
777 983 870 1039 divina
886 986 972 1056 gratia
984 987 1104 1056 adjutus,
1156 999 1209 1064 nis,
1233 1001 1441 1057 resurrectionis
1462 1010 1544 1073 atque
1566 1005 1735 1059 ascensionis
1748 1005 1781 1059 ad
1793 1005 1888 1069 coelos,
1904 1007 1954 1059 ad-

309 1073 440 1144 flffiilfflm
453 1080 484 1129 θῑ
496 1072 556 1130 ⁵5⁰0
570 1074 680 1145 (limidi
695 1074 821 1145 Sl>iritum
836 1090 915 1132 suunt
925 1112 935 1142 a
947 1079 1064 1133 animam
1079 1089 1106 1136 et
1155 1097 1253 1146 ventus
1265 1088 1383 1161 Spiritus
1396 1092 1497 1159 sancti,
1518 1103 1676 1150 sannionum
1689 1103 1840 1166 martyrum
1850 1102 1878 1149 et
1889 1111 1955 1150 con-

308 1180 404 1236 tatrprts
415 1165 443 1219 in
457 1164 602 1220 adrentum
617 1164 724 1220 Domini
740 1167 826 1221 nostri
840 1166 904 1224 lesu
919 1167 1020 1225 Christi
1040 1185 1106 1226 cou-
1155 1178 1288 1236 sessorum
1302 1183 1423 1238 palatina
1440 1191 1522 1254 atque
1538 1188 1691 1257 trumphos,
1710 1186 1739 1242 in
1757 1187 1854 1256 quipus
1867 1189 1954 1242 pupp-

309 1264 405 1311 witti·
425 1255 880 1324 Pidfflesslffl2st⁰ffliss⁰ieslanler
896 1260 1034 1317 hominem
1051 1260 1105 1316 ⁵2¹-
1154 1271 1207 1326 bns
1232 1272 1352 1328 Ecclesia
1380 1275 1504 1344 procedit
1533 1292 1595 1333 cum
1622 1293 1719 1349 magna
1748 1278 1855 1348 gloria;
1885 1278 1950 1347 qnia

309 1363 367 1403 rna
381 1346 459 1404 iacit.
474 1348 509 1403 Et
524 1349 557 1405 cle
573 1364 622 1420 spe
640 1350 781 1421 psalmista
799 1352 859 1406 ait:
878 1373 887 1404 r
903 1352 954 1419 Qui
971 1362 1063 1424 sperat
1076 1355 1104 1410 iu
1155 1364 1269 1418 imnesta
1283 1368 1488 1423 conversatione
1507 1377 1535 1423 et
1550 1371 1641 1439 probis
1659 1373 1779 1428 moribus
1798 1380 1880 1442 atque
1894 1371 1951 1426 latt-

309 1439 430 1497 ltomino.
448 1456 502 1496 non
513 1439 694 1497 contundetur
706 1442 733 1497 in
748 1452 879 1499 aeternum
891 1444 978 1517 (Prot.
995 1447 1072 1518 xxx).
1092 1467 1101 1500 r
1156 1453 1238 1509 dibus
1249 1455 1340 1510 divina
1352 1457 1551 1514 incessabiliter
1561 1474 1755 1518 commemorat
1768 1471 1951 1519 sacramenta.

308 1533 372 1590 ilinc
387 1544 416 1589 ct
435 1533 553 1590 loannes
565 1534 702 1603 apostolus
715 1536 748 1590 de
762 1537 895 1593 charitate
916 1539 1005 1595 dixit:
1024 1561 1033 1593 r
1051 1541 1103 1608 Qui
1154 1545 1233 1612 Quod
1257 1548 1389 1616 propbeta
1413 1564 1484 1604 noto
1509 1551 1625 1621 populo,
1653 1554 1704 1609 boc
1730 1564 1773 1610 est
1795 1557 1951 1617 Christiano

307 1633 397 1679 tranet
417 1624 447 1680 in
465 1625 611 1690 charitate,
631 1625 659 1679 in
683 1627 739 1681 Deo
753 1636 854 1690 manet,
879 1636 908 1684 et
931 1629 1002 1685 ὓεεε
1022 1631 1050 1685 in
1070 1648 1104 1689 co
1154 1635 1286 1692 mandare
1308 1637 1416 1692 ridetur
1436 1639 1463 1695 in
1490 1639 1639 1702 Psalterio,
1662 1643 1708 1699 ubi
1732 1647 1951 1717 scriptumest:

304 1715 545 1787 (iteamrrlnl'er
563 1724 620 1771 tres
634 1731 743 1772 menses
756 1732 822 1788 ergo
836 1717 1021 1788 lmjuscemodi
1034 1737 1103 1792 gau·
1156 1724 1347 1783 «constituite
1366 1727 1439 1784 diem
1460 1729 1608 1786 solemnem
1627 1732 1653 1786 in
1674 1733 1952 1806 confrequentationi-

306 1805 378 1858 dium
392 1804 515 1859 celebrat
528 1806 619 1861 omnis
632 1807 679 1876 qui
704 1807 738 1862 ad
759 1817 889 1864 :eternam
908 1810 1103 1868 beatitudinem
1153 1817 1215 1882 bus,
1229 1820 1361 1888 usquead
1373 1834 1458 1875 cornu
1471 1820 1565 1876 altaris
1576 1820 1663 1893 (reat.
1676 1826 1775 1897 exur);
1795 1848 1804 1881 r
1821 1830 1885 1885 dum
1898 1832 1952 1888 sol·

306 1903 377 1950 tecte
395 1896 540 1964 pertenire
555 1896 706 1960 desiderat,
728 1907 756 1953 et
777 1899 821 1968 pia
843 1900 1005 1968 intentione,
1027 1914 1103 1960 recta
1153 1909 1271 1963 rendum
1285 1909 1361 1976 dicit,
1383 1913 1428 1980 qrri
1440 1912 1544 1969 honore
1559 1914 1666 1970 Domini
1680 1925 1708 1972 et
1719 1929 1875 1977 sanctorum
1887 1940 1954 1980 corr·

305 1986 441 2044 locutione
454 1997 536 2059 atque
547 1989 618 2045 bona
631 1990 789 2060 operatione
798 1993 881 2047 vitam
895 1992 1103 2062 persectamdu-
1153 1997 1273 2055 sessione
1296 2011 1420 2058 sacratus
1444 2003 1471 2058 in
1495 2004 1830 2079 confrequentationibus,
1858 2013 1884 2070 id
1909 2024 1953 2071 est

305 2079 389 2132 tendo
399 2077 653 2148 adventumjndieis
669 2081 711 2136 sui
725 2081 858 2138 sollicitus
869 2093 1018 2154 exspectat.
1033 2084 1100 2141 Cum
1137 2088 1370 2159 'professionibus
1380 2094 1494 2159 crebris,
1514 2109 1582 2164 quas
1596 2098 1686 2167 populi
1699 2100 1777 2154 turba
1789 2103 1949 2172 condensat,

304 2177 395 2224 autem
409 2169 455 2225 ille
466 2171 583 2237 venerit,
594 2182 623 2226 et
637 2180 744 2242 empus
755 2172 856 2230 laboris
866 2175 940 2232 illius
951 2178 1101 2247 transierit,
1118 2167 1182 2235 Det
1203 2182 1291 2237 reddit
1302 2183 1482 2240 celeberrima
1496 2186 1638 2243 devotione
1660 2187 1766 2246 festiva.
1788 2192 1864 2261 Quod
1884 2211 1952 2251 rern

304 2269 366 2316 tone
378 2259 512 2333 Ectqnod
524 2263 668 2332 sequitur:
1153 2271 1325 2344 additusque
1346 2275 1380 2330 ad
1401 2291 1487 2332 cornu
1508 2277 1614 2345 altaris,
1636 2281 1816 2350 probibentur
1835 2284 1948 2342 forsitan

311 2373 319 2392 ·
338 2370 348 2402 ι
366 2350 435 2408 Ροει
445 2352 503 2409 dies
512 2362 604 2408 autem
616 2353 677 2411 ilios
690 2357 877 2427 unnsquisque
890 2359 960 2416 redit
972 2361 1000 2416 in
1012 2376 1072 2417 sna.
1088 2382 1098 2415 r

304 2445 370 2514 onia
392 2446 473 2502 inito
491 2446 595 2516 judicio
610 2457 727 2518 acceptae
741 2451 884 2508 sententiae
902 2453 990 2509 sancti
1004 2453 1052 2510 Dei
1067 2455 1102 2511 de

304 2541 525 2613 peregrinatione
545 2541 625 2597 istius
637 2542 729 2597 muudi
745 2543 900 2615 migrabunt
914 2546 947 2601 sd
959 2547 1100 2616 possiden-

305 2633 364 2688 dum
379 2647 495 2704 Quum
506 2632 596 2688 Patris
608 2633 714 2701 aeterni,
726 2635 799 2704 quod
810 2644 934 2707 paratum
946 2648 990 2694 est
1004 2638 1057 2694 illis
1065 2640 1102 2695 ab

304 2723 407 2796 origine
423 2722 528 2778 mundi.

337 2834 348 2868 r
366 2816 403 2871 Et
413 2814 509 2871 luditis
523 2829 621 2887 magna
640 2814 713 2873 iacta
726 2825 770 2872 est
787 2817 814 2872 in
831 2816 969 2884 minutia,
984 2826 1012 2874 et
1030 2834 1100 2889 prm-

306 2909 434 2965 eclarior
445 2915 505 2965 erat
516 2908 649 2964 universa
660 2916 739 2964 terrm
754 2908 846 2963 lsrael.
864 2928 874 2961 r
890 2908 958 2977 Quia
973 2918 1037 2966 tune
1051 2926 1100 2981 ap-

304 3001 407 3073 parebit
419 3000 532 3056 claritas
544 3009 572 3057 et
585 3001 670 3073 gloria
685 3009 785 3057 sancte
799 3001 936 3066 Ecclesiae,
951 3018 1011 3072 petre
1020 3013 1101 3058 antea

304 3094 421 3160 latelrat,
438 3109 500 3149 cum
522 3093 549 3148 in
571 3094 708 3163 pressuris
724 3094 801 3149 istius
821 3094 913 3149 mundi
931 3096 1099 3150 versabatur.

1152 2364 1246 2435 aliqui,
1261 2366 1333 2436 quod
1345 2367 1438 2422 multis
1453 2368 1479 2422 in
1495 2384 1546 2425 osu
1560 2378 1618 2435 est,
1642 2371 1734 2426 audita
1754 2373 1892 2446 Evangelii
1907 2377 1948 2431 le-

1152 2456 1243 2511 ctione
1254 2457 1433 2522 descendere;
1452 2473 1505 2513 noa
1523 2459 1596 2514 euim
1610 2459 1644 2514 ad
1661 2473 1746 2515 contu
1761 2461 1856 2517 altaris
1870 2480 1949 2521 aceo·

1153 2549 1235 2614 dunt,
1263 2549 1309 2619 qui
1332 2549 1585 2606 communicationis
1606 2551 1693 2623 gratia
1717 2566 1770 2607 non
1796 2553 1945 2624 replentur.

1152 2638 1211 2695 lloc
1224 2640 1257 2696 de
1277 2641 1329 2696 isto
1347 2640 1427 2695 altari
1441 2640 1556 2707 visuali,
1571 2649 1603 2697 ut
1620 2642 1685 2697 mibi
1704 2642 1819 2706 ridetur,
1837 2659 1948 2716 compe·

1152 2741 1241 2787 tenter
1254 2733 1413 2801 accipimus,
1427 2747 1481 2801 qno
1494 2746 1595 2804 corpus
1614 2741 1642 2788 et
1657 2734 1768 2806 sanguis
1782 2733 1887 2791 Domini
1902 2752 1947 2791 so-

1152 2822 1234 2878 lemni
1258 2822 1474 2893 frequentatione
1498 2823 1588 2878 datur.
1616 2823 1683 2878 lilnd
1707 2838 1772 2879 roro
1797 2824 1882 2881 altare
1905 2835 1949 2882 ert

1152 2921 1216 2971 ante
1229 2923 1404 2986 conspectum
1420 2915 1544 2982 Dornini,
1561 2916 1606 2970 ubi
1623 2915 1774 2986 purificatis
1788 2917 1884 2973 animis
1899 2932 1949 2990 pcr

1151 3007 1407 3077 contemplationem
1425 3006 1459 3062 ad
1473 3015 1566 3063 sancta
1579 3006 1707 3076 jubemur
1724 3009 1862 3072 accedere,
1876 3018 1906 3064 nt
1920 3009 1948 3064 in

1153 3099 1205 3153 bae
1218 3098 1316 3153 aemuli
1337 3096 1507 3153 solemnitate
1528 3097 1593 3152 illud
1612 3108 1720 3170 semper
1734 3100 1881 3154 debeamus
1903 3101 1947 3156 in·

304 3183 378 3241 lunc
389 3183 466 3240 enim
481 3181 559 3251 juxta
573 3183 764 3254 Evangelicum
778 3183 984 3238 testimonium:
1004 3203 1012 3236 t
1031 3182 1100 3239 ltrsti
1152 3189 1265 3260 spicere.

304 3274 446 3350 irrigabant
464 3275 535 3331 sicut
555 3274 596 3331 soi
616 3275 643 3330 in
661 3289 745 3344 regno
765 3274 855 3330 Patris
874 3290 969 3330 eorum
991 3275 1098 3346 (Eucti.
1190 3296 1200 3329 a
1223 3278 1321 3334 blansit
1342 3288 1433 3335 antem
1457 3280 1582 3354 inclamo
1601 3279 1652 3334 riri
1673 3281 1715 3337 sni
1737 3295 1824 3338 annos
1838 3292 1947 3338 centnm

303 3368 371 3438 tarr),
390 3386 401 3419 r
418 3375 449 3422 et
466 3367 569 3436 puritas
584 3365 662 3430 ltdci,
682 3380 732 3436 per
745 3380 827 3434 quam
845 3362 990 3436 A‘postolus
1005 3380 1101 3421 omncs
1155 3388 1164 3419 ι
1183 3369 1317 3439 quinque,
1334 3379 1362 3424 ει
1377 3369 1480 3426 dimisit
1500 3369 1601 3425 Abram
1622 3384 1697 3425 suam
1714 3371 1839 3427 liberam.
1863 3393 1873 3425 s
1895 3375 1951 3429 um

301 3461 351 3516 rite
363 3459 515 3516 malentes
526 3458 659 3529 virginem
679 3469 782 3513 castam
802 3472 833 3512 se
853 3455 1030 3526 despondisse
1052 3457 1108 3541 uni
1153 3475 1227 3514 arrrm
1249 3459 1301 3514 viri
1323 3469 1485 3531 presentem
1501 3460 1631 3516 mtmdnm
1655 3476 1797 3532 possumne
1812 3464 1947 3533 accipere,

301 3554 358 3610 tiro
370 3552 486 3609 cunata
499 3550 677 3621 gloriabatur,
695 3549 723 3604 in
743 3563 806 3604 rera
827 3547 965 3611 Detbulia,
981 3548 1033 3603 boe
1046 3515 1136 3613 est,C
1153 3550 1179 3604 in
1203 3564 1257 3620 qno
1278 3549 1329 3606 sub
1349 3559 1417 3606 aestu
1440 3547 1648 3606 tribulationum
1670 3551 1784 3606 desudat
1808 3553 1948 3619 Ecclesia,

298 3645 325 3701 ita
336 3644 501 3716 virginitate
512 3650 643 3713 perpetua
655 3641 779 3707 clarebit,
793 3641 901 3711 errando
914 3655 1013 3712 sponsa
1026 3640 1103 3696 nobi·
1151 3643 1214 3711 quia
1229 3651 1371 3713 postquam
1386 3643 1522 3698 abdicarit
1532 3642 1629 3704 errori,
1643 3642 1686 3697 cui
1699 3649 1778 3697 antea
1793 3644 1843 3699 snb
1854 3643 1951 3714 gentili

296 3735 406 3793 liasirm
432 3748 550 3804 aupcmo
574 3748 675 3804 sponso
697 3733 832 3788 veraciter
853 3730 1017 3802 cortjrmcta,
1043 3734 1104 3788 sine
1151 3733 1357 3789 conversatione
1369 3732 1555 3796 deserviebat,
1571 3732 1663 3788 statim
1677 3732 1949 3804 molestiaeperseen·

294 3827 422 3893 maala,
440 3833 469 3882 ει
481 3826 540 3882 εἰπε
552 3841 630 3896 ruga,
647 3833 675 3881 et
689 3825 749 3880 sine
764 3825 936 3896 corruptione
950 3824 1003 3879 ulla
1016 3825 1101 3880 ccele-
1152 3825 1255 3880 dotium
1274 3825 1300 3881 ei
1320 3833 1508 3881 accreverunt.
1531 3822 1581 3881 libi
1602 3839 1687 3879 annos
1706 3834 1814 3881 centum
1828 3826 1949 3897 quicuque

292 3930 371 3977 atem
390 3917 545 3976 Jerusalem
559 3917 711 3973 intraverit
732 3916 893 3973 Praeclarior
907 3931 972 3988 crgo
984 3927 1043 3972 erat
1054 3916 1104 3973 lu·
1151 3916 1295 3981 manebat,
1311 3917 1373 3987 quia
1389 3915 1448 3986 lege
1461 3915 1509 3969 Dei
1527 3914 1647 3969 militans
1661 3929 1710 3985 pro
1721 3924 1821 3970 aeterna
1836 3913 1950 3971 beatim-

290 4012 357 4067 ditia
374 4011 513 4066 uniuersae
526 4019 605 4065 terra
616 4007 712 4074 lsrael,
725 4009 789 4079 qnia
806 4008 862 4064 sola
875 4008 995 4064 Ecclesia
1007 4010 1103 4064 catino·
1151 4006 1215 4062 dine
1230 4007 1403 4078 adipiscenda
1418 4007 1583 4063 decertabat.
1605 4004 1730 4074 Quinque
1749 4018 1814 4075 ergo
1829 4004 1890 4060 iibri
1910 4004 1949 4059 le-

289 4103 350 4160 tter
364 4103 472 4160 eminet
491 4102 519 4159 in
535 4112 592 4159 toto
608 4104 674 4158 orbe
694 4110 828 4157 tenerum
850 4115 981 4171 supernas
992 4101 1101 4157 diritius
1151 4096 1192 4167 gis
1206 4098 1304 4153 dirinae
1322 4105 1400 4161 sum,
1419 4096 1446 4150 in
1468 4097 1566 4166 quillus
1587 4095 1667 4150 unius
1687 4094 1733 4149 Dei
1749 4093 1853 4150 cnltma
1874 4109 1949 4150 com·

287 4209 441 4266 querens,
455 4194 575 4250 thalamo
586 4193 706 4249 coelestis
719 4193 791 4261 regis
807 4190 982 4262 dignissima,
998 4199 1026 4245 ct
1040 4206 1102 4246 enm
1151 4189 1305 4255 mendatur,
1324 4199 1351 4243 et
1368 4189 1489 4243 omnium
1503 4186 1635 4242 idolorum
1651 4185 1768 4240 seruitus
1784 4185 1891 4255 penitus
1906 4184 1949 4240 in·

285 4303 331 4344 aro
343 4294 509 4358 perpettmm
521 4299 635 4357 regnam
648 4298 818 4355 possessura.
835 4282 873 4338 De
884 4296 938 4351 cpia
951 4281 1007 4350 ipse
1021 4296 1102 4351 spou-
1152 4281 1303 4337 terdicitur.
1329 4279 1442 4336 Centum
1469 4293 1546 4350 ergo,
1569 4278 1632 4348 grtia
1658 4277 1692 4331 cle
1715 4276 1780 4330 laera
1804 4291 1946 4332 rrrrmerum

288 4393 346 4433 sus
359 4378 390 4432 in
402 4375 518 4432 Cantica
532 4377 700 4432 canticomm
714 4374 774 4428 ait:
793 4390 802 4425 r
818 4371 965 4443 Sexaginta
975 4380 1038 4426 sunt
1056 4385 1100 4425 re·
1151 4372 1282 4427 transiert
1305 4371 1332 4425 in
1355 4369 1506 4433 dexteram,
1528 4376 1660 4423 aeternam
1684 4367 1892 4430 beatitudinem,
1915 4376 1948 4423 ut

286 4468 383 4539 sinat,
395 4473 426 4522 et
437 4465 574 4536 ortamota
585 4463 759 4529 concubinae,
773 4478 827 4518 nna
838 4461 1015 4519 estoolumba
1028 4476 1099 4527 mea,
1151 4462 1280 4527 diximus,
1301 4459 1398 4516 merito
1420 4459 1554 4531 designat.
1579 4458 1614 4514 Et
1636 4457 1739 4515 dimisit
1754 4457 1854 4512 Abram
1869 4473 1946 4513 snam

286 4557 424 4628 perlecta
444 4572 515 4625 mea,
536 4571 590 4612 una
610 4563 652 4612 εει
666 4554 763 4610 matris
783 4568 839 4609 suae
870 4552 954 4609 electa
975 4549 1101 4623 genitrici
1151 4551 1511 4617 liberam,cumcamalium
1526 4535 1842 4619 conversationemque
1855 4549 1947 4604 timori

287 4664 382 4705 strae:
401 4649 531 4705 viderunt
555 4663 615 4703 cant
642 4646 719 4706 tilio,
743 4654 770 4701 et
795 4644 979 4700 beatissimam
1005 4641 1101 4712 ptattb·
1151 4659 1258 4715 semper
1270 4643 1387 4699 obnoxia
1401 4652 1458 4708 est,
1472 4642 1500 4699 in
1516 4641 1668 4698 libertatem
1688 4641 1783 4712 gratiae
1795 4650 1824 4697 et
1842 4640 1945 4697 securi·

288 4748 451 4806 ‘aceruum
477 4739 577 4811 regime
603 4745 631 4794 et
652 4736 808 4793 concubinae
835 4734 1012 4789 laudaverunt
1039 4747 1099 4788 eam
1152 4745 1234 4791 tatem
1256 4734 1398 4790 charitatis
1418 4734 1550 4799 docendo,
1569 4733 1746 4796 exirortando,
1768 4741 1849 4802 atque
1869 4731 1947 4787 bonis

287 4831 393 4905 (Cant.
405 4830 455 4904 rr).
474 4851 484 4883 r
1151 4825 1281 4896 exemplis
1294 4824 1460 4881 meliorando
1474 4823 1618 4893 perducit:
1632 4831 1662 4878 ut
1671 4821 1727 4891 jam
1740 4823 1820 4884 bonet,
1838 4836 1898 4890 pirre
1913 4821 1947 4876 ti·

341 4945 351 4976 ι
369 4925 436 4979 Erat
453 4923 535 4980 ctiam
550 4923 641 4978 virtuti
656 4921 768 4976 castitas
782 4918 922 4987 adjuncta,
943 4916 980 4971 ita
997 4927 1028 4970 ut
1044 4931 1098 4970 non
1111 4883 1137 4942 D
1151 4933 1224 4972 more
1240 4930 1381 4986 poetrarum
1400 4930 1447 4985 pro
1461 4922 1537 4984 parte
1550 4913 1661 4986 gerebat
1676 4914 1703 4968 in
1724 4928 1798 4981 spem
1817 4911 1942 4981 praernin-

297 5033 318 5066 ι
334 5022 512 5087 cognosceret
530 5014 619 5069 uirum
640 5012 766 5067 omnibus
787 5011 882 5065 diebus
903 5009 965 5064 rite
986 5022 1042 5062 suae
1064 5022 1098 5061 ex
1150 5022 1221 5070 rum,
1244 5014 1272 5060 ct
1293 5018 1386 5059 autore
1406 5003 1492 5075 ipsius
1511 5002 1573 5059 boni
1593 5002 1714 5072 perfecto
1731 5016 1811 5073 agore
1824 5001 1943 5056 studeat.

294 5124 318 5156 ι
333 5118 387 5174 quo
406 5102 549 5160 defunctus
572 5113 615 5159 est
635 5103 772 5157 llanasses
792 5101 834 5154 rir
853 5100 921 5169 ejus.
947 5118 956 5150 r
982 5097 1100 5154 Castitas
1149 5097 1230 5164 Quia,
1243 5104 1271 5150 ut
1287 5094 1415 5158 loannes,
1426 5095 1466 5147 ait
1482 5113 1490 5144 t
1509 5093 1611 5156 Timor,
1625 5091 1669 5162 qui
1681 5105 1776 5160 poettas
1787 5091 1877 5154 inaltet,
1891 5105 1945 5145 nnn

284 5208 369 5265 ergo
388 5195 517 5251 Ecclesia.
536 5193 704 5250 admirabilis
723 5201 781 5255 est,
800 5199 828 5246 et
846 5190 923 5245 raldo
945 5188 1098 5253 laudabilis,
1149 5196 1192 5242 est
1205 5188 1232 5241 ia
1246 5186 1387 5250 charitate,
1404 5184 1451 5238 sed
1467 5181 1584 5253 perlecta
1597 5181 1716 5237 ebaritas
1727 5179 1801 5235 seras
1816 5180 1900 5235 mittit
1913 5179 1946 5234 ti-

285 5300 365 5356 quae
382 5297 525 5359 postquam
543 5302 648 5358 pompae
661 5284 760 5340 diaboli
780 5292 809 5338 et
822 5281 978 5338 idololatriac
992 5281 1099 5335 abdica·

286 5389 393 5444 werat,
405 5388 434 5434 et
442 5378 518 5447 juxta
532 5378 652 5450 Apostoli
665 5375 827 5433 sententiam
840 5373 955 5435 mundus
968 5371 1018 5426 sibi
1034 5386 1097 5424 eru-

286 5470 402 5527 titixus
413 5480 466 5535 cst,
480 5470 591 5541 ipsaque.
611 5471 727 5533 mundo;
750 5479 920 5535 nequaqnam
933 5461 1004 5517 ultra
1018 5476 1097 5535 passa

283 5572 350 5616 εει
367 5565 401 5618 ad
422 5562 563 5617 illecebras
579 5561 727 5616 carnalium
742 5557 926 5627 voluptatum,
942 5563 1024 5622 atque
1043 5551 1097 5620 pri·

285 5656 389 5711 utinm
402 5656 497 5711 sordes
514 5663 686 5726 peecatorum
702 5651 798 5714 relabi,
820 5649 867 5705 sed
887 5647 994 5701 lauacro
1014 5658 1097 5714 sacrat

289 5746 520 5818 tegententionis
538 5745 628 5800 abluta
648 5752 728 5813 atque
749 5751 854 5806 renata,
872 5739 944 5809 quod
964 5736 1096 5805 reliquum

289 5849 350 5894 Ωιι
360 5836 501 5913 temporit,
525 5839 552 5894 iu
565 5837 617 5893 ilde
627 5837 694 5891 vivit
708 5834 767 5890 Filii
781 5833 840 5896 Dei,
852 5832 895 5887 cui
916 5844 965 5899 pec
984 5824 1096 5880 Paulum

294 5929 428 5988 titur:
452 5931 571 5987 «Eratis
589 5938 679 5985 autem
703 5925 847 5997 aliquando
869 5923 1002 5981 tenebrae,
1026 5932 1097 5971 ntrnc

304 6031 395 6080 {atem
407 6025 452 6080 lux
467 6024 494 6078 ia
509 6023 634 6084 Domirm,
647 6029 677 6075 ut
689 6017 757 6074 lucis
770 6016 817 6072 lilii
830 6013 977 6071 ambulate.
996 6031 1005 6062 ι

348 6134 356 6165 ι
373 6117 438 6173 Erat
451 6129 544 6173 antem
559 6115 654 6170 diebus
674 6109 751 6167 lestis
768 6108 915 6179 procedens
933 6119 993 6160 cum
1013 6101 1096 6173 gloria

1149 5293 1253 5334 morem
1268 5275 1294 5347 (l
1307 5275 1386 5330 loon.
1404 5275 1453 5348 tv).
1472 5295 1481 5327 r
1499 5272 1576 5329 Unde
1589 5271 1686 5335 timidi,
1701 5287 1853 5334 serrorum,
1866 5281 1893 5326 ct
1906 5270 1947 5325 di·

1149 5370 1266 5425 lectione
1283 5367 1353 5437 pleni
1372 5367 1517 5422 liberorum
1531 5364 1716 5420 assimilantur
1732 5362 1889 5417 conditioni.

1188 5481 1197 5512 ι
1219 5467 1252 5514 Et
1269 5461 1396 5513 deiirncta
1409 5465 1451 5512 est
1465 5472 1497 5510 ae
1518 5454 1620 5524 sepulta
1635 5470 1697 5508 enm
1713 5454 1769 5505 rico
1783 5468 1832 5505 scm
1851 5452 1877 5504 in
1897 5451 1945 5503 Dc-

1153 5572 1161 5603 «
1183 5552 1276 5606 timiia.
1294 5571 1303 5604 a
1322 5548 1480 5605 Defunctum
1503 5562 1535 5602 ac
1559 5545 1689 5615 sepultam
1711 5544 1776 5597 dicit
1797 5540 1944 5596 Ecclesiam

1149 5661 1183 5698 es
1205 5653 1282 5713 parte
1305 5640 1487 5696 membrorum
1510 5638 1581 5708 ejus,
1605 5652 1664 5706 tpnae
1685 5636 1718 5688 ab
1742 5634 1818 5687 initio
1841 5629 1944 5700 pcccati

1150 5732 1307 5806 protoplasti
1331 5731 1451 5801 pareretis
1474 5729 1559 5784 nostri
1583 5744 1668 5796 usqne
1692 5726 1726 5779 ad
1749 5725 1828 5778 finem
1852 5718 1944 5773 mundi

1151 5826 1246 5880 mortis
1263 5838 1400 5894 corporeae
1415 5836 1467 5876 non
1481 5828 1607 5890 poterant
1623 5817 1685 5886 jura
1700 5813 1828 5882 effugere,
1843 5810 1876 5862 dc
1889 5822 1943 5877 qtro

1149 5932 1199 5986 per
1211 5916 1373 5985 Prophetam
1384 5911 1483 5968 dicitnr
1498 5927 1504 5964 :
1521 5929 1530 5961 ‹
1547 5908 1612 5974 Quis
1623 5916 1665 5960 est
1676 5906 1756 5959 bento
1769 5900 1814 5970 qrti
1827 5896 1903 5962 sirit,
1915 5904 1943 5950 ct

1151 6023 1203 6061 non
1229 6006 1330 6062 ridebit
1350 6001 1482 6058 mortem?
1503 6017 1512 6047 ι
1538 5996 1668 6050 llorictur
1688 5992 1770 6048 etiarn
1795 5988 1943 6045 secundum

1150 6097 1323 6154 Ecclesiastis
1340 6091 1518 6155 sentcntiam,
1536 6084 1691 6157 sapienter
1708 6078 1953 6163 insponsata
