4709 6767
363 565 431 620 tuot
792 561 968 619 COMMUNT.
990 562 1022 614 lN
1043 558 1351 617 Enetnsttsrtctnt.
1374 588 1406 599 —·
1426 557 1490 611 tte.
1513 557 1570 613 vlt.
1933 561 2000 621 tetta

366 696 376 728 r
398 685 426 730 et
445 675 480 729 ad
494 689 524 728 se
536 675 697 743 applicatam
718 682 745 731 et
757 690 791 729 er
804 676 869 744 ipsis
881 676 1008 730 exaltarit
1025 685 1051 729 et
1069 675 1157 728 honri·
1171 684 1196 738 A
1210 671 1333 738 despicit,
1349 674 1396 725 sed
1415 685 1467 725 non
1487 679 1577 725 tarncn
1591 670 1649 724 sine
1658 668 1779 738 justitia3
1794 672 1820 726 in
1834 672 1915 744 llgnlo
1927 678 1999 730 eninr

366 781 377 814 t
399 763 484 827 liavit,
498 772 526 816 et
540 764 675 818 convertit
691 762 750 818 illos
770 778 785 816 a
802 765 973 832 separatione
997 764 1151 832 ipsorum.»
1208 764 1317 816 borninc
1341 771 1443 817 tantum
1467 772 1509 817 est
1531 762 1656 816 voluntas
1677 762 1755 832 juxta
1779 762 1893 817 liberum
1925 769 1998 820 arbi·

363 854 509 923 Postquain
523 854 556 908 de
571 855 691 908 siderum
714 855 889 923 dispositione
903 866 929 908 et
943 854 1039 909 ordine
1053 864 1156 923 ternpo-
1207 855 1299 916 trinrn,
1314 853 1410 908 iubeo
1425 863 1513 910 antem
1532 853 1719 908 universorum
1736 855 1876 909 conditore
1892 848 1996 925 setnpet

363 961 423 998 rum
453 944 619 1013 disputarit,
642 945 674 998 de
697 945 836 1000 bominum
865 959 972 1015 quoque
1001 946 1155 999 conditione
1203 949 1330 1016 justacst
1347 946 1762 1015 voltuttaseutttomnipotentia.
1779 945 1856 1001 Unde
1869 948 1998 1017 scripturn

363 1035 512 1102 suiq'unrit,
528 1044 556 1087 ut
570 1034 781 1105 intelligeremus
795 1036 887 1090 omnia
901 1037 1071 1090 ordinatione
1093 1036 1155 1090 snb·
1206 1048 1265 1093 cst:
1283 1057 1292 1088 t
1306 1038 1401 1093 Otnnia
1414 1051 1580 1108 quecunque
1593 1037 1676 1091 voluit
1687 1037 1757 1092 lecit.
1772 1056 1782 1089 r
1796 1036 1854 1091 Scit
1867 1039 1940 1092 ettim
1953 1054 2001 1093 cu·

363 1126 459 1184 sistere
477 1128 541 1192 Uei,
560 1143 610 1181 nee
623 1128 722 1196 aliquid
742 1129 768 1182 in
785 1145 876 1183 rerum
892 1129 1067 1184 universitate
1088 1145 1153 1184 con·
1203 1130 1249 1199 jus
1262 1130 1359 1185 debeat
1377 1130 1500 1183 misereri
1516 1129 1664 1184 sectandum
1677 1130 1874 1199 paescienb'am
1890 1139 1918 1184 et
1933 1144 2001 1199 pre·

362 1212 452 1268 susum
474 1225 502 1269 11
525 1216 707 1271 inordinatum
730 1232 798 1272 1111
820 1218 876 1271 ‘El
897 1218 1031 1282 1111111111,
1051 1220 1152 1287 induli,
1206 1226 1412 1280 destinationem
1424 1240 1510 1287 suam,
1523 1232 1550 1278 et
1561 1239 1641 1293 quem
1654 1224 1791 1293 despicere
1801 1225 1948 1278 secundnm
1960 1225 1999 1292 jo·

361 1306 503 1360 carneade
523 1307 580 1361 sule
598 1315 627 1362 et
649 1323 683 1361 ex
697 1317 803 1372 terrai
818 1310 987 1375 subauditur,
1000 1311 1071 1364 lecit.
1086 1309 1154 1376 Quia

360 1398 556 1467 protoplastum
570 1410 709 1468 parentem
734 1411 857 1456 nostrum
868 1418 902 1455 ex
921 1401 985 1456 limo
1007 1411 1085 1457 terre
1099 1403 1154 1458 lor-

360 1487 455 1552 marit,
467 1488 538 1543 unde
556 1505 637 1543 onrne
656 1505 742 1560 genus
756 1492 895 1548 bominum
911 1493 1046 1563 originem
1065 1493 1151 1547 duxit.

359 1577 413 1632 Sed
428 1588 572 1647 postquam
585 1580 637 1648 ipsi
650 1581 822 1649 nrultiplicari
837 1593 987 1652 coeperunt,
1003 1583 1153 1652 etquidem

360 1667 466 1722 illorum
482 1668 565 1724 rariis
579 1670 719 1725 erroribus
731 1680 759 1725 et
773 1672 890 1738 peccatis
911 1687 940 1726 se
956 1671 1152 1742 obligaverunt,

358 1756 488 1811 discrevit
512 1758 584 1812 inter
603 1775 661 1823 eos,
675 1770 702 1813 et
716 1761 852 1828 separavit
874 1760 932 1814 illos
951 1761 1047 1826 abeis,
1062 1762 1108 1830 qui
1126 1763 1153 1815 in

1206 1315 1307 1369 stiriam
1325 1324 1352 1370 et
1363 1315 1494 1383 judicium
1508 1329 1604 1379 sunrn;
1622 1329 1672 1369 nee
1687 1314 1759 1368 eninr
1777 1329 1881 1367 sunnna
1894 1314 1999 1382 justitia

1205 1408 1305 1478 aliquid
1320 1408 1389 1462 velle
1405 1416 1451 1461 aut
1469 1408 1560 1461 lacere
1571 1416 1670 1478 potest,
1686 1408 1737 1462 nisi
1751 1406 1822 1477 quod
1833 1411 1944 1463 omnino
1957 1408 2000 1475 ju-

1206 1506 1279 1552 stum
1294 1508 1345 1552 est.
1360 1498 1437 1553 Unde
1451 1499 1570 1553 dicitnr:
1799 1501 1801 1505 ’

1243 1608 1252 1639 r
1269 1588 1369 1643 Omnes
1386 1590 1436 1643 vie
1460 1589 1608 1643 seeundum
1632 1588 1838 1657 dispositionem
1860 1592 1920 1659 ejus
1938 1608 1944 1643 :
1960 1595 1999 1645 sie

1208 1697 1218 1729 e
1243 1679 1322 1732 bonto
1346 1680 1373 1732 in
1399 1695 1479 1732 manu
1504 1678 1575 1732 illins
1598 1680 1643 1748 qni
1660 1695 1689 1733 se
1709 1678 1787 1742 lecit,
1802 1687 1830 1733 et
1849 1680 1944 1734 reddet
1961 1680 1999 1733 illi

1208 1788 1217 1819 t
1240 1769 1386 1822 seeundum
1398 1769 1530 1837 judicium
1549 1786 1638 1824 sunm.
1652 1789 1661 1819 r
1677 1770 1748 1823 Deus
1768 1770 1852 1835 enim,
1863 1772 1927 1839 quia
1942 1784 2003 1826 ont-

357 1861 407 1899 sua
428 1847 480 1901 lide
500 1855 528 1901 ct
546 1846 652 1915 justitia
673 1850 871 1919 perstiterunt;
894 1859 923 1904 et
941 1865 989 1905 eos
1011 1851 1057 1919 qui
1080 1850 1153 1921 digni
1206 1858 1279 1911 nium
1302 1866 1344 1913 cst
1366 1874 1473 1928 parens,
1497 1859 1557 1914 ideo
1581 1858 1646 1913 nulli
1668 1860 1738 1914 male
1752 1859 1818 1914 vult.
1841 1859 1910 1927 Quia
1934 1875 1999 1932 ergo

359 1935 483 2002 suffl'ffltl·
506 1937 645 1992 beneutsn
660 1952 666 1990 τ
685 1937 745 1992 illos
762 1954 826 1993 vero
839 1939 885 2009 qui
900 1938 982 2009 impie
998 1949 1151 2009 gesseruut,
1205 1947 1285 2011 loen,
1300 1948 1444 2003 incolumia
1459 1950 1514 2003 vnit
1530 1965 1652 2015 manere,
1667 1966 1717 2004 nee
1729 1952 1859 2020 competit
1874 1952 1899 2007 ei
1913 1960 1943 2007 nt
1960 1952 2000 2006 in·

357 2034 460 2082 aeterna
490 2028 679 2083 maledictione
709 2044 770 2083 reos
798 2028 871 2096 juste
900 2029 1048 2084 dannrarit.
1078 2029 1293 2107 UndeBJustus
1306 2039 1446 2108 sit3eujns
1468 2042 1654 2096 benevolentia
1668 2050 1742 2096 tanta
1764 2049 1887 2111 apparet,
1901 2050 1930 2095 nt
1945 2055 1998 2095 non

359 2120 498 2191 Scriptura
514 2137 591 2176 sacra
606 2133 731 2177 nuntcrat
754 2124 836 2189 bbel,
857 2124 940 2188 Eoos,
964 2124 1069 2189 Enoch,
1085 2122 1151 2188 Noe,
1205 2129 1292 2183 solnm
1308 2128 1408 2184 laceret
1431 2145 1491 2184 esse
1511 2146 1571 2199 qnae
1592 2146 1644 2185 non
1667 2138 1760 2194 erant,
1774 2144 1868 2185 verum
1891 2144 1923 2185 ea
1941 2130 1998 2199 ipsa

357 2212 506 2277 Abrabam,
526 2212 613 2276 Isaac,
627 2223 653 2268 et
673 2211 766 2278 Jacob,
787 2225 815 2268 et
836 2223 949 2269 ceteros
972 2223 1092 2280 sanctos,
1107 2214 1153 2284 qui
1205 2219 1259 2272 vita
1274 2228 1374 2274 aterna
1395 2221 1507 2274 donaret
1528 2230 1555 2273 et
1571 2219 1670 2290 plurim
1685 2228 1715 2273 nt
1737 2234 1805 2287 opns
1825 2219 1884 2288 ejus
1897 2217 1999 2288 aliquid

357 2304 450 2359 divino
461 2305 545 2360 cultui
562 2305 613 2359 rite
637 2306 812 2370 insistebant,
827 2313 855 2361 et
876 2321 938 2361 vera
961 2305 1092 2376 religione
1106 2306 1152 2360 uni
1205 2308 1354 2377 maiestatis
1374 2308 1433 2379 ejus
1454 2310 1542 2364 siurile
1564 2310 1685 2363 baberet.
1707 2308 1758 2374 Qut
1773 2324 1837 2377 ergo
1856 2318 1910 2361 tam
1932 2323 1996 2378 pro·

360 2394 415 2448 nm
437 2394 532 2449 devote
555 2396 719 2449 serviebant.
734 2395 795 2450 illos
818 2403 908 2451 autem
927 2395 974 2465 qni
997 2396 1153 2451 deserentes
1205 2401 1282 2455 vidus
1301 2410 1327 2455 ct
1346 2401 1511 2466 bonusest,
1530 2402 1631 2471 arnbigi
1654 2417 1707 2455 non
1731 2400 1811 2455 debet
1829 2400 1892 2469 quia
1908 2397 1998 2468 justus

358 2499 452 2538 verum
471 2485 573 2549 lienum
589 2484 665 2539 lalsis
679 2485 868 2542 deserviebant
880 2485 968 2550 idolis,
984 2492 1013 2539 ct
1026 2484 1153 2554 nrultipli·
1204 2501 1256 2545 est.

357 2572 435 2626 cibus
448 2572 595 2627 sceleribus
614 2574 918 2642 semctipsosobnoaios
939 2572 1073 2639 lecerunt,
1087 2589 1152 2643 par·
1242 2603 1251 2635 a
1273 2581 1373 2637 comm
1396 2582 1495 2636 malum
1511 2583 1611 2636 bonnm
1632 2591 1690 2647 est,
1714 2590 1740 2636 ει
1764 2590 1859 2636 contem
1882 2587 1995 2633 mortem

358 2663 406 2717 titn
429 2663 539 2730 diluvio,
566 2665 664 2733 partim
686 2665 847 2735 pestilentie
869 2664 956 2732 clade,
971 2673 998 2720 et
1015 2665 1152 2720 veracium
1207 2692 1216 2723 t
1239 2673 1312 2726 vita:
1330 2674 1369 2728 sic
1385 2680 1413 2728 et
1426 2681 1520 2728 contra
1541 2672 1628 2726 virum
1639 2670 1743 2740 justum
1758 2679 1894 2740 peccator.
1910 2669 1944 2723 Et
1958 2669 1995 2724 sic

355 2754 491 2809 cultorum
513 2755 560 2809 bei
585 2754 673 2825 gladio
697 2765 725 2811 et
747 2756 931 2812 devastatione
952 2756 1052 2813 delevit
1073 2765 1153 2827 atque
1207 2783 1217 2814 r
1239 2764 1342 2819 intuere
1357 2765 1384 2818 in
1398 2764 1489 2819 omnia
1502 2777 1586 2832 opera
1607 2762 1748 2817 altissimi.
1765 2762 1821 2817 buo
1843 2770 1871 2817 et
1892 2762 1956 2826 duo,
1970 2770 1994 2814 ct

355 2847 533 2920 consumpsit.
551 2848 612 2903 ldeo
634 2848 714 2914 dicit,
735 2849 792 2904 «Et
816 2850 949 2904 convertit
969 2848 1031 2903 illos
1044 2864 1059 2903 a
1074 2864 1152 2918 sepa·
1207 2875 1216 2906 t
1240 2871 1322 2910 unnnr
1346 2864 1440 2910 contra
1462 2870 1576 2909 unum.»
1601 2854 1717 2924 Diligens
1736 2853 1911 2923 investigator
1932 2866 1996 2921 opo-

355 2938 464 2994 ratione
485 2939 637 3010 ipsorum.»
654 2941 717 3011 quia
736 2956 784 2996 sna
802 2939 965 2995 discretione
980 2940 1040 2996 illos
1054 2940 1152 2995 distin-
1205 2962 1264 3001 mm
1278 2947 1326 3002 Dei
1339 2955 1367 3001 et
1381 2946 1441 3017 pins
1459 2954 1593 3000 scrutator
1607 2945 1711 2999 riarum
1724 2943 1781 3012 ejus
1796 2944 1898 2998 invenit
1911 2942 1938 2997 in
1954 2958 1996 2996 re·

355 3030 408 3094 111,
422 3031 519 3100 qulbus
538 3047 587 3103 pro
612 3032 760 3087 benefactis
774 3033 885 3103 premia
901 3032 1035 3103 condigna
1056 3031 1152 3098 daret,
1204 3053 1264 3091 rum
1279 3037 1374 3093 ordine
1395 3036 1562 3102 distantiam,
1580 3045 1608 3092 ct
1629 3036 1775 3106 quamdam
1795 3036 1867 3089 inter
1880 3050 1909 3090 se
1930 3050 1992 3089 eon-

355 3122 495 3191 atquibus
507 3140 556 3195 pro
573 3124 724 3180 malefactis
735 3124 808 3194 justa
831 3134 966 3180 tormenta
981 3124 1150 3193 rependeret.
1204 3126 1380 3192 trememtem,
1401 3127 1448 3182 sed
1463 3137 1551 3182 tamen
1567 3127 1698 3196 sapientia
1712 3126 1759 3179 bei
1776 3124 1937 3179 mirabiliter
1952 3140 1993 3179 or·

354 3211 387 3268 lu
411 3228 493 3268 manu
516 3229 581 3287 ergo
603 3217 708 3286 potenti
729 3231 850 3271 snnnnus
873 3215 970 3270 artilex
993 3215 1085 3285 operis
1110 3215 1152 3270 sui
1203 3217 1333 3272 dinatarn.
1348 3217 1424 3272 Unde
1445 3217 1511 3273 dicit
1529 3235 1535 3270 :
1561 3216 1683 3271 «Contra
1703 3214 1801 3270 rnalunr
1817 3214 1919 3270 bonum
1937 3224 1993 3277 est,

353 3305 435 3374 juxta
457 3306 622 3364 voluntatem
643 3324 720 3364 suam
734 3310 935 3366 distinctionem
948 3323 1096 3380 congruam
1113 3306 1152 3363 ei·
1204 3321 1232 3367 et
1253 3320 1348 3367 eontra
1364 3322 1477 3366 mortem
1493 3312 1565 3366 vita:
1583 3312 1622 3366 sie
1638 3320 1664 3366 et
1680 3309 1877 3366 contravirum
1892 3307 1995 3378 justum

356 3396 434 3454 lecit.
449 3398 525 3454 Unde
538 3399 728 3471 subiungitur:
1166 3381 1189 3443 C
1204 3412 1361 3474 peccatori
1379 3401 1436 3456 Non
1451 3411 1492 3457 est
1512 3418 1576 3473 ergo
1590 3404 1652 3456 rnali
1667 3403 1736 3457 Deus
1748 3402 1881 3467 eonditor,
1894 3402 1928 3455 dc
1942 3416 1997 3471 quo

398 3514 407 3547 t
422 3494 505 3563 Quasi
516 3497 603 3553 lutum
616 3498 688 3569 figuli
700 3500 727 3554 in
740 3514 819 3555 mann
833 3502 926 3571 ipsius,
941 3503 1076 3573 plasmare
1088 3503 1153 3558 itinn
1205 3495 1334 3562 seriptum
1345 3501 1420 3546 estzv
1434 3490 1505 3545 vidit
1515 3491 1688 3546 Deusenncta
1695 3508 1755 3562 quau
1765 3491 1876 3557 lecerat,
1883 3499 1910 3545 et
1918 3501 1997 3545 erant

359 3606 370 3640 t
394 3597 423 3643 et
444 3588 597 3660 disponere.
612 3590 713 3647 Omnes
727 3593 777 3647 nim
791 3592 849 3663 ejns
871 3596 1019 3650 secundnm
1037 3595 1154 3666 dispost.
1204 3586 1282 3639 valde
1303 3584 1374 3639 bona
1400 3580 1475 3655 (Gen.
1490 3583 1509 3655 r)
1524 3602 1530 3635 :
1547 3602 1557 3637 t
1575 3581 1630 3638 Nee
1652 3585 1747 3639 mortis
1766 3592 1808 3639 est
1828 3566 1946 3639 auetor':
1964 3584 1998 3639 de

360 3695 371 3731 ι
395 3677 497 3733 tionem
511 3680 586 3749 ejus;
600 3681 640 3735 sic
652 3681 731 3735 bomo
745 3682 772 3735 ia
785 3697 867 3736 rnanu
881 3683 963 3748 illius,
974 3685 1020 3753 qni
1033 3700 1063 3739 so
1078 3684 1150 3751 lecit,
1204 3692 1257 3747 11110
1274 3675 1337 3730 illibi
1352 3675 1468 3746 11811111
1487 3693 1496 3725 1
1511 3676 1582 3730 01111
1597 3684 1710 3729 1111111111
1733 3692 1786 3730 11011
1802 3674 1876 3740 scell,
1891 3689 1940 3729 1111
1955 3674 1999 3727 111·

359 3787 369 3820 t
394 3777 423 3824 et
446 3770 541 3824 reddet
561 3770 599 3824 illi
614 3771 761 3825 secundum
781 3772 911 3841 judicium
934 3787 1042 3827 sunm.»
1058 3772 1088 3827 ln
1107 3789 1152 3843 po
1204 3776 1276 3824 tatur
1295 3768 1322 3822 ia
1347 3766 1495 3838 perditione
1511 3765 1683 3819 morientitnn
1700 3764 1776 3836 (Sap.
1790 3768 1829 3837 q:
1847 3785 1856 3816 r
1872 3764 1998 3849 seduni-

358 3868 460 3915 testate
480 3875 545 3931 ergo
567 3876 615 3916 sua
632 3862 802 3931 omnipotens
826 3861 951 3917 conditor
964 3862 1067 3918 babens
1082 3879 1152 3918 mas·
1203 3862 1338 3915 versitatis
1355 3859 1488 3914 mirabilis
1509 3852 1738 3913 et'inenarrabilis
1759 3858 1816 3925 ipse
1833 3865 1875 3910 est
1888 3856 1996 3911 ordina-

356 3968 418 4008 sam
441 3954 565 4008 bumana
581 3963 694 4018 nature,
711 3954 921 4024 unumquodque
935 3969 983 4009 vas
1004 3955 1151 4009 seeundum
1204 3958 1256 4004 tor.
1268 3950 1347 4005 Aliud
1360 3958 1401 4005 est
1412 3950 1482 4003 enirn
1494 3963 1554 4002 esse
1565 3957 1700 4011 naturam,
1712 3946 1786 4001 aliud
1800 3946 1909 4010 vitium;
1925 3945 1997 3999 alind

356 4041 526 4096 voluntatem
540 4056 616 4097 suam
631 4041 708 4111 lingit
721 4057 753 4095 ac
766 4041 875 4106 lortnat,
893 4062 901 4093 t
917 4057 968 4097 nec
980 4044 1077 4113 estqui
1091 4059 1153 4112 pos-
1203 4039 1360 4103 essentiam,
1374 4037 1446 4092 alind
1460 4036 1610 4101 delectnm;
1624 4036 1697 4090 aliud
1713 4036 1841 4105 speeiem,
1856 4035 1928 4090 aliud
1940 4035 1996 4105 pri·

356 4132 395 4188 sit
407 4131 535 4186 resistere
551 4132 682 4186 volontati
702 4131 780 4200 ejus:
797 4153 806 4184 t
824 4149 875 4188 nec
894 4141 985 4189 tanton
1002 4149 1063 4188 eum
1078 4136 1153 4204 quis-
1202 4131 1348 4185 vationern.
1370 4129 1435 4184 Dico
1456 4144 1516 4183 csse
1538 4129 1629 4183 omnia
1653 4130 1733 4195 bona,
1756 4138 1783 4183 et
1803 4128 1883 4193 addo,
1906 4137 1936 4182 ut
1951 4127 1997 4182 lvat

357 4237 442 4292 qnam
460 4221 590 4290 injustum
612 4222 703 4277 dicere
725 4223 823 4288 debet,
842 4225 905 4293 quia
928 4226 1018 4279 omnia
1039 4226 1112 4295 juste
1126 4237 1153 4282 et
1202 4220 1493 4291 1111111111111111111111
1511 4216 1997 4289 11111101111111118111111111111,111·

358 4313 509 4370 sccundum
530 4313 653 4367 ordinem
675 4312 750 4370 lacit.
772 4313 849 4369 Unde
866 4314 1009 4384 Apostolus
1028 4316 1061 4369 de
1083 4331 1152 4385 prae·
1203 4321 1332 4384 quantum
1354 4321 1431 4376 sunt,
1452 4312 1540 4366 idest
1564 4311 1722 4381 inquantum
1745 4321 1858 4374 naturas,
1882 4310 1997 4380 inquan-

357 4402 474 4457 seientla
495 4402 543 4456 Dei
565 4410 593 4456 et
617 4412 751 4472 potestate
775 4404 802 4458 in
822 4404 941 4475 Epistola
960 4405 994 4459 ad
1017 4404 1152 4461 llomanos
1204 4413 1260 4458 turn
1272 4404 1405 4467 essentia,
1420 4404 1578 4472 inquantum
1591 4404 1749 4458 substantiae
1763 4414 1835 4468 sunt,
1853 4403 1894 4457 vel
1907 4404 1930 4457 si
1944 4419 1997 4471 qno

358 4494 511 4563 disputans,
525 4493 553 4546 in
572 4494 724 4563 exemplum
741 4492 824 4550 Jacob
839 4504 866 4549 et
883 4496 954 4549 Esau
979 4496 1150 4561 assumendo,
1204 4494 1256 4548 alio
1273 4494 1356 4547 verbo
1380 4493 1474 4548 eadem
1499 4507 1543 4547 res
1568 4493 1673 4563 planius
1693 4494 1860 4558 enuntiatur,
1883 4508 1916 4547 ea
1941 4495 1997 4548 beo

358 4582 495 4651 quomodo
509 4598 592 4635 unum
614 4583 762 4637 secundum
786 4583 982 4652 prescientiam
1005 4599 1081 4639 suam
1095 4584 1151 4638 ele·
1203 4599 1264 4639 esse
1278 4583 1401 4639 dicimus.
1417 4582 1488 4637 Vitia
1501 4599 1565 4637 vero
1575 4585 1765 4648 essentiarum,
1782 4599 1841 4652 quae
1856 4586 1997 4652 privantur

358 4672 565 4743 gerit,alteru1n
581 4674 726 4728 secundum
738 4674 869 4743 judicium
883 4674 1043 4738 deseruerit,
1059 4691 1093 4729 ne
1107 4676 1154 4730 ali·
1204 4673 1294 4743 speeie
1306 4687 1338 4727 ae
1351 4672 1558 4741 pulchritudine,
1573 4680 1680 4728 nonest
1695 4687 1755 4728 esse
1770 4675 1834 4728 Uco.
1851 4674 1878 4727 Si
1899 4677 1996 4743 queris

359 4763 423 4831 quis
436 4762 534 4832 injuste
558 4762 659 4817 lactum
673 4778 734 4818 esse
754 4765 889 4829 crederet,
908 4765 980 4819 inter
993 4774 1091 4820 caetera
1113 4765 1152 4819 sie
1166 4732 1192 4791 D
1205 4764 1275 4819 unde
1298 4763 1363 4828 sint,
1378 4762 1521 4834 diligenter
1536 4764 1644 4817 attende
1663 4762 1728 4833 quid
1749 4762 1858 4817 iaciant.
1876 4763 1911 4818 Ut
1924 4766 1994 4817 eninr

360 4853 421 4909 ait:
439 4853 528 4921 «Quid
549 4869 613 4925 ergo
637 4855 772 4910 dicemus?
795 4856 915 4925 nunquid
932 4856 1060 4925 iniquitas
1082 4859 1153 4927 aprrd

360 4945 466 4999 Mum?
479 4944 587 4999 Absit.»
612 4946 646 4999 Et
666 4960 719 5000 non
737 4946 822 5000 multo
845 4954 906 5016 post
923 4965 930 5000 :
948 4965 958 4997 v
973 4947 1032 5012 bn,
1047 4946 1151 5016 inquit,

359 5053 416 5092 noa
438 5038 520 5092 babet
539 5046 701 5107 potestatem
715 5039 811 5109 ligulas
825 5038 885 5103 luti,
905 5053 938 5094 ex
954 5038 1048 5093 cadem
1064 5055 1153 5094 arasse

360 5129 453 5185 lacere
471 5130 543 5185 aliud
564 5131 672 5199 quidem
684 5146 732 5185 vas
754 5131 782 5185 ia
800 5132 938 5193 bonorem,
954 5132 1027 5186 aliud
1048 5147 1112 5186 vero
1126 5132 1153 5185 in

360 5219 572 5275 contumeliam?
583 5219 671 5292 (iloni.
685 5219 737 5291 rx.)
750 5218 844 5289 llagna
855 5228 897 5275 est
909 5220 1038 5289 iniquitas
1048 5228 1076 5274 ct
1089 5234 1155 5289 prae

360 5309 483 5380 sumptio
500 5309 663 5378 respondere
685 5311 712 5364 ln
727 5310 848 5366 adversis
862 5310 1000 5365 bominem
1020 5309 1083 5372 lieo,
1104 5310 1155 5362 ini-

360 5415 448 5472 quum
461 5400 543 5469 justo,
559 5400 659 5455 malum
672 5400 753 5464 bono,
771 5400 924 5469 imperitum
936 5398 1066 5470 perlecto,
1079 5397 1154 5454 infir-

361 5506 438 5547 murn
456 5490 615 5556 fortissimo,
634 5490 837 5561 corruptibilem
861 5491 1027 5559 incorrupto,
1044 5490 1155 5544 immor-

361 5583 410 5638 tali
438 5581 595 5646 mortalem,
620 5597 728 5636 servum
753 5597 868 5651 nequam
900 5582 1013 5637 Uottrino
1041 5583 1153 5653 optimo,

360 5680 518 5729 ereaturam
532 5674 675 5729 conditori.
690 5673 718 5727 ln
738 5682 870 5743 potestate
883 5674 955 5729 enirn
970 5674 1088 5728 auctoris
1102 5682 1153 5736 cst,

360 5761 474 5835 qualem
487 5762 551 5818 velit
568 5763 684 5820 condere
699 5774 861 5819 ereaturam.
879 5762 956 5818 Unde
969 5771 995 5818 et
1011 5762 1081 5818 licus
1094 5777 1154 5817 cunt

360 5870 462 5911 orantes
474 5870 509 5910 ex
522 5871 587 5922 uuo,
600 5864 680 5925 atque
694 5871 727 5909 ex
742 5856 836 5911 eadem
850 5872 939 5910 massa
952 5856 1037 5910 simus
1051 5856 1078 5910 in
1092 5857 1155 5911 sub

361 5949 475 6015 stantia,
488 5957 515 6004 et
525 5949 616 6004 cuncti
631 5958 796 6018 peccatores,
810 5949 869 6005 aliis
883 5950 1036 6015 miseretur,
1048 5958 1076 6003 et
1087 5949 1154 6005 alios

546 6042 683 6103 Parnon.
706 6042 788 6106 clx·

1205 4864 1301 4910 natura
1318 4870 1431 4925 queque
1448 4869 1491 4909 res
1505 4868 1558 4908 non
1573 4854 1645 4908 aliud
1656 4869 1737 4924 quam
1752 4869 1811 4909 esse
1824 4856 1940 4925 cogitur,
1958 4855 1994 4909 ita

1204 4949 1300 5003 vitium
1316 4949 1388 5019 (nam
1413 4947 1440 5001 id
1454 4955 1497 5001 est
1512 4956 1606 5001 contra
1627 4945 1763 5015 naturam)
1779 4944 1806 4999 in
1831 4946 1995 5001 contrarium

1206 5038 1353 5109 repeditur‚
1369 5038 1397 5091 id
1415 5046 1467 5101 est,
1481 5045 1511 5090 ut
1524 5052 1577 5090 non
1595 5036 1639 5100 sit,
1653 5044 1680 5089 et
1695 5035 1812 5104 pessime
1826 5036 1851 5090 id
1864 5037 1936 5104 qnod
1956 5046 1995 5092 est

1205 5139 1307 5201 pereat.
1323 5128 1398 5184 Unde
1412 5126 1614 5182 vitiosissimum
1634 5126 1837 5195 pessumdatum
1859 5133 1886 5179 et
1905 5125 1998 5194 perdi·

1206 5229 1274 5286 tunt,
1289 5233 1442 5288 quanquam
1453 5226 1480 5272 et
1496 5218 1548 5272 boe
1562 5216 1691 5271 usitatum
1705 5216 1932 5286 nequissimorum
1948 5233 1997 5271 no-

1206 5326 1267 5366 men
1280 5320 1332 5376 est,
1347 5310 1409 5379 qnia
1424 5309 1480 5379 jam
1494 5308 1592 5378 perditi
1608 5317 1748 5373 vocantur,
1765 5310 1862 5377 etipsa
1879 5310 1997 5380 nequitia

1207 5402 1240 5456 de
1250 5399 1334 5455 nihilo
1346 5399 1475 5455 asseritur
1484 5400 1600 5455 traxisse
1610 5398 1780 5467 vocabalum,
1793 5409 1821 5456 et
1835 5415 1927 5456 revera
1942 5410 1997 5455 tcn·

1207 5493 1247 5547 dit
1259 5493 1292 5546 ad
1306 5492 1430 5545 nibilum.

1246 5583 1326 5653 «Ego
1347 5583 1509 5638 norissimus
1530 5584 1669 5653 evigilavi,
1691 5594 1718 5639 et
1735 5585 1811 5654 qnasi
1833 5584 1877 5654 qul
1895 5581 1998 5650 colligit

1211 5694 1220 5726 v
1243 5690 1365 5728 racemos
1379 5683 1440 5743 post
1460 5675 1679 5730 vindemiatores.
1697 5674 1725 5728 ln
1740 5674 1927 5729 benedictione
1949 5670 1996 5724 Uet

1210 5784 1220 5816 e
1242 5766 1340 5835 etipse
1362 5765 1469 5835 speravi
1483 5782 1488 5818 :
1504 5774 1531 5819 et
1552 5767 1629 5833 quasi
1652 5766 1697 5833 qni
1713 5764 1879 5818 vindemiant
1900 5760 2000 5829 repleri

1210 5875 1219 5906 t
1242 5857 1392 5912 torcular.»
1410 5855 1506 5911 Custos
1528 5856 1687 5911 humilitatis
1710 5871 1764 5910 non
1788 5867 1817 5908 se
1841 5858 1999 5919 arrogztnter

1208 5950 1292 6005 voluit
1312 5957 1457 6015 ostentare,
1472 5948 1519 6003 sed
1534 5957 1623 6005 tamen
1640 5948 1722 6003 voluit
1736 5949 1769 6001 de
1784 5962 1812 6000 se
1829 5946 1939 6001 omnino
1955 5958 2000 5999 ve·

1723 6040 1769 6100 3⁴³.
