4709 6767
360 649 413 705 5⁰7

685 652 715 707 u.
735 649 860 707 inibunt
881 648 991 707 ttltun
1011 651 1171 708 auctum.
1192 650 1347 708 montibu.
1370 652 1512 709 ornauit
1533 653 1621 710 ratus
1638 653 1658 709 l.

359 777 416 829 epis
427 776 435 812 :
446 762 508 831 rpria
524 776 555 816 cr
573 762 612 817 eis
628 761 712 820 David
724 779 771 820 rex
785 775 896 820 exortas
909 773 961 829 cst,
978 764 1054 834 cirins
1065 780 1147 835 opera
1162 769 1185 826 Α
1200 781 1268 827 rum,
1283 776 1307 818 et
1321 767 1479 822 habitatores
1493 770 1538 839 ani
1548 770 1643 824 iar-eati
1658 769 1763 840 {nerant
1788 771 1835 838 ibi,
1851 781 1876 828 et
1890 775 1994 828 delere-

360 855 439 907 nimis
452 855 793 925 praeconiispraedicantar.
808 856 919 929 Mystico
940 868 1029 912 antem
1050 857 1145 925 ligulas

358 944 465 1013 lipsani
482 946 507 999 in
519 945 729 1016 plantationibus
741 955 768 1000 et
783 948 809 1001 in
825 948 932 1017 sepibus
943 949 1075 1013 laborant,
1090 964 1144 1004 non

359 1034 532 1104 elusanam
555 1035 679 1091 doctores
694 1045 802 1093 suaeuis
824 1037 1007 1110 intelligimus,
1027 1040 1072 1108 qui
1093 1038 1147 1093 ior·

359 1132 432 1179 urrant
444 1135 467 1180 et
483 1135 645 1195 componunt
660 1143 722 1180 vasa
737 1128 841 1182 Domini
856 1147 862 1180 :
875 1129 971 1199 prspere
986 1131 1058 1184 eninr
1078 1146 1148 1183 rom-

357 1231 452 1280 peuere
463 1214 551 1269 dicim
563 1230 586 1269 s.
602 1215 678 1270 Unde
689 1218 883 1285 compositores
900 1218 947 1271 luti
964 1218 1059 1289 ssgrrlos
1071 1233 1149 1273 roca-

359 1321 427 1359 rmrs.
443 1304 488 1362 lsti
504 1304 575 1375 tiguli
591 1305 617 1358 in
630 1306 841 1375 plantationibus
852 1315 879 1361 et
891 1307 918 1361 in
941 1309 1050 1378 sepibus
1074 1307 1148 1363 laho-

358 1404 429 1462 rant,
449 1396 511 1466 epula
529 1397 635 1451 niueam
657 1396 761 1451 liomiui
788 1398 869 1452 rerlro
891 1398 951 1453 lalei
974 1400 1100 1454 excolant
1122 1409 1149 1454 et

358 1487 488 1542 doctrinis
512 1487 568 1543 suis
586 1487 717 1557 plantant,
741 1488 972 1545 exhortationibus
988 1491 1044 1546 suis
1069 1501 1149 1561 atque

358 1577 526 1634 orationihus
536 1578 653 1648 nudique
671 1581 804 1633 muniunt.
829 1580 860 1634 lli
873 1582 943 1651 apud
953 1597 1043 1652 regem
1055 1584 1081 1638 in
1089 1598 1149 1652 ope·

359 1669 433 1723 ribus
445 1666 504 1735 ejas
518 1676 719 1723 commorantur
729 1688 735 1722 :
747 1670 809 1739 quia
820 1671 846 1725 in
858 1670 909 1726 lide
924 1670 1024 1727 Christi
1039 1688 1149 1729 maneu-

359 1770 410 1825 tes,
426 1760 555 1830 arrialquid
570 1761 672 1825 dicant,
684 1762 813 1831 qrridqaid
836 1770 929 1832 aptant,
947 1765 1035 1818 omnia
1048 1764 1074 1818 in
1090 1765 1148 1836 glo-

359 1853 426 1904 riam
442 1850 488 1904 ilci
502 1851 610 1905 iaciunt.

396 1941 459 1995 Filii
479 1939 582 1996 Sarrum
595 1940 700 1996 Jaarurl
712 1952 736 1997 et
751 1942 853 2009 luania,
870 1941 959 2009 Jurib,
975 1942 1056 2009 Zara,
1073 1944 1149 2011 Saul,

359 2044 410 2089 eto.
429 2033 488 2087 Filii
496 2050 559 2104 crgo
571 2033 679 2089 Sirrreon
691 2036 717 2088 ia
729 2035 825 2089 Genesi
839 2036 994 2090 scribuntur
1009 2052 1055 2091 sex
1066 2033 1149 2105 (Gen.

1199 865 1257 906 ruat
1279 871 1322 907 eoa
1341 872 1421 925 arque
1435 857 1462 911 ia
1484 867 1635 928 presentem
1657 859 1735 924 diem,
1762 860 1996 933 habitaveruntque

1198 958 1245 1010 pro
1259 942 1307 999 eia,
1317 944 1441 1012 qnoniam
1450 944 1596 1001 uberrimus
1606 963 1717 1017 pascuas
1728 948 1822 1003 ibidem
1830 961 1995 1015 repererunt.

1199 1033 1346 1105 Descriptis
1368 1037 1412 1094 his
1432 1053 1501 1109 quos
1522 1040 1556 1095 de
1574 1039 1683 1097 Simeon
1704 1045 1788 1114 stirpe
1803 1057 1997 1112 numerarunt,

1199 1133 1226 1179 et
1238 1126 1371 1196 cupressis
1389 1129 1493 1184 actibus
1508 1129 1703 1199 comminuta
1726 1138 1886 1206 mysterium
1908 1139 1998 1202 siani-

1200 1216 1264 1272 sreat
1284 1218 1356 1288 quod
1366 1221 1491 1276 doctores
1506 1221 1605 1286 sancti,
1619 1224 1664 1293 qrri
1677 1225 1814 1296 principes
1826 1235 1889 1282 sunt
1904 1225 1999 1280 Erelo

1200 1308 1258 1376 siaa,
1273 1318 1301 1366 et
1321 1312 1469 1381 praevident
1491 1328 1607 1382 pascuas
1633 1316 1759 1387 gregibus
1777 1317 1891 1382 Christi.
1912 1318 2000 1390 proil-

1200 1399 1337 1454 cisruutur
1351 1401 1378 1455 iu
1390 1398 1480 1456 Gador
1493 1418 1578 1472 arsque
1600 1405 1634 1459 ad
1653 1405 1786 1463 orientem
1804 1410 1895 1473 uallis,
1910 1417 1940 1463 ut
1961 1409 1999 1464 ihi

1200 1497 1322 1561 pararant
1337 1507 1434 1560 pascua
1451 1501 1611 1563 opportuna.
1632 1495 1665 1550 Et
1677 1497 1742 1566 quid
1755 1512 1803 1567 per
1820 1497 1921 1563 Garlor,
1938 1515 1998 1569 aaran

1202 1580 1395 1650 interpretatur
1407 1600 1478 1653 seper
1493 1584 1560 1653 eiras,
1577 1587 1628 1641 nisi
1644 1596 1736 1643 sancta
1763 1590 1883 1645 Ecclesia
1904 1593 1999 1662 capri-

1200 1672 1293 1735 mitur,
1309 1687 1369 1742 quiae
1384 1681 1501 1728 trrtamen
1515 1682 1557 1730 cst
1574 1684 1654 1745 atque
1669 1676 1790 1733 defensio
1802 1679 1923 1735 lidelium
1943 1682 2000 1735 ani-

1201 1760 1325 1813 marumi
1335 1760 1373 1816 lbi
1384 1776 1450 1831 ergo
1464 1772 1527 1817 sunt
1540 1777 1640 1832 pascua
1655 1779 1740 1832 risque
1753 1765 1934 1821 adorientem
1947 1769 2001 1822 ral-

1202 1846 1245 1909 lis,
1262 1847 1313 1902 lroo
1332 1858 1384 1913 est,
1401 1864 1486 1917 usqne
1504 1850 1537 1904 ad
1560 1851 1772 1907 incantationem
1788 1853 1871 1910 Verbi
1889 1854 1951 1920 Dei,
1966 1857 2000 1913 de

1203 1951 1256 2006 quo
1283 1937 1382 1992 Paulus
1410 1939 1449 1993 ait
1472 1980 1478 1991 .
1501 1939 1675 2012 Sensetipsum
1695 1944 1855 2010 exinaniuit,
1882 1944 1998 2015 [ormam

1204 2028 1269 2080 serni
1281 2028 1420 2098 arripiens,
1443 2030 1471 2083 in
1483 2029 1681 2085 similitudinem
1700 2034 1834 2087 hominum
1852 2034 1953 2105 saetas,
1975 2045 1999 2091 et

359 2126 435 2198 ιιιι)
448 2142 455 2179 :
466 2128 510 2181 iric
521 2142 586 2180 uero
601 2126 686 2181 Sober
702 2127 814 2192 tollitur,
830 2143 862 2182 co
875 2129 947 2197 qtrud
970 2128 1041 2183 nulla
1056 2130 1089 2184 ale
1112 2145 1145 2184 eo
1161 2112 1183 2170 Β
1197 2118 1287 2172 babitu
1306 2120 1426 2174 filium
1449 2130 1478 2174 ὅ*
1490 2121 1566 2175 ‘10m0
1586 2122 1596 2191 i
1605 2120 1674 2177 ΡΜ·
1700 2140 1719 2178 ¹¹
1731 2122 1757 2197 )·
1789 2125 1827 2180 'bi
1858 2142 1926 2197 “8⁰
1953 2128 1999 2198 ‘ll'i

1200 2209 1296 2278 quaerit
1318 2225 1426 2279 pascua,
1446 2212 1583 2266 uberrima
1598 2213 1727 2279 inueniet,
1742 2215 1804 2284 qaia
1821 2215 1879 2287 ipsa
1896 2217 1938 2271 ait
1954 2215 2000 2273 le·

1201 2298 1267 2353 ritas
1282 2317 1289 2349 τ
1303 2298 1359 2370 Epo
1374 2318 1431 2354 rrum
1442 2304 1557 2367 ostium·
1571 2319 1667 2373 perme
1679 2305 1702 2358 si
1714 2306 1772 2375 quis
1786 2306 1933 2372 introierit,
1945 2305 2000 2360 sul-

1200 2389 1312 2450 cabitur.
1327 2400 1351 2444 et
1361 2392 1522 2461 inpredietur
1533 2404 1556 2446 et
1568 2395 1724 2465 epredietnr,
1737 2405 1762 2449 et
1774 2413 1873 2465 pascua
1884 2398 1998 2454 inmisi

1200 2480 1296 2552 (lona.
1321 2481 1366 2552 x).
1385 2480 1423 2537 lbi
1446 2497 1510 2555 ergo
1531 2486 1620 2539 omnis
1639 2488 1738 2556 qnippe
1754 2487 1801 2557 qui
1823 2487 1924 2558 quaerit
1947 2503 1998 2559 pa·

1200 2587 1278 2629 senas
1293 2575 1431 2639 virtutum,
1451 2578 1548 2631 uberes
1562 2588 1590 2631 et
1604 2578 1681 2633 valle
1695 2593 1779 2633 uonas
1790 2580 1930 2646 inueniet;
1948 2580 1999 2636 ibi-

1200 2680 1251 2734 aue
1270 2673 1341 2720 terra
1362 2666 1503 2732 latissima,
1521 2676 1549 2722 et
1566 2657 1666 2732 parieta,
1687 2678 1715 2723 et
1735 2668 1833 2723 fertilis
1857 2677 1911 2735 est,
1933 2670 1997 2741 arria

358 2224 500 2290 progenies
513 2219 657 2288 processit.
673 2218 811 2273 Mutantur
826 2234 890 2275 roro
903 2220 1012 2274 nomina
1027 2222 1149 2290 quedam

359 2308 415 2361 suis
440 2309 598 2363 rationibus.
624 2307 739 2362 Narnia
765 2308 862 2363 Genesi
883 2310 1010 2366 scribitur
1035 2309 1148 2376 lernaei,

360 2399 405 2467 aui
418 2399 610 2468 intorpretatur
632 2416 704 2453 mare
720 2398 784 2463 ben
803 2399 829 2453 in
843 2400 1066 2469 Paralipomenon
1084 2415 1150 2455 vero

357 2487 472 2552 laumel,
487 2487 592 2557 loquens
609 2505 666 2541 cam
683 2488 748 2542 Deo.
762 2488 837 2544 hlius
857 2505 920 2545 vcro
939 2490 965 2544 iu
983 2489 1081 2546 Genesi
1101 2506 1148 2545 ro-

358 2588 435 2635 eatur
448 2579 549 2645 Ochaz,
564 2581 591 2635 in
608 2580 832 2652 Paralipomenon
853 2591 944 2637 nutem
959 2581 1042 2637 larib.
1058 2582 1148 2639 Ochae

357 2686 463 2739 natoque
479 2670 673 2740 interpretatur
694 2671 824 2738 laudatio,
841 2682 868 2727 et
880 2673 966 2738 larilr,
982 2674 1099 2744 iitipnaa,
1116 2690 1149 2730 eo

357 2759 429 2828 prrorl
443 2760 475 2813 de
489 2758 547 2828 ejus
560 2761 687 2830 progenie
700 2762 783 2816 exirit
801 2762 902 2827 zamri,
918 2779 963 2833 qia
975 2780 1036 2819 curm
1059 2773 1149 2819 srorto

358 2849 501 2905 lladianite
511 2865 626 2920 peccans
640 2867 655 2904 a
668 2851 769 2907 Phinee
779 2853 919 2909 sacerdote
930 2863 1083 2924 peremptus
1096 2864 1147 2910 cst.

358 2942 469 2999 lachim
491 2944 518 2997 ia
533 2942 630 2998 Genesi
645 2944 775 3014 scriptum
794 2946 853 3013 est(
862 2946 931 2999 lbid.
941 2948 968 3014 ),
984 2947 1054 3016 quui
1066 2947 1149 3001 inter·

358 3044 481 3105 prctatur
500 3038 658 3105 praeparatio
674 3056 680 3090 :
696 3037 722 3090 in
746 3037 967 3108 Paralipomenon
989 3054 1054 3094 vero
1078 3040 1148 3094 idem

358 3126 512 3180 rnrraiaatnr
526 3125 604 3186 Zara.
622 3127 692 3196 arroal
707 3127 902 3199 interpretatur
915 3139 997 3184 ortus.
1014 3129 1077 3184 Saul
1090 3130 1149 3201 qni-

358 3219 430 3282 dem,
444 3233 522 3288 quem
538 3220 632 3273 collem
647 3220 756 3275 nomine
775 3220 802 3274 iu
820 3229 935 3291 utroque
949 3221 1017 3277 libro
1027 3236 1147 3278 comme-

357 3321 454 3372 morat,
475 3311 577 3367 sedhic
591 3311 675 3365 tilium
689 3310 875 3367 Chananitidis
898 3322 978 3380 tacet,
1004 3322 1032 3369 et
1054 3314 1148 3369 ricini-

357 3410 413 3457 tntc
427 3402 538 3456 fraterni
551 3401 667 3455 nominis
678 3416 710 3454 ex
721 3401 801 3467 Zara,
811 3403 857 3472 qtri
870 3404 978 3473 interpr.
991 3414 1063 3460 tatur
1074 3414 1146 3459 ortas

356 3491 477 3545 decorus.

394 3578 504 3635 Fratres
518 3590 603 3636 autem
615 3583 671 3652 ejrrs
684 3600 735 3637 aaa
747 3584 893 3637 babuerunt
906 3582 976 3651 [ilios
992 3583 1086 3637 multon
1103 3593 1148 3637 :et

1200 2754 1237 2808 ibi
1251 2755 1337 2824 gratia
1353 2756 1483 2825 spiritalis
1502 2758 1572 2811 douo
1586 2757 1632 2812 bet
1656 2759 1842 2827 copiosissime
1864 2760 1995 2815 abundat„

1199 2844 1275 2911 Qtrod
1288 2854 1377 2900 antem
1390 2846 1455 2901 dicit
1469 2864 1475 2900 :
1489 2846 1521 2901 ln
1535 2864 1587 2917 aua
1603 2858 1663 2902 ante
1675 2849 1858 2904 dubitauerunt
1868 2849 1903 2905 de
1916 2851 1998 2924 stirpe

1200 2936 1294 3002 Ciam,
1310 2937 1444 3006 significat
1459 2939 1657 2994 nurltitudinem
1676 2942 1796 3011 gentium
1813 2943 1846 2998 de
1859 2941 1995 2999 idolorum

1200 3025 1305 3080 culutra
1321 3027 1419 3082 ibidem
1434 3028 1609 3096 cortiluxissc,
1624 3040 1654 3085 ut
1670 3032 1806 3088 uniusllei
1825 3034 1884 3089 reri
1905 3043 1996 3091 essent

1200 3118 1327 3180 cultores,
1339 3121 1401 3189 arria
1417 3130 1496 3176 antea
1515 3123 1651 3178 rariorum
1670 3125 1797 3179 vitiorum
1812 3124 1925 3182 luerunt
1939 3141 1996 3182 ser·

1199 3210 1310 3265 vitores.
1328 3211 1364 3266 lli
1380 3224 1502 3267 uenerunt
1521 3216 1548 3268 in
1571 3215 1661 3269 diebus
1686 3215 1807 3271 Esrcbire
1825 3218 1894 3289 repis
1911 3218 1994 3283 luda,

1200 3302 1250 3357 hoc
1265 3312 1316 3367 est,
1334 3302 1360 3356 in
1376 3312 1496 3372 tempore
1514 3303 1615 3360 Christi
1636 3306 1786 3362 adrentus:
1802 3309 1856 3378 ipae
1868 3320 1909 3364 αι
1922 3311 1996 3367 euim

1199 3395 1281 3449 uirtus
1296 3394 1344 3449 ller‘
1358 3393 1446 3450 Patris
1459 3394 1490 3466 (l
1503 3392 1564 3450 Cor.
1578 3394 1613 3468 r),
1635 3410 1715 3467 quem
1734 3396 1867 3454 Ezechias
1887 3400 1998 3456 nomine

1163 3472 1251 3540 Csuo
1270 3486 1378 3539 denotat
1394 3503 1401 3551 ;
1422 3487 1615 3555 interpretatur
1633 3488 1705 3541 cuim
1728 3487 1855 3557 fortitudo
1876 3488 1995 3544 Domini.

1201 3574 1438 3647 Pereasacrnatpae
1465 3576 1633 3631 tabernacula
1668 3593 1758 3631 eornm
1781 3587 1806 3631 et
1834 3579 1997 3635 habitatores

359 3671 1065 3743 urateraaropuutiononpotuitadaepuoresummam
1079 3672 1148 3741 filio·
1197 3668 1242 3737 qui
1268 3668 1363 3721 irttrrttr'
1390 3668 1495 3736 [sternat
1524 3668 1570 3734 ibi,
1591 3678 1615 3722 et
1643 3667 1846 3723 delerrrunreos
1869 3687 1952 3741 usqae
1969 3672 1996 3724 irs

359 3778 417 3816 ram
438 3759 521 3817 Juda.
539 3761 708 3818 Martisestnrn
724 3772 765 3818 est
780 3762 890 3817 Simeon
906 3778 959 3816 non
977 3771 1080 3817 tantum
1099 3762 1148 3816 ha-
1198 3768 1349 3826 pru’scuteut
1360 3758 1439 3811 dt'ctrt.
1452 3757 1572 3813 Perartit
1585 3758 1996 3830 unnsquisquefidelislulterna·

358 3856 422 3911 bere
438 3852 1057 3924 icctrnditatissobolisquantumhabuitludas.
1073 3854 1149 3910 Unde
1198 3848 1258 3903 cula
1283 3849 1426 3917 impiorum
1439 3858 1467 3903 et
1480 3849 1648 3904 habitatores
1667 3864 1760 3904 eorum
1782 3851 1892 3920 artando
1915 3853 1995 3908 uine-

357 3953 384 3999 et
397 3945 423 3998 in
438 3943 507 3999 libro
517 3942 580 3999 lesu
592 3943 666 3999 Nave
680 3943 761 4015 (Cap.
777 3943 856 4013 ιιι),
869 3943 967 3997 dicitur
978 3941 1086 3998 Simeon
1101 3958 1149 4013 pcr
1198 3959 1262 4012 parts
1276 3943 1433 4011 impietatem
1447 3952 1470 3996 rt
1486 3942 1626 3997 surraiarin
1642 3944 1772 3998 desideria
1794 3942 1864 4014 (Tit.
1886 3960 1905 3999 ιι
1920 3943 1929 4017 )
1948 3959 1996 4015 per

358 4035 531 4105 cognationes
550 4050 613 4089 siras
634 4036 771 4104 accepisse
797 4033 982 4090 haereditatem
1010 4035 1036 4086 ia
1061 4034 1148 4087 medio
1198 4033 1297 4088 Christi
1312 4034 1474 4102 baptismum
1490 4035 1622 4089 acrrnctis
1632 4034 1755 4090 sordibus
1766 4035 1886 4090 abluitur
1897 4049 1994 4106 peeca-

356 4125 534 4199 possessionis
548 4125 664 4180 liliorum
679 4122 757 4178 luda.
1199 4139 1298 4193 terrun,
1311 4129 1538 4198 sicquedeinceps
1548 4143 1596 4199 per
1606 4130 1719 4201 gratiam
1728 4126 1785 4195 ejus
1795 4130 1887 4184 studet
1897 4129 1993 4193 sobrie,

395 4216 583 4271 llabitneerunt
598 4225 685 4269 autent
708 4217 736 4269 ia
757 4214 884 4269 Bersabee
896 4223 920 4267 et
932 4211 1039 4267 Molaria
1052 4222 1075 4266 et
1092 4211 1148 4266 lla·
1194 4222 1266 4290 juste
1278 4231 1302 4275 er
1315 4222 1357 4292 pie
1368 4224 1449 4277 riam
1468 4224 1495 4275 in
1520 4222 1568 4276 ime
1588 4222 1695 4287 amcino,
1710 4232 1862 4291 exspectans
1891 4231 1991 4276 pentura

357 4305 490 4372 isslidllsslr
502 4314 554 4361 0²0·
570 4304 617 4359 ¹¹³3
628 4306 752 4361 ciuitates
763 4320 796 4359 ⁰¹
811 4306 929 4359 unanima
945 4312 1023 4375 Piste
1042 4305 1074 4357 ad
1086 4319 1147 4373 PPS·
1198 4333 1268 4385 spem
1282 4325 1305 4369 et
1316 4316 1454 4369 adrentum
1467 4314 1558 4384 plurim
1572 4315 1660 4385 araprri
1681 4313 1730 4367 Dei
1743 4323 1766 4367 et
1781 4307 1928 4369 Saloutaria
1946 4328 1993 4367 tsc-

356 4399 504 4455 sessionem
517 4399 604 4453 “illus
614 4396 682 4451 ³⁰0³
695 4397 874 4466 Pisillll'hissi·
889 4395 965 4462 0⁰⁰¹]
980 4404 1069 4449 ²⁰¹0OE
1089 4396 1149 4450 sah-
1198 4408 1246 4460 atri
1257 4405 1321 4459 lesu
1334 4403 1432 4459 Christi
1446 4406 1511 4475 ,ptri
1525 4405 1595 4459 dedit
1607 4405 1771 4474 snmripmm
1788 4421 1836 4474 pru
1860 4405 1944 4470 nobis,
1964 4413 1992 4456 ιιι

352 4492 475 4565 jatrrgitur
488 4511 494 4544 :
1199 4497 1334 4551 redimeret
1342 4514 1388 4549 nos
1399 4495 1509 4548 abomni
1516 4496 1693 4565 iniquitaten
1706 4493 1902 4548 arandaretsibr'
1911 4509 1992 4564 popr-

393 4583 443 4638 llre
461 4583 576 4637 ciuitates
589 4598 678 4636 eoram
694 4598 775 4653 usqne
785 4582 820 4635 ud
838 4598 920 4651 renem
942 4580 1035 4634 bansta.
1052 4578 1149 4635 usun-
1199 4587 1252 4640 lam
1266 4586 1456 4652 acceptabilem,
1468 4596 1621 4639 sectatorem
1629 4584 1754 4637 benorum
1767 4583 1989 4656 operamilbid.).

357 4674 396 4728 dit
409 4674 482 4744 quod
497 4673 601 4744 Siccleg
613 4681 640 4727 el
654 4672 799 4738 Bersabee,
812 4687 872 4741 (11¹ae
886 4670 973 4725 ilibus
989 4668 1063 4723 ³¹¹⁶ae
1088 4668 1146 4723 sue·
1199 4680 1235 4733 lta
1248 4692 1312 4746 ergo
1331 4677 1376 4731 iret
1394 4678 1456 4730 illml
1475 4678 1545 4746 qarod
1560 4676 1689 4746 seriptum
1707 4684 1766 4731 est:
1779 4675 1815 4730 Et
1827 4677 1877 4730 erit
1894 4677 1921 4731 ia
1936 4675 1992 4731 lero

357 4774 428 4832 runt,
440 4776 493 4821 eta
505 4766 576 4820 tribu
587 4766 696 4819 Simeon
708 4765 807 4818 inrasae
819 4764 882 4828 sint,
895 4779 910 4816 a
924 4762 1005 4817 llarid
1019 4763 1106 4818 denuo
1122 4761 1147 4815 in
1199 4771 1244 4824 pai
1259 4770 1356 4822 niciam
1373 4779 1422 4832 prr,
1447 4766 1507 4822 Νοη
1534 4768 1604 4837 plens
1616 4783 1673 4821 mea
1691 4783 1745 4832 aas,
1773 4766 1811 4820 ior·
1831 4766 1993 4821 naeniam

355 4860 498 4930 pristinam
512 4857 587 4913 landae
598 4858 737 4912 redierunt
748 4857 943 4911 haereditatem.
968 4905 974 4912 .
1198 4860 1247 4927 pn't
1266 4860 1314 4913 Dei
1332 4860 1448 4913 cirratis.

392 4950 427 5003 Et
443 4950 557 5003 uniuersi
567 4947 644 5001 ciculi
657 4964 746 5002 eorum
760 4946 952 5014 percircuitum
966 4946 1097 4999 ciuitatum
1110 4946 1146 4999 is·

355 5050 442 5094 tarum
458 5056 539 5110 usaue
552 5038 586 5091 ud
598 5036 675 5102 Paul,
687 5045 739 5091 etc.
752 5035 814 5089 llaal
827 5036 882 5105 ipse
892 5043 935 5090 est
944 5035 1018 5090 heus
1029 5037 1072 5105 qui
1083 5036 1145 5090 alibi

356 5129 513 5186 Curiacbhul
534 5130 673 5194 scribitur,
695 5128 727 5183 de
749 5143 802 5197 quo
824 5127 948 5197 saperius
969 5128 1070 5183 dictum
1093 5135 1144 5181 est.

355 5220 431 5287 Quod
445 5230 535 5275 autern
553 5221 667 5275 diritur:

391 5311 440 5365 lati
451 5320 511 5364 sant
527 5312 653 5364 nominati
675 5311 805 5381 principes
820 5312 846 5364 ia
858 5310 1055 5379 ropaationibns
1079 5312 1143 5374 saie,

354 5413 379 5457 et
393 5403 421 5456 in
433 5403 512 5456 danto
525 5402 685 5472 affinitatum
697 5418 805 5455 suarum
821 5401 987 5471 nrultiplieuti
1000 5410 1059 5454 sarit
1073 5401 1146 5454 ealre-

354 5504 464 5548 nrcmer.
478 5493 511 5547 lt't
523 5494 633 5563 proiecti
646 5504 704 5546 sunt
720 5503 748 5548 ut
760 5494 956 5564 inpredercntur
967 5492 994 5546 ia
1004 5490 1093 5546 Gndor
1103 5510 1146 5546 ur-

353 5603 402 5654 auc
416 5585 451 5639 ad
465 5585 589 5639 orierrtent
602 5584 687 5650 antlia,
699 5594 722 5638 et
736 5595 764 5637 nt
778 5593 923 5655 arrarereat
940 5600 1038 5654 pererra
1060 5584 1145 5653 prepi-

354 5680 401 5732 bus
416 5678 480 5732 stris.
497 5677 704 5748 inveneruntque
724 5693 835 5746 pascuus
857 5675 947 5729 uberes
968 5683 992 5727 et
1011 5672 1084 5727 ualde
1100 5676 1144 5726 ba-

1234 4952 1272 5006 lle
1285 4951 1349 5020 filiis
1362 4966 1463 5021 quaque
1482 4947 1588 5003 Simeon
1610 4949 1730 5002 abierunt
1755 4947 1782 5001 ia
1799 4957 1911 5003 uomens
1934 4944 1992 5003 Scir

1195 5045 1246 5097 riri
1262 5042 1403 5114 quirrpcuti,
1421 5040 1542 5093 laudentes
1563 5040 1691 5109 principes
1719 5035 1852 5091 Piraitium
1876 5045 1901 5092 et
1915 5036 1990 5092 Nas-

1197 5134 1263 5186 riant
1286 5143 1309 5185 et
1333 5129 1478 5197 llaplraiam
1496 5137 1519 5180 et
1545 5125 1620 5181 Osiel
1639 5125 1707 5196 filios
1731 5125 1786 5180 lesi
1801 5140 1811 5179 .·
1824 5135 1849 5179 et
1858 5142 1990 5197 percusse·

1198 5234 1257 5277 rnrn
1278 5222 1399 5292 reiiqrn'as
1413 5234 1471 5288 artu
1486 5218 1593 5272 eundae
1611 5213 1989 5287 patuerunt,1intaleeiturrrrtt,

1196 5324 1219 5364 et
1234 5310 1413 5363 tratn'rnnrmu
1429 5308 1464 5359 idi
1478 5324 1525 5377 pro
1537 5306 1573 5359 eir
1588 5321 1668 5376 rrsqrre
1681 5305 1708 5356 ia
1726 5304 1796 5356 diem
1820 5302 1900 5357 bunc.
1922 5303 1990 5371 Quid

1196 5414 1245 5467 per
1260 5398 1420 5467 attingentes
1439 5396 1521 5459 viros,
1542 5395 1592 5448 nisi
1613 5403 1704 5463 patres
1726 5390 1793 5447 Nori
1821 5391 1989 5448 Testamenti

1197 5485 1430 5557 designanturilli
1443 5501 1507 5556 crgo
1523 5484 1647 5539 abierunt
1669 5484 1695 5538 iu
1720 5490 1839 5537 montem
1865 5481 1938 5548 Scir,
1963 5491 1987 5538 et

1197 5585 1386 5647 pernumerant
1402 5576 1529 5646 reliquias
1553 5575 1778 5640 hararlccitaram3
1803 5572 1870 5643 qttia
1893 5587 1976 5643 super

1197 5666 1269 5721 latam
1285 5667 1364 5737 hujus
1378 5667 1470 5720 narrrdi
1484 5666 1684 5731 contrahentes,
1696 5660 1897 5718 deformitatem
1908 5663 1989 5718 ritio-

354 5785 412 5833 nus,
427 5766 724 5822 ettrrrnmlatr'arimam
745 5775 769 5820 et
789 5766 902 5834 quietam
926 5773 950 5817 et
975 5761 1095 5831 pestilera,
1119 5763 1145 5814 ia
1198 5758 1455 5827 ramopprinrcndo,
1480 5758 1656 5827 malignorum
1680 5755 1823 5824 spirituum
1849 5753 1988 5824 reliquias,

353 5877 405 5928 aaa
417 5870 478 5915 ante
490 5859 672 5914 dubitauerunt
683 5857 715 5911 de
726 5858 805 5927 stirpe
819 5853 912 5910 Citam.
929 5851 966 5907 tlt
987 5867 1048 5922 erpa
1071 5867 1145 5905 reae·
1198 5849 1313 5918 Spiritus
1328 5850 1411 5904 saneti
1425 5850 1512 5921 gratia
1528 5850 1654 5912 donante,
1667 5845 1859 5916 comprimunt
1879 5845 1911 5904 lli
1925 5860 1990 5916 ergo

355 5963 427 6016 runt,
442 5969 506 6023 quos
519 5968 599 6022 snpra
623 5949 807 6020 descripsimus
830 5948 998 6008 nontinatim,
1016 5945 1041 5997 in
1055 5942 1144 5997 diebus
1195 5948 1311 6010 rpratnor
1325 5940 1490 6012 principibus
1514 5938 1657 5994 sustentati
1677 5951 1739 5992 csse
1760 5935 1911 5992 dicuntur}
1926 5936 1989 6009 quia

357 6040 476 6095 Esrrlrirr
498 6043 564 6109 repis
578 6041 651 6096 lana
672 6051 695 6095 et
717 6048 896 6110 percusserant
920 6033 1088 6091 tabernacula
1103 6050 1143 6087 eo·
1196 6030 1348 6101 crarrgcliea
1359 6029 1620 6085 doctrinarcraciter
1634 6025 1769 6089 instructi,
1780 6023 1989 6095 spiritualem·
