4709 6767
405 529 460 589 ast
837 527 1015 586 combutta.
1033 531 1068 585 ti
1086 528 1394 588 ncctstjsmsricmt.
1413 558 1448 572 -
1465 530 1529 586 titt.
1551 528 1594 587 i'l.
1810 533 1812 537 ’
1991 539 2044 597 933

398 650 496 703 vitreas
508 641 639 716 appellat,
665 640 728 711 quia
747 641 773 695 in
795 642 933 697 vincarum
947 657 1049 698 morem
1063 641 1197 698 estotinn·
1211 648 1234 705 Α
1248 642 1346 706 ctrina,
1360 649 1388 697 et
1406 643 1441 696 ab
1455 644 1529 698 omni
1547 644 1737 699 hereticorum
1753 645 1858 700 narnia
1874 647 1972 714 aliena,
1983 668 2044 720 quas

398 748 455 803 tur,
473 751 535 807 qnae
548 734 607 789 sine
625 732 797 788 adminiculis
813 734 909 803 seipsa
932 734 1078 797 sustinent,
1099 733 1198 802 quippe
1249 747 1388 787 sacrarum
1404 733 1535 788 virtutum
1551 735 1662 789 odorem
1678 736 1791 799 redolet,
1804 755 1836 791 ae
1857 740 1972 808 gratiam
1984 742 2046 812 Spi

397 830 448 885 riti
462 828 610 885 similiores
620 840 701 896 quam
720 832 820 895 myrto,
831 836 962 895 perpetua
977 842 1056 882 coma
1077 827 1198 897 insignes
1249 823 1317 879 ritus
1327 824 1414 879 saneti
1427 824 1546 881 bdelium
1559 828 1694 883 mentibus
1709 828 1835 884 inluniiit.

397 918 550 991 proceritas
571 916 644 971 intra
658 915 720 970 bina
735 915 827 971 cubita
848 916 991 982 subsistit,
1020 932 1112 972 semen
1135 918 1197 972 vitto
1285 914 1367 986 «ligo
1391 917 1466 984 quasi
1485 917 1654 972 terebinthus
1677 919 1787 973 extendi
1813 937 1904 977 ranms
1930 940 2041 981 titensa

395 1010 554 1083 proximum
579 1014 682 1079 gustu,
707 1007 798 1063 colore
827 1006 940 1071 ruinm,
967 1008 1197 1063 rautnserassior
1248 1003 1429 1061 Terebintbus
1451 997 1541 1081 ''urbor
1560 1018 1602 1063 est
1619 1008 1743 1064 cnecon
1758 1013 1983 1082 italiensium,
1998 1033 2046 1088 ge·

395 1117 480 1173 quarn
492 1107 592 1171 myrto,
604 1113 665 1168 quae
677 1106 753 1154 tierto
771 1098 835 1152 anni
851 1105 972 1168 ternpore
983 1098 1132 1152 balsamum
1147 1114 1195 1152 su·
1247 1111 1347 1152 necans
1362 1100 1480 1155 resinam
1503 1101 1624 1154 ornnium
1643 1102 1793 1157 resinarum
1816 1107 2042 1173 praesctntiorem.

395 1191 533 1257 dant‚scd
548 1198 575 1246 et
588 1189 715 1261 agricolae
727 1189 842 1261 virgulta
857 1204 951 1244 corum
966 1189 1054 1244 acutis
1062 1189 1196 1259 lapidibus
1246 1186 1284 1242 be
1300 1188 1452 1244 terebintho
1477 1200 1567 1245 autern
1593 1190 1696 1246 Plinius
1720 1195 1855 1249 secundus
1878 1196 1915 1251 ita
1937 1197 2042 1254 reiert:

396 1285 455 1339 sire
473 1282 561 1339 osseis
575 1281 663 1338 solent
677 1280 797 1336 incidere
806 1280 934 1346 cultellis,
950 1296 1013 1335 narn
1025 1279 1092 1336 ierri
1105 1289 1195 1337 tactus
1250 1296 1259 1329 ι
1278 1277 1357 1350 Syria
1380 1280 1563 1336 terebinthum
1587 1283 1678 1337 babet.
1702 1283 1741 1338 Ex
1759 1284 1802 1339 iris
1829 1288 1957 1343 mannia
1983 1290 2044 1345 sino

396 1375 480 1430 iniit.
504 1374 557 1430 Per
585 1387 654 1442 quas
678 1371 823 1427 incisiones
847 1379 957 1427 emarrat
978 1386 1075 1428 succus
1103 1372 1195 1428 odoris
1245 1371 1344 1438 lructu,
1357 1371 1517 1427 laminarum
1535 1375 1589 1428 duo
1609 1389 1708 1445 genera
1733 1384 1806 1431 stitit.
1827 1378 1913 1434 Alteri
1937 1379 2043 1450 iructus

395 1464 501 1532 eximii,
516 1474 544 1521 et
562 1463 690 1535 lacrymis
703 1462 815 1534 pulebre
829 1464 996 1529 rorantibus,
1014 1471 1145 1535 exceptus
1156 1464 1194 1519 ia·
1245 1462 1334 1528 rubet,
1351 1462 1431 1518 lentis
1446 1464 1646 1533 niagnitndine;
1663 1465 1740 1520 alteri
1764 1466 1890 1535 pallidus,
1902 1485 1965 1525 euru
1988 1472 2043 1526 tite

395 1558 440 1613 nis
457 1571 542 1627 parra
552 1556 687 1626 colligitur
703 1557 729 1609 in
743 1571 855 1621 cortina,
871 1555 942 1625 quod
959 1557 1022 1627 quia
1039 1572 1089 1627 per
1100 1570 1194 1612 caver·
1244 1554 1413 1618 maturescit,
1429 1569 1482 1609 non
1494 1554 1623 1625 grandior
1638 1553 1711 1620 laba,
1727 1554 1972 1625 odorejucundior,
1987 1568 2042 1615 tra·

396 1663 461 1705 nam
473 1646 590 1720 prciluat
604 1646 714 1702 corticis
727 1646 835 1718 saepius,
849 1647 1054 1716 opobalsamum
1066 1648 1191 1702 nomina·
1243 1657 1288 1703 ctu
1299 1648 1435 1704 sinuosus.
1449 1646 1529 1702 Circa
1549 1647 1623 1701 idam
1634 1647 1758 1713 Troadis,
1774 1650 1822 1704 sed
1838 1649 1865 1703 in
1884 1650 2041 1708 biaccdonia

396 1749 461 1802 tur;
476 1752 527 1807 ope
550 1737 635 1802 enirn,
650 1748 679 1793 ut
691 1736 820 1802 diximus,
837 1737 931 1793 Graece
948 1752 1065 1793 caverna
1085 1754 1191 1795 nuncu-
1242 1738 1424 1795 brevisarbor
1437 1739 1495 1793 banc
1505 1747 1586 1807 atque
1602 1737 1751 1795 fructuosa.
1763 1740 1792 1794 in
1805 1741 1937 1797 Damasco
1951 1741 2040 1813 Syriae

395 1836 493 1898 patur3
511 1827 734 1898 singulammque
745 1828 873 1884 arborum
885 1827 986 1899 largior
998 1845 1067 1884 retra
1082 1839 1123 1885 ter
1135 1846 1192 1886 oue
1243 1850 1339 1906 magna
1366 1834 1494 1889 tnateries
1518 1843 1546 1889 et
1562 1834 1708 1890 adalradum
1732 1834 1804 1890 lenta
1827 1850 1860 1891 ac
1876 1835 2039 1906 splendens,

395 1922 477 1977 nibus
497 1925 648 1992 percutitur
661 1922 792 1978 astibus:
807 1923 943 1992 praecipua
957 1930 1047 1979 autem
1063 1922 1191 1993 lacrymae
1242 1926 1291 1982 iios
1310 1942 1466 1983 racemosus
1476 1927 1554 1981 oltra
1568 1927 1659 1992 modo,
1674 1928 1721 1982 seri
1736 1929 1846 1993 rubens,
1858 1927 1920 1984 iolia
1933 1931 2038 1999 densa,-

394 2014 495 2085 gratia‚
511 2014 628 2069 secrrtma
645 2013 752 2078 scabini,
770 2014 849 2068 tertia
862 2014 968 2076 cortici,
984 2015 1095 2069 minima
1106 2014 1188 2085 ligno.
1206 1996 1296 2071 Bieri
1308 2025 1336 2072 et
1355 2014 1489 2071 lollienios
1514 2017 1671 2072 emittentes
1688 2017 1812 2086 quadam
1840 2018 1968 2076 animalia
1988 2034 2039 2074 ceu

394 2106 462 2175 Qum
477 2115 575 2163 cuneta
589 2106 762 2178 iiedemptnri
775 2117 879 2174 nostro,
896 2107 919 2162 si
941 2107 1056 2163 sollicite
1066 2108 1191 2163 consida-
1241 2107 1351 2173 culices,
1364 2107 1503 2175 leviorque
1524 2107 1614 2161 resina
1637 2122 1697 2177 quae
1722 2122 1755 2161 ex
1770 2108 1871 2163 cortice
1883 2109 2010 2179 erumpit.
2025 2131 2035 2161 ι

394 2205 506 2261 rantur,
521 2195 660 2267 aptissime
673 2197 845 2262 cotrreniunt,
860 2197 906 2267 qai
926 2196 1037 2253 hontilis
1050 2198 1077 2251 in
1095 2213 1189 2263 carne,
1240 2198 1349 2266 Eiquid
1372 2213 1423 2267 per
1442 2198 1625 2253 terebinthum
1648 2198 1701 2253 nisi
1715 2199 1843 2254 Ecclesia
1864 2208 1953 2256 status
1969 2200 2039 2271 figu-

392 2288 442 2343 sed
457 2286 551 2357 plenus
564 2288 659 2358 gratim
680 2298 709 2343 et
730 2288 839 2345 uirtutis
861 2304 994 2361 apparens
1008 2308 1018 2341 t
1033 2290 1191 2347 ruirteratus
1241 2298 1327 2352 ratur,
1341 2303 1402 2359 quar
1414 2303 1463 2357 per
1485 2296 1571 2344 toturn
1593 2290 1687 2344 orbem
1709 2290 1977 2346 terrarutnertcndit
1992 2308 2036 2346 ra·

392 2386 555 2449 estpropter
566 2378 723 2449 iniquitates
734 2388 851 2447 nostras,
864 2396 914 2436 rae
924 2381 959 2438 de
969 2381 1025 2437 suis
1033 2381 1189 2439 vulneribus
1240 2398 1299 2437 mos
1312 2380 1392 2436 suosi
1414 2380 1478 2451 quia
1500 2395 1548 2450 ρει
1574 2381 1795 2450 praedicationem
1822 2382 1962 2454 Evangelii
1986 2398 2037 2454 per

391 2469 456 2525 rite
463 2468 678 2527 nobiaetsalntie
685 2469 989 2542 sacramenta'proiudit.
999 2469 1075 2527 Unde
1083 2478 1111 2528 et
1118 2471 1188 2542 ipsc,
1237 2472 1357 2541 singuias
1374 2479 1468 2541 gentes
1482 2486 1574 2527 ramos
1588 2470 1649 2526 idei
1664 2472 1809 2540 expandit,
1833 2480 1862 2526 et
1873 2472 1971 2527 dilatat
1996 2472 2036 2528 lo·

391 2559 440 2629 qui
454 2560 542 2616 uirtus
556 2569 583 2617 et
595 2561 726 2632 sapientia
742 2562 790 2617 bet
804 2570 856 2628 est,
867 2562 988 2633 loquitur
1007 2563 1034 2618 in
1057 2564 1186 2633 praesenti
1238 2580 1301 2621 cunt
1319 2563 1497 2621 habitationis
1516 2578 1587 2629 suam
1610 2562 1654 2619 cui
1666 2564 1716 2618 sub
1730 2563 1783 2617 aiia
1797 2562 1974 2619 similitudine
1986 2578 2036 2634 per

391 2651 605 2710 Ecclesiastirm:
633 2662 692 2709 tet
709 2656 787 2726 qnasi
814 2654 964 2711 balsamum
993 2672 1047 2711 non
1073 2656 1184 2713 nisam
1239 2656 1339 2711 isaiam
1354 2656 1473 2712 dicitur:
1493 2672 1503 2705 ι
1522 2654 1609 2710 Dilata
1636 2653 1724 2710 locum
1740 2654 1852 2710 tentorii
1873 2655 2034 2726 tui,etpei·

388 2746 460 2801 odor
485 2762 571 2803 meus.
589 2766 600 2800 ι
620 2746 758 2803 ilirandns
786 2762 850 2803 sane
871 2748 938 2803 ordo
963 2748 1128 2814 verborum,
1156 2757 1188 2803 ut
1237 2750 1278 2803 ies
1289 2746 1526 2803 tabernaeuiomm
1535 2753 1640 2801 tuorum
1648 2747 1795 2803 extendere
1807 2760 1841 2803 ne
1852 2761 1964 2817 parcas;
1976 2746 2035 2804 lon·

388 2839 467 2910 prius
478 2853 577 2909 spansa
599 2839 674 2896 dicat
688 2841 864 2895 accumbente
887 2854 951 2910 rege
966 2840 1080 2895 nardum
1106 2854 1185 2895 snam
1236 2855 1285 2910 gos
1296 2838 1342 2895 iae
1360 2838 1495 2895 funiculos
1510 2838 1730 2906 monetarios
1745 2847 1806 2896 tuos
1821 2841 1970 2899 consolida.
1985 2842 2027 2897 Διι

386 2930 502 2986 odorent
525 2928 647 2996 dedisse;
671 2930 768 2987 deinde
791 2931 879 3000 ipsum
908 2929 1038 2987 fasciculo
1065 2933 1185 3002 myrrbae
1235 2930 1374 2985 dexteram
1390 2930 1462 2985 enim
1486 2938 1514 2986 et
1531 2931 1566 2986 ad
1590 2930 1685 2986 laram
1698 2932 1870 3002 penetrabis,
1895 2941 1927 2989 et
1940 2948 2033 2990 sunan

387 3030 544 3092 comparet;
559 3022 640 3078 tertio
662 3023 787 3078 eumdem
806 3023 914 3078 botrum
938 3021 1019 3095 Cypri
1045 3024 1183 3095 cognomi-
1235 3031 1311 3078 tunm
1328 3031 1423 3095 gentes
1434 3022 1656 3090 hereditabit,et
1670 3022 1795 3079 civitates
1819 3024 2033 3081 desertasinba·

386 3122 451 3181 nct3
463 3114 498 3170 ad
512 3113 637 3170 ultimum
658 3114 686 3170 in
710 3114 797 3170 vineis
811 3114 931 3186 Engaddi
955 3130 1017 3171 eunt
1035 3129 1096 3171 esse
1107 3130 1183 3172 com-
1234 3112 1332 3170 bitabit
1346 3113 1415 3186 (lar.
1425 3115 1491 3185 arri.
1507 3134 1517 3166 r
1531 3111 1615 3182 (iulus
1628 3113 1719 3170 resina
1733 3122 1775 3170 est
1794 3116 2032 3184 prestantissima,

385 3214 532 3272 minoret,
549 3206 614 3277 qaia
633 3213 661 3261 et
675 3205 750 3275 priua
767 3206 980 3262 discumbentem
994 3206 1022 3262 in
1036 3221 1113 3263 ecana
1129 3207 1183 3265 Do-
1233 3205 1296 3277 quia
1311 3204 1443 3261 medicina
1456 3204 1539 3270 iliius,
1551 3220 1604 3275 qua
1616 3204 1742 3260 subvenit
1752 3204 1959 3273 egritudinibus
1970 3207 2031 3261 ani-

386 3293 492 3349 tninum
511 3295 609 3350 mulier
629 3295 725 3350 devota
742 3295 828 3352 nardo
843 3293 971 3367 ρειιιιιιι.
985 3294 1087 3352 lieinde
1099 3296 1183 3353 disci·
1233 3311 1351 3363 marum,
1366 3304 1409 3352 est
1418 3295 1540 3367 optima:
1556 3295 1601 3350 cni
1612 3296 1695 3351 etiam
1708 3294 1762 3351 boc
1772 3295 1899 3351 convenit
1911 3296 1984 3366 quod
1997 3297 2033 3352 de

384 3385 444 3457 puli
456 3386 617 3443 mucilixum
632 3402 665 3444 ac
676 3388 860 3458 sepetiendum
872 3389 983 3460 myrrha
1001 3398 1112 3446 unctum
1131 3390 1183 3446 iin—
1195 3359 1335 3462 egeriem
1358 3389 1443 3459 ipsius
1459 3388 1566 3444 arboris
1584 3387 1641 3458 jam
1662 3388 1799 3444 dixinmsa
1815 3390 1879 3461 quia
1904 3388 2032 3445 masculas

385 3476 439 3532 teis
451 3476 641 3543 involverunt,
663 3486 768 3548 etpost
794 3479 852 3534 brec
871 3479 928 3549 ipse
946 3480 1044 3552 gaudio
1062 3496 1184 3538 resurre-
1233 3481 1346 3536 arbores
1371 3479 1431 3534 sine
1453 3478 1542 3534 imctu
1564 3486 1650 3544 sunt,
1678 3477 1841 3534 leminarnm
1859 3486 1950 3534 autem
1976 3480 2032 3534 duo

383 3566 485 3624 ctionis
502 3582 565 3624 mos
580 3569 748 3633 adveniente,
761 3570 893 3641 spiritalia
905 3570 1029 3628 iidelibus·
1044 3572 1114 3628 dona
1127 3572 1184 3629 dis·
1233 3579 1297 3628 sunt
1307 3584 1419 3642 genera,
1432 3584 1548 3640 quorum
1567 3570 1614 3624 uni
1636 3568 1741 3625 iructus
1754 3568 1847 3636 ruber,
1856 3569 1934 3624 alteri
1949 3570 2031 3639 palii-

382 3657 490 3715 tribuit.
507 3658 563 3716 liec
579 3662 798 3731 praetereundum
811 3663 884 3732 quod
897 3663 1018 3736 Engaridi
1041 3662 1182 3721 ionsbaedi
1232 3662 1293 3728 dus,
1309 3677 1372 3718 cum
1391 3663 1446 3717 rite
1473 3661 1642 3727 maturescit,
1661 3662 1725 3732 quia
1748 3660 1784 3717 iili
1798 3661 1844 3731 qui
1863 3676 1913 3731 per
1935 3662 2030 3718 elatio·

382 3751 597 3821 interpretatur,
619 3767 674 3822 quo
688 3754 796 3810 nomine
809 3763 933 3824 patenter
955 3754 1095 3811 lavacrum
1108 3756 1181 3813 sacri
1232 3769 1293 3810 nent
1313 3753 1411 3809 mentis
1428 3752 1547 3822 aliquem
1566 3753 1686 3823 vigorem
1704 3752 1821 3823 propriae
1844 3752 1954 3808 uirtutis
1974 3752 2026 3807 sibi

351 3859 363 3886 ι
381 3838 735 3909 baptismatisnstenditur,
756 3844 783 3897 in
806 3858 860 3914 quo
873 3853 1029 3915 peccatores
1051 3844 1140 3900 adbuc
1153 3855 1182 3900 et
1231 3844 1399 3910 adscribunt,
1410 3846 1470 3899 sine
1480 3843 1569 3899 imetu
1579 3846 1710 3898 virtutum
1723 3843 1860 3908 existunt;
1876 3844 1923 3912 qui
1937 3852 2027 3898 autem

380 3930 495 3986 sinistra
507 3938 585 4000 parte
597 3932 670 4001 digni
685 3932 885 3999 descendimus,
900 3935 947 3990 sed
958 3932 1015 4002 jam
1031 3935 1152 3990 mundati
1164 3950 1181 3991 a
1231 3935 1416 3991 iniirmitatem
1431 3950 1508 3990 suam
1532 3941 1710 4005 agnoscentes
1722 3940 1806 3986 totam
1818 3946 1893 4001 spem
1906 3946 1985 3986 suam
1998 3932 2026 3986 in

380 4028 557 4092 peecatorum
572 4019 694 4077 inditate
704 4033 785 4093 atquc
799 4022 825 4077 in
839 4039 970 4095 agnorum
981 4039 1094 4080 numero
1106 4040 1181 4081 eom·
1230 4040 1309 4096 opera
1322 4035 1349 4079 et
1364 4010 1479 4095 gratiam
1491 4023 1533 4078 eui
1543 4022 1692 4079 corrditoris
1714 4029 1828 4091 ponam,
1842 4020 1870 4075 bi
1895 4020 2026 4075 nimirum

379 4110 496 4181 putandi
507 4111 688 4167 ascendimus.
702 4111 735 4165 Et
746 4113 814 4167 benc
824 4128 886 4180 cpm
898 4111 1020 4168 laetitiam
1031 4113 1179 4171 Dominicte
1230 4123 1277 4171 aut
1290 4113 1408 4171 iructum
1420 4114 1543 4185 martyrii
1564 4128 1613 4183 per
1635 4112 1807 4167 tolerantiam
1827 4110 1961 4180 passionis
1975 4125 2026 4165 ex·

380 4203 592 4258 resurrectionis
613 4203 779 4275 significaret
799 4204 931 4261 dicendo:
948 4225 957 4257 ι
975 4204 1074 4261 Botrus
1096 4204 1178 4276 Cypri
1229 4207 1351 4278 quirunt,
1366 4214 1411 4259 aut
1425 4220 1474 4275 per
1488 4203 1682 4260 continentiam
1705 4210 1734 4257 et
1752 4200 1914 4257 munditiam
1935 4201 2026 4256 cordis

379 4294 498 4352 dilectus
510 4310 587 4351 meus
610 4297 688 4362 mibi,
703 4316 713 4349 i
729 4297 833 4353 addidit
856 4298 995 4364 continuo,
1012 4317 1021 4350 t
1040 4300 1068 4353 in
1092 4299 1178 4354 eineis
1229 4305 1310 4366 atque
1330 4298 1452 4366 eorporis
1466 4293 1584 4366 speciale
1609 4292 1749 4364 praemium
1772 4293 1800 4348 in
1821 4292 1925 4348 coelcsti
1939 4307 2025 4363 regno

379 4386 516 4457 Engaddi,
532 4406 542 4439 ι
555 4386 582 4442 id
596 4397 648 4454 est,
661 4387 782 4444 lontibus
794 4388 876 4455 badi,
888 4390 961 4459 quod
970 4398 1013 4445 est
1029 4399 1123 4461 aperte
1135 4390 1174 4446 di·
1227 4402 1290 4443 curn
1311 4403 1381 4459 agno
1397 4386 1584 4457 possidebunt,
1595 4386 1796 4455 cantabuntque
1806 4384 1943 4440 caudeam
1957 4384 2025 4441 ibud

378 4492 446 4536 cere
463 4478 489 4533 in
510 4479 776 4551 donisspiritaiibus‚
791 4496 851 4551 quaa
867 4497 900 4537 ex
915 4490 1036 4553 tempore
1049 4482 1175 4553 baptismi
1227 4483 1301 4552 quod
1323 4482 1351 4537 in
1370 4480 1531 4551 Apocalypsi
1553 4486 1740 4535 memorantur
1760 4485 1887 4534 cantasse
1913 4485 2023 4533 ceritum

379 4568 704 4626 iideiibasconieruntur.
726 4571 862 4629 iiactenus
882 4572 1004 4629 Ecclesia
1024 4588 1040 4628 a
1062 4572 1176 4629 Redem-
1227 4574 1406 4647 quadraginta
1425 4584 1542 4644 quamor
1568 4571 1652 4628 miliia
1671 4571 1717 4641 qui
1731 4571 1841 4627 stabant
1865 4584 1928 4625 eum
1951 4584 2024 4641 agno

378 4668 460 4731 ptore
472 4661 636 4730 suoaccepit
659 4662 740 4728 dona,
755 4676 816 4732 quac
839 4660 992 4721 dilectionis
1011 4664 1123 4736 pignora
1136 4673 1175 4722 to·
1227 4678 1309 4735 supra
1328 4662 1547 4720 monteursino:
1568 4681 1577 4714 ι
1596 4662 1631 4719 ιιι
1643 4677 1723 4719 nemo
1739 4660 1950 4733 poteratdioere
1957 4675 2022 4718 can-

377 4763 478 4811 etaim.
507 4755 579 4812 Bene
600 4771 665 4828 ergo
690 4757 757 4813 dicit
781 4757 920 4829 Sapientia
940 4759 1046 4823 divina,
1064 4760 1174 4829 «Quasi
1228 4754 1405 4819 dcunriiiad,
1433 4753 1487 4810 nisi
1510 4754 1555 4809 ilia
1571 4763 1679 4810 centum
1700 4752 1882 4824 quadraginta
1903 4763 2021 4823 quatuor

377 4845 532 4901 balsamum
556 4861 610 4901 non
630 4848 741 4904 mistum
762 4850 830 4905 odor
854 4865 941 4917 meus,
962 4870 971 4903 r
986 4852 1051 4923 qaia
1072 4853 1174 4910 nuliam
1228 4850 1323 4915 miliia,
1337 4850 1383 4921 qui
1399 4850 1483 4920 empti
1506 4858 1571 4907 sunt
1582 4851 1616 4907 de
1630 4859 1714 4916 terra,
1724 4849 1771 4920 qui
1784 4864 1845 4905 enat
1860 4848 2021 4909 mulieribus

377 4937 407 4991 in
425 4951 457 4992 se
466 4937 550 4995 babet
561 4939 664 4995 erroris
677 4939 876 5012 contagionem,
890 4941 963 4997 uuila
991 4943 1089 5015 recipit
1104 4959 1172 5003 eon·
1230 4958 1285 4999 aon
1296 4954 1361 4999 sunt
1373 4942 1552 5013 coinquinati,
1564 4952 1591 4999 et
1604 4943 1663 4999 sine
1674 4941 1780 5000 macula
1794 4952 1858 4997 sunt
1867 4949 1932 4997 ante
1944 4937 2022 4997 titroi

375 5027 464 5085 aurtia
477 5029 654 5117 perfidorum,
670 5031 719 5087 ted
741 5046 809 5101 pura
823 5039 853 5087 et
863 5032 969 5089 sincera
993 5033 1052 5105 sins
1074 5035 1175 5091 esado
1227 5050 1293 5092 aura
1304 5035 1455 5108 lieiiipoe.
1467 5034 1535 5106 arr).
1555 5054 1564 5087 r

384 5183 967 5213 Μ
1223 5200 1566 5210 ——--—---.·-...-

999 5340 1147 5418 trinus
1187 5341 1422 5461 suarm

1074 5512 1331 5532 m

641 5589 753 5647 casm
773 5591 916 5647 Piiiiibii.
1230 5612 1239 5643 r
1255 5601 1282 5646 et
1299 5591 1378 5646 ilores
1392 5590 1442 5646 mci
1463 5591 1566 5645 imatus
1581 5591 1692 5646 honoris
1706 5599 1734 5645 ct
1746 5591 1903 5646 honestatis.
1920 5607 1929 5640 ι
1946 5586 2017 5653 Quiri

377 5699 517 5771 Sapientia
534 5706 626 5757 matris
637 5704 733 5773 offerta
750 5704 874 5776 loquitur,
890 5707 956 5759 sicut
969 5706 1004 5760 ibi
1017 5720 1026 5758 .·
1041 5705 1172 5762 Hierusa-
1226 5698 1276 5753 W
1290 5684 1360 5737 '¹³⁰⁰
1371 5684 1452 5736 mem
1468 5682 1518 5736 “3⁵⁵
1540 5683 1597 5752 59⁵⁰
1613 5683 1774 5752 “primitur
1787 5683 1833 5752 (1¹¹i
1852 5683 1879 5734 5¹¹
1895 5680 2016 5748 Evam*

415 5774 479 5836 icm,
493 5772 670 5838 iiicmsaiem,
682 5777 788 5844 quotics
810 5777 881 5831 volni
904 5792 1070 5847 congregare
1086 5777 1173 5847 pallos
1226 5774 1263 5828 iio
1279 5774 1417 5842 discipulis
1428 5775 1485 5829 suis
1498 5773 1553 5827 ait:
1573 5792 1582 5824 r
1603 5772 1658 5843 Ego
1671 5789 1729 5827 snm
1753 5773 1815 5826 ritis
1834 5785 1896 5825 vera
1919 5776 1946 5822 et
1967 5783 2017 5823 vos

414 5851 488 5905 tuos,
502 5845 575 5897 sieut
586 5845 696 5916 gallina.
1225 5867 1351 5937 palmites
1362 5866 1453 5935 (iona.
1466 5867 1527 5935 ιρις
1542 5864 1620 5934 cnjus
1644 5867 1707 5921 ritis
1727 5867 1815 5934 liquor
1837 5862 1954 5917 latificat
1968 5877 2017 5916 cor
2106 5904 2115 5918 .

415 5951 499 6023 ‹Ego
511 5954 588 6022 quasi
602 5956 665 6009 vitis
690 5951 848 6013 iructiircari
883 5959 1042 6013 suavitatem
1065 5960 1171 6022 odoris,
1226 5959 1374 6017 bominum,
1392 5957 1500 6025 quando
1519 5959 1635 6013 bibendo
1650 5957 1807 6025 sangninem
1820 5954 1877 6023 ejns
1897 5954 2014 6025 gaudem

541 6046 679 6107 Parnoi..
711 6047 792 6109 fix.
924 6135 926 6140 .
1724 6046 1763 6103 30
