4709 6767
390 569 435 625 tut
845 563 1021 621 condunt.
1042 563 1077 620 ill
1095 561 1373 620 rtuuttrottssttn.
1393 594 1429 605 -
1447 563 1511 619 utu.
1531 563 1575 620 lli.
1969 569 2024 628 m

390 684 420 742 ad
442 679 523 735 lidem
536 719 546 742 ,
558 676 628 750 ,ejus
648 675 782 732 redundat
801 678 888 747 gratia
908 676 1072 747 potestatis:
1090 685 1119 732 ιιι
1132 676 1177 732 ubi
1191 683 1215 743 Λ
1230 677 1306 742 lium,
1327 676 1391 747 quia
1408 676 1517 747 eosqui
1543 688 1650 732 terrena
1672 686 1830 749 appetentes
1843 680 1872 735 ln
1887 688 1972 737 altum
1992 699 2023 740 se

390 774 510 831 delluuus
523 770 574 825 luit
588 769 739 825 carnalium
753 769 958 835 desideriorum,
973 769 1009 824 ibi
1027 768 1182 823 stabiliatur
1231 768 1335 839 eripere
1345 782 1400 823 non
1412 768 1548 833 valebant,
1562 768 1594 822 ad
1609 767 1801 824 iucunditatem
1813 771 1946 826 bonorum
1959 787 2023 841 npe-

389 867 522 922 bonorum
536 878 648 934 germen
662 862 802 924 uirtutum,
827 869 857 913 ut
879 860 924 914 ubi
950 868 1004 914 tam
1030 859 1182 915 idololatria
1231 874 1292 914 rum
1320 866 1347 914 el
1372 858 1560 914 celsitudinem
1579 860 1702 929 perrexit
1727 861 1868 916 uirtutum.
1900 862 2024 919 Diximus

389 973 469 1028 quam
485 955 567 1010 etiam
582 953 696 1008 scelesta
718 953 927 1007 conversatione
949 951 1182 1024 duplexipopulo-
1231 954 1366 1024 superius,
1381 962 1409 1008 et
1422 968 1494 1007 nunc
1508 953 1602 1007 eadem
1614 953 1850 1008 commemorando
1863 955 2021 1025 repetimus,

389 1063 447 1101 rum
465 1045 517 1099 luit
536 1044 636 1117 ruina;
658 1043 694 1097 ibi
716 1058 766 1112 per
790 1042 988 1098 confessionem
1013 1052 1095 1098 rectae
1118 1041 1181 1097 ildei
1231 1024 1791 1114 quodcedmsa'rborestineomputribilis
1804 1052 1918 1110 naturae,
1930 1045 2023 1101 odoris

388 1151 418 1192 ac
436 1136 541 1191 eultum
555 1150 627 1189 verae
640 1134 760 1204 pietatis,
786 1135 820 1188 ad
836 1134 947 1189 coeleste
979 1149 1090 1203 regnum
1115 1132 1181 1189 lide-
1228 1135 1348 1204 ineundi,
1368 1142 1493 1204 aspectus
1517 1133 1607 1199 nitidi,
1629 1143 1770 1204 serpentes
1789 1149 1903 1189 accensa
1927 1136 2022 1191 nidore

387 1227 451 1281 hum
476 1234 604 1298 exsurgat
625 1225 689 1278 rita.
712 1223 846 1295 Pertingit
869 1225 950 1279 etium
975 1232 1095 1293 potestas
1122 1223 1181 1292 rjus
1232 1224 1328 1297 iurgans
1339 1241 1370 1281 ae
1385 1226 1522 1295 perimens
1538 1241 1618 1294 :qum
1633 1225 1759 1279 universa
1776 1224 1902 1296 perlectis
1913 1226 2023 1295 quibus-

387 1332 467 1388 utque
482 1315 517 1369 ud
530 1316 655 1370 terminos
673 1312 795 1385 rqupti,
809 1315 861 1369 hoc
872 1323 932 1380 est,
949 1330 1034 1383 usque
1051 1314 1085 1368 ad
1104 1322 1181 1369 tene-
1232 1319 1468 1387 presumendum,
1485 1332 1600 1387 quorum
1620 1316 1809 1386 insuperabilis
1823 1325 1865 1371 est
1881 1317 2021 1387 patientia,

387 1406 483 1461 brosas
500 1412 606 1459 mentes
627 1404 794 1469 iusulelium,
810 1419 879 1474 qttas
897 1404 932 1458 ab
954 1419 1048 1480 errore
1069 1419 1182 1459 comter-
1232 1407 1305 1461 iamn
1317 1407 1446 1462 uirtutum
1459 1407 1568 1468 eximia,
1584 1408 1728 1476 pumentia
1749 1408 1854 1462 eunetis
1869 1408 2022 1479 gratissima

387 1505 446 1553 tens
461 1496 564 1551 lumine
582 1511 638 1551 sum
662 1495 747 1564 replet
767 1495 839 1549 fidei.
863 1495 927 1550 lude
942 1496 1070 1565 estquod
1085 1509 1182 1550 eonse—
1231 1500 1320 1565 bonis,
1333 1500 1483 1554 auctoritas
1496 1500 1530 1554 ad
1542 1499 1719 1554 revincendos
1732 1498 1965 1571 confutandosque
1974 1517 2022 1557 eos

388 1599 503 1661 quenter
516 1604 598 1659 supra
623 1596 775 1642 memorato
798 1588 887 1642 versui
906 1589 1038 1658 propheta
1059 1588 1182 1643 annectit
1231 1591 1278 1660 qui
1290 1590 1397 1644 ueritati
1412 1591 1543 1644 resistunt
1564 1589 1796 1653 constantissima,
1810 1590 1856 1658 qui
1874 1599 1901 1644 et
1923 1591 1951 1644 in
1969 1591 2021 1646 hae

388 1679 480 1735 fflcens
499 1700 505 1734 ι
529 1677 624 1733 Corum
648 1678 687 1731 illi
713 1678 848 1748 procident
867 1678 1016 1749 AEtiriopes,
1037 1688 1062 1733 et
1080 1679 1180 1733 inimici
1231 1680 1297 1746 rita,
1311 1688 1338 1735 et
1353 1680 1380 1734 in
1395 1679 1486 1733 lutura
1506 1679 1636 1751 singulari
1651 1679 1826 1750 praecaeteris
1840 1681 1942 1736 sanetis
1955 1680 2024 1737 erui·

387 1772 442 1842 q'ur
463 1780 562 1826 terrum
587 1771 695 1842 linqunt.
723 1770 866 1840 AEtbiopes
886 1779 1042 1840 peccatores
1067 1772 1181 1843 populos
1231 1768 1440 1839 nentiasulgent

388 1864 518 1920 debemus
536 1863 687 1918 aduertere.
706 1863 774 1917 Nam
790 1864 912 1917 sieutilli
940 1865 1079 1920 teterrimo
1106 1867 1179 1921 corio
1270 1861 1381 1931 lleliqua
1395 1869 1482 1914 nutem
1492 1877 1598 1931 operum
1609 1859 1759 1916 Salomonis
1768 1862 1886 1932 priorum
1899 1871 1923 1916 et
1938 1863 2024 1918 nouis-

387 1954 549 2018 sestiuntur‚
574 1953 610 2007 ita
631 1953 728 2007 animur
748 1953 961 2022 delinquentium
976 1954 1109 2009 scelerum
1132 1956 1180 2010 ob·
1231 1956 1367 2020 simorum,
1380 1955 1477 2025 scriptu
1501 1966 1561 2009 sum
1580 1957 1607 2009 in
1625 1956 1707 2011 uerbis
1722 1956 1983 2027 Notlrnnproplretoe,
1998 1965 2022 2011 et

388 2048 519 2102 sturitate
540 2046 727 2102 tenebrantur.
744 2048 812 2119 Ergo
830 2047 873 2100 isti
889 2045 1042 2116 AEthiopes,
1058 2047 1180 2117 quisunt
1194 2064 1217 2122 B
1232 2046 1259 2098 in
1274 2044 1347 2098 libris
1372 2042 1447 2097 antu
1462 2043 1593 2111 silonitis,
1607 2045 1635 2099 in
1649 2047 1749 2101 visione
1770 2062 1872 2117 qnoque
1894 2046 1970 2099 Addo
1986 2047 2024 2100 ri-

387 2137 723 2207 peccatores,anteittum
744 2137 898 2207 procidunt,
915 2137 1022 2205 quando
1039 2153 1068 2194 se
1089 2139 1179 2208 poeni·
1230 2136 1334 2201 deteris,
1362 2144 1454 2189 contro
1483 2135 1623 2189 leroboum
1656 2136 1741 2205 filiurn
1764 2135 1864 2193 Nubat.
1898 2136 2024 2207 Reqnuoit

387 2229 478 2284 teutiae
504 2228 643 2283 humiliter
661 2236 848 2297 prosternunt.
877 2227 1055 2297 Adiecit:Et
1078 2229 1180 2283 inimici
1230 2236 1318 2282 uatem
1346 2225 1472 2282 Salomon
1492 2226 1683 2282 iulerusotem
1706 2245 1785 2299 snper
1810 2243 1913 2282 omnem
1938 2227 2023 2283 lsrael

386 2318 438 2387 q'rrs
463 2330 563 2374 terrum
584 2318 692 2390 linqeut.
711 2319 774 2375 lllos
793 2320 891 2390 quibus
916 2330 958 2396 est
975 2320 1082 2375 Domini
1100 2321 1182 2375 mise·
1229 2320 1406 2392 quadruqintu
1427 2320 1515 2384 urinis,
1530 2319 1701 2390 dormivitque
1722 2335 1782 2373 cnm
1795 2318 1914 2389 putribus
1926 2318 1982 2372 suis
1999 2327 2024 2373 et

384 2408 491 2463 ratione
504 2409 671 2479 parcendum
685 2424 778 2464 eoram
800 2411 860 2479 ipso
882 2409 1024 2480 procidere
1039 2410 1119 2475 dixit,
1135 2409 1180 2465 isti
1229 2409 1457 2480 sepelierunteum
1476 2408 1624 2462 incivitate
1647 2408 1740 2462 Dauid.
1769 2408 1845 2474 Quod
1869 2422 1934 2461 reru
1959 2405 2025 2462 dicit

380 2509 476 2556 autem
497 2498 583 2555 ludaei
605 2502 758 2571 pertinaces
774 2502 875 2557 inimici
891 2503 1072 2567 nominantur,
1090 2503 1135 2572 qui
1153 2504 1179 2557 in
1231 2496 1371 2569 Scriptura
1386 2513 1469 2568 opera
1491 2499 1582 2567 priora
1606 2496 1776 2562 Salomonis,
1801 2511 1834 2550 ea
1856 2496 2026 2554 demonstrat

377 2599 426 2645 sua
453 2589 642 2646 obstinatione
668 2592 791 2647 mansuri
819 2601 891 2647 sunt.
917 2592 982 2659 Qua
996 2608 1061 2664 ergo
1074 2593 1181 2650 illisest
1230 2603 1313 2659 opera
1331 2604 1391 2659 tpuae
1410 2589 1494 2660 gessit
1506 2594 1652 2656 antequam
1667 2585 1903 2654 praevaricaretur,
1918 2594 1947 2641 ut
1969 2584 2026 2641 lun-

373 2680 489 2746 ttoenu?
513 2678 621 2735 Terram
642 2680 739 2751 linqunt
753 2723 760 2748 ,
776 2682 868 2749 idest,
886 2691 985 2736 terrum
1002 2684 1116 2753 sapient,
1128 2684 1180 2740 boe
1231 2690 1295 2736 mut
1307 2680 1448 2736 aeiideatio
1467 2679 1571 2749 templi,
1586 2687 1613 2733 et
1635 2676 1800 2732 oblationum
1814 2678 1942 2744 varietas,
1956 2685 2024 2745 ete,

371 2774 454 2828 euim
473 2772 548 2842 sapit
562 2773 707 2842 unicuique
722 2775 794 2843 quod
808 2773 906 2844 lingit,
919 2774 1017 2843 quibus
1030 2776 1056 2828 in
1069 2776 1179 2829 modum
1230 2772 1301 2830 iacta
1316 2771 1374 2841 ejus
1396 2788 1455 2843 qum
1467 2773 1611 2844 mysticam
1633 2769 1859 2841 significationem
1872 2770 1983 2835 hubent,
1995 2779 2028 2826 ut

368 2865 523 2937 serpentis
544 2864 643 2920 humus
667 2876 708 2920 est
729 2880 792 2921 esea
818 2867 942 2935 poenatts.
969 2867 1027 2922 lloc
1044 2868 1079 2923 ad
1091 2869 1179 2925 bumi—
1230 2884 1312 2939 supra
1329 2868 1505 2925 ostendimus.
1526 2864 1679 2921 Novissima
1704 2871 1795 2918 autem
1817 2877 1850 2917 ea
1875 2876 1936 2932 quae
1960 2862 2025 2918 dicit

365 2945 489 3013 litatem
509 2956 595 3026 ipsius
608 2957 680 3027 juste
700 2957 815 3013 dicimus
837 2957 1030 3025 referendum,
1050 2960 1179 3028 quioniam
1229 2976 1324 3033 opera,
1339 2969 1444 3016 suntea
1461 2974 1522 3030 quae
1534 2956 1771 3029 gessitpostquam
1787 2961 1973 3026 transgressus
1982 2962 2026 3009 est

363 3047 418 3115 t1ui
441 3045 591 3102 Christum
617 3047 761 3102 bominum
785 3048 896 3104 eredere
919 3048 1062 3105 noluerunt
1078 3050 1125 3106 tali
1138 3050 1180 3105 ul·
1229 3052 1317 3124 legem
1338 3051 1396 3117 bei,
1416 3052 1517 3105 ducens
1531 3047 1698 3117 alienigenas
1711 3059 1819 3110 uxores,
1841 3058 1901 3113 quae
1915 3043 2025 3098 eumad

360 3134 455 3194 tione
474 3136 596 3192 damnati
609 3148 683 3194 sunt.
1230 3140 1407 3196 idololatriam
1422 3153 1508 3207 usque
1517 3138 1709 3208 perduxerunt.
1721 3132 1759 3188 De
1773 3133 1816 3188 bis
1825 3132 2026 3203 ergoopem'bus

401 3228 586 3297 Tantumque
610 3231 712 3300 capium
727 3232 837 3302 proluit
857 3233 958 3303 arpenti
983 3231 1011 3287 in
1032 3232 1179 3288 Jerusalem
1231 3230 1384 3287 Salomonis
1407 3229 1472 3300 quid
1488 3227 1594 3284 dicam?
1606 3241 1667 3296 quae
1689 3224 1865 3280 uehementer
1879 3222 1968 3294 arguit
1982 3237 2026 3276 sa-

354 3324 453 3391 qmr'
471 3320 612 3392 lepidum·
637 3332 661 3377 et
682 3323 819 3379 cedrorum
845 3336 945 3381 tuntum
973 3325 1175 3394 multitudinem,
1220 3314 1277 3380 ¹cra
1291 3324 1442 3395 Scriptura,
1456 3332 1538 3395 atque
1550 3321 1724 3385 condemnat,
1743 3317 1866 3388 nihilque
1882 3317 1915 3372 de
1937 3316 2026 3386 poeni·

356 3412 442 3469 mut
473 3427 641 3482 sycomorum
664 3430 723 3484 que
753 3416 895 3485 qiqnmrtur
925 3417 952 3470 in
978 3417 1175 3486 cunrprstrilms.
1192 3411 1214 3474 C
1230 3414 1313 3469 tentia
1324 3413 1392 3481 ejus,
1407 3412 1448 3467 rel
1461 3414 1487 3466 in
1499 3427 1561 3467 eum
1573 3408 1739 3480 indulgentia
1755 3408 1802 3463 bei
1823 3407 1933 3463 omnino
1948 3420 2024 3461 conr-

354 3498 447 3573 Qud
473 3516 528 3574 per
549 3501 651 3572 lapides
665 3504 716 3560 nisi
732 3505 832 3562 duritia
855 3518 883 3563 et
906 3508 1101 3566 insensibilitas
1114 3527 1181 3582 qen·
1230 3513 1373 3560 memorat.
1394 3500 1589 3557 lieetllebraei
1613 3503 1755 3554 autument
1773 3496 1871 3551 librum
1891 3494 2026 3551 Ecclesia·

353 3593 443 3654 uum
463 3593 647 3665 exprimitur?
663 3595 697 3651 lit
721 3598 786 3667 qnid
805 3614 854 3668 per
868 3609 1009 3670 argentum
1032 3602 1084 3656 nisi
1107 3602 1181 3659 nitor
1230 3603 1291 3651 steu
1315 3594 1343 3648 in
1370 3592 1532 3664 poenitentia
1557 3606 1605 3646 sua
1638 3589 1714 3644 illum
1739 3586 1943 3657 conscripsisse.
1969 3584 2027 3641 llee

355 3684 755 3770 eloquentiaeetjueunditas
772 3689 903 3744 doetrinae
921 3690 1113 3749 ecetesiasticae
1130 3693 1179 3749 de·
1229 3701 1341 3759 prorsus
1360 3686 1479 3742 occurrit
1491 3685 1557 3755 quid
1582 3683 1678 3738 saltem
1702 3681 1729 3737 in
1749 3679 1876 3751 allegoria
1898 3676 1964 3733 boni
1983 3676 2023 3739 si-

356 3777 529 3858 siguatur?
544 3776 613 3847 Quid
640 3795 688 3850 per
711 3782 808 3836 cedros
827 3782 879 3836 uisi
892 3781 1044 3839 sublimitas
1064 3796 1093 3838 et
1113 3784 1181 3840 odor
1230 3779 1342 3852 quilieet
1363 3779 1422 3833 haec
1449 3773 1571 3832 deflenda
1591 3772 1753 3838 submersio,
1781 3770 1834 3826 uisi
1858 3769 1927 3824 torte
1952 3767 2028 3823 dieat

357 3870 538 3930 virtutum?
550 3869 670 3926 Praebuit
694 3885 759 3946 ergo
775 3888 856 3929 uerus
874 3873 1002 3930 Salomon
1025 3876 1053 3930 in
1067 3877 1181 3947 mystica
1230 3871 1292 3943 (luis
1309 3869 1438 3925 millitis
1456 3867 1619 3937 iliisslssffliii
1630 3879 1746 3935 quarum
1766 3877 1859 3918 ³ffl⁰ii
1871 3866 2026 3924 “mitiis

357 3955 539 4020 Jerusalen
563 3969 667 4016 tantam
686 3963 791 4033 copiam
816 3964 921 4035 argenti
949 3965 1026 4035 quasi
1049 3964 1180 4036 lapidum,
1231 3955 1693 4031 signillearesscelesiaselectasex
1717 3952 1853 4023 gentibus.
1868 3948 1965 4004 Posset
1978 3948 2025 4004 hie

358 4066 438 4112 etum
472 4053 560 4109 eorda
582 4054 733 4126 gentilium,
746 4071 805 4126 quae
822 4057 856 4111 ad
877 4057 1043 4115 intellectum
1058 4061 1182 4131 omnipo.
1231 4049 1348 4106 sortasse
1369 4065 1424 4105 non
1444 4047 1561 4103 absurde
1583 4044 1704 4115 intelligi.
1721 4044 1744 4101 sl
1761 4041 1813 4097 illre
1827 4047 1937 4111 propter
1951 4037 2027 4093 Salo·

359 4144 467 4202 tenus
481 4143 530 4198 net
545 4144 712 4200 insensibilia
727 4145 813 4211 litere,
835 4156 863 4202 et
884 4147 987 4216 lapides
1001 4164 1050 4220 pro
1064 4150 1183 4208 numini-
1231 4157 1337 4198 monem
1361 4141 1521 4195 desererent
1541 4138 1606 4193 deos
1632 4151 1714 4200 suos,
1742 4141 1770 4189 et
1792 4131 1914 4187 colerent
1935 4128 2023 4184 Deum

358 4225 428 4290 hus
443 4230 574 4300 coluere,
589 4234 623 4289 ad
637 4234 840 4293 meditationem
854 4236 922 4308 legis
935 4237 983 4293 Dei
998 4247 1026 4293 et
1036 4240 1070 4293 ad
1085 4239 1183 4308 praedi·
1231 4234 1305 4309 ejus3
1332 4249 1394 4289 euru
1418 4247 1484 4287 vero
1516 4238 1628 4301 propter
1656 4227 1717 4282 illas
1741 4224 1854 4281 euanuit
1879 4222 2023 4278 Dominum

360 4324 525 4381 tutionem
542 4322 678 4395 Erarrgelii
691 4327 834 4389 convertit.
844 4327 899 4383 Nee
911 4328 1048 4384 immerito
1062 4329 1182 4402 lapidum
1232 4341 1310 4383 suum
1323 4333 1351 4381 et
1360 4324 1445 4381 coluit
1457 4323 1523 4379 deos
1540 4336 1645 4386 earum,
1659 4335 1712 4374 uon
1729 4326 1771 4375 est
1785 4317 1849 4388 quid
1875 4316 1936 4406 inde
1959 4315 2024 4370 boni

358 4416 498 4473 momine
509 4423 606 4486 gentes
623 4417 784 4488 significatae
806 4431 878 4486 sunt,
893 4436 953 4491 qum
973 4420 1077 4491 lapides
1091 4421 1183 4478 eolue-
1232 4419 1379 4490 conjectari
1396 4391 1565 4491 possit,⁸nee
1587 4423 1678 4470 tamen
1703 4410 1769 4466 nihil
1784 4410 1901 4465 arbitror
1923 4406 2028 4481 signid-

362 4515 457 4572 mnt,
474 4504 545 4575 quia
559 4505 689 4575 scriptum
708 4515 770 4562 est:
786 4508 891 4564 Similes
914 4510 967 4565 iltis
988 4511 1054 4580 purat
1076 4513 1122 4583 qui
1138 4513 1183 4584 su·
1232 4526 1305 4575 care,
1321 4510 1369 4565 sed
1392 4509 1503 4574 malum,
1529 4508 1599 4563 sicut
1619 4505 1652 4561 de
1677 4518 1762 4558 uxore
1789 4501 1949 4571 filiabusque
1973 4499 2024 4554 bot

362 4598 455 4654 ciunt
488 4612 538 4659 eu,
556 4607 580 4651 et
604 4614 690 4652 onrner
705 4600 750 4670 qui
770 4600 904 4669 confidunt
920 4603 948 4658 in
960 4603 1008 4657 eis.
1025 4602 1183 4675 De'quibus
1232 4601 1361 4658 diximus.
1386 4599 1506 4669 Apparet
1525 4598 1596 4652 enim
1612 4596 1639 4650 iu
1652 4609 1769 4665 persona
1790 4590 1944 4647 Salomonis
1957 4590 2027 4644 mira

364 4685 517 4743 mimirum
531 4684 664 4756 lapidibus
673 4686 792 4743 loannes
802 4689 922 4760 baptista
936 4690 963 4745 in
972 4690 1117 4762 Evangelio
1128 4692 1181 4747 ait:
1234 4694 1395 4751 excellentia
1414 4702 1442 4747 et
1464 4692 1533 4746 mira
1552 4687 1713 4745 submersio.
1737 4685 1815 4756 Quod
1840 4697 1905 4753 crgo
1926 4683 1954 4739 in
1981 4682 2027 4737 illo

365 4768 489 4832 Potens
509 4783 554 4831 est
579 4774 650 4834 Deus
664 4777 698 4832 de
718 4777 852 4851 lapidibus
873 4780 932 4836 istis
952 4781 1085 4837 suscitare
1114 4782 1183 4837 lilios
1196 4760 1222 4821 D
1235 4787 1350 4845 dirersis
1376 4783 1542 4858 temporibus
1561 4790 1589 4836 et
1612 4780 1688 4851 prius
1709 4777 1821 4841 bonum,
1845 4780 1873 4830 et
1893 4773 2028 4844 posterius

367 4861 524 4925 Abrahae:
534 4866 580 4923 lllii
592 4868 709 4926 homnae
718 4871 751 4927 de
759 4870 892 4943 lapidibus
903 4874 1025 4929 suscitati
1039 4882 1111 4937 sunt,
1120 4875 1183 4944 quia
1236 4880 1348 4947 malum,
1362 4880 1420 4936 baee
1433 4878 1461 4932 iu
1472 4874 1598 4932 Ecclesia
1613 4874 1641 4928 in
1656 4874 1708 4928 isto
1723 4871 1811 4927 adhue
1833 4868 1933 4924 seculo
1945 4864 2027 4922 simul

371 4965 449 5014 (Μ
462 4956 533 5012 dura
544 4958 625 5013 miili
639 4960 779 5029 bissifliiiffl
788 4962 937 5018 bilbilim
950 4964 1052 5019 semine
1061 4964 1185 5020 credide-
1235 4972 1263 5027 in
1276 4987 1330 5027 uno
1352 4980 1473 5040 tempore
1495 4967 1661 5032 ostenditur;
1685 4979 1751 5019 nam
1771 4963 1841 5017 bona
1855 4961 1927 5016 illius
1940 4960 2028 5015 bonos

374 5045 531 5118 rummeins
538 5048 590 5103 ⁴lilii
601 5047 664 5106 laeti
676 5060 748 5119 sunt,
757 5051 833 5123 eujus
841 5054 937 5110 semini
950 5054 1098 5109 suutmtiti·
1107 5054 1185 5111 Unde
1235 5062 1452 5129 Ecclesiam-ata
1462 5069 1552 5115 autem
1561 5054 1859 5113 iliiusmalosEeelesiae
1872 5049 2029 5125 siguificare

376 5143 413 5189 ‘²
427 5137 536 5199 el⁵i¹0¹¹¹
550 5140 733 5215 gentibnsper
744 5145 881 5215 egregium
896 5144 1101 5215 bimdlmiottim
1115 5145 1184 5201 dicl-
1235 5163 1317 5227 puto:
1333 5162 1461 5222 tanquam
1474 5152 1502 5206 in
1525 5150 1629 5204 unitate
1651 5147 1723 5203 illius
1738 5160 1818 5210 arcae,
1838 5145 1878 5200 sie
1897 5149 1925 5196 et
1938 5141 1966 5195 in
1983 5140 2030 5196 illo

381 5229 448 5282 ¹⁰¹³
457 5226 488 5285 Si
500 5237 593 5284 autem
604 5245 653 5286 i⁰⁸
666 5230 777 5299 Christi,
791 5250 857 5307 eruo
872 5250 964 5291 semen
977 5236 1093 5292 ΑΒΓΜ
1106 5237 1183 5304 isim,
1235 5261 1290 5301 uno
1300 5245 1410 5300 bomine
1422 5242 1507 5298 bonos
1519 5240 1547 5295 in
1559 5239 1663 5312 granis,
1677 5236 1763 5293 malos
1776 5237 1804 5291 in
1818 5234 1904 5306 paleis
1915 5249 1923 5300 ;
1939 5236 1987 5291 aut
2000 5230 2029 5287 iu

382 5322 417 5369 ⁶²
429 5319 582 5376 manum
597 5322 803 5392 promissionem
820 5325 952 5382 tereres.
968 5325 1100 5383 Similiter
1112 5328 1187 5399 naci·
1237 5338 1341 5393 antae
1354 5336 1433 5389 uatus
1442 5333 1552 5405 segetis,
1562 5333 1648 5388 nonos
1660 5330 1689 5387 in
1700 5330 1790 5385 tritico
1817 5327 1905 5384 matos
1917 5324 1946 5381 ta
1957 5322 2028 5380 ziza·

385 5399 460 5466 licus
474 5419 569 5467 noster
581 5411 609 5466 iu
625 5409 774 5471 Jerusalem
785 5416 901 5487 praebuit
917 5416 1060 5472 cedrorum
1081 5424 1186 5473 tantam
1237 5428 1291 5485 „ps
1303 5425 1468 5500 accepimus.

387 5503 594 5565 mollitudinem
610 5508 685 5565 reiut
698 5524 882 5583 sycomorum,
905 5511 1077 5569 sterilitatem
1098 5512 1186 5587 genti-

987 5776 1439 5818 w
