4709 6767
317 559 380 620 ttttl

751 551 926 610 castherii.
949 551 981 606 ΙΝ
1001 541 1306 606 itacenstsstsrtctttt.
1327 581 1361 590 —
1380 540 1444 605 lab.
1466 550 1498 605 Χ.

1876 553 1943 609 taut

319 695 328 726 a
346 673 412 728 texit
432 670 521 724 anima
544 683 603 721 sua.
627 667 659 720 Et
678 663 785 734 replesti
807 666 833 718 in
859 664 1105 733 eoauparationilnts
1120 676 1142 726 ,t
1159 673 1264 716 trauntur
1278 662 1344 734 (lan.
1362 665 1410 734 ιι).
1427 684 1436 714 ι
1459 663 1508 717 llic
1523 664 1651 733 tenrplnru
1665 663 1878 721 benediliearit.
1894 670 1945 726 hoe

319 766 495 833 aaerrigntata,
516 758 548 812 al
563 759 664 812 insulas
686 758 761 827 lange
776 756 940 826 divulgatum
953 764 994 809 est
1008 770 1105 809 leonton

321 868 431 911 ιιιιιιιιι.
455 855 486 907 Et
505 852 619 906 dilectus
633 866 663 905 cs
677 852 701 904 in
717 864 783 918 praec
805 858 859 913 tna,
880 849 906 901 in
927 848 1069 902 cantilenis
1081 854 1108 900 et

321 969 330 1000 ι
346 945 506 1019 proverbiis,
533 952 560 997 et
577 942 823 1011 euntparationibns
838 950 864 995 ct
880 939 1109 1009 interpretationi·

322 1058 331 1089 ι
347 1040 397 1093 bns
413 1036 518 1089 miratae
537 1042 599 1087 sunt
612 1042 700 1087 terraa.
716 1033 749 1085 Et
765 1033 791 1086 in
806 1032 914 1086 nornine
927 1032 1032 1085 liotniai
1050 1029 1109 1093 lici,

323 1150 332 1181 ι
348 1129 390 1183 cui
412 1136 454 1182 est
472 1140 620 1195 cognomen
635 1124 705 1179 Dens
717 1123 810 1187 lsrael,
826 1123 957 1193 collegisti
973 1122 1048 1191 qnasi
1063 1137 1110 1175 an-

291 1267 298 1280 .
323 1220 497 1275 rriclraleum
516 1232 622 1279 aurum,
646 1223 674 1269 et
694 1224 723 1269 ιιι
745 1215 883 1285 plumbum
904 1214 1045 1283 complesti
1068 1230 1111 1267 ar-

323 1335 333 1362 ι
350 1320 471 1382 gratetur,
487 1317 514 1364 ct
526 1308 662 1363 reclinasti
683 1307 786 1362 leniora
809 1314 855 1361 tua
876 1308 1042 1362 mulieribus.
1062 1306 1113 1361 l'o·

325 1410 474 1456 «testatem
495 1399 614 1453 habuisti
636 1399 663 1452 in
682 1406 728 1452 tuo
749 1413 873 1467 corpure,
894 1406 921 1452 et
936 1396 1030 1452 dedisti
1054 1412 1112 1450 ma-

325 1491 437 1546 rculum
462 1489 489 1543 in
515 1489 599 1560 gloria
623 1497 678 1553 tna,
702 1496 729 1541 et
750 1487 898 1557 profanasti
922 1502 1013 1542 semen
1038 1477 1112 1541 tun'm

326 1579 479 1633 ‹iuducere
492 1577 659 1631 iracundiam
675 1578 708 1630 ad
725 1577 823 1631 liberos
840 1585 910 1640 tuus,
928 1585 956 1631 et
970 1576 1115 1631 incaeteris

326 1666 493 1721 «stultitiam
513 1673 598 1727 tuam,
616 1670 646 1717 ut
667 1663 772 1718 iaceres
788 1665 929 1735 imperinm
944 1665 1113 1735 bipartitum,

327 1764 379 1811 ret
395 1771 427 1810 ex
445 1755 573 1825 Ephraim
593 1755 725 1823 imperare
750 1755 891 1824 imperium
913 1756 1020 1810 durnm.
1044 1755 1116 1810 Deus

328 1856 443 1902 cautem
467 1862 521 1901 aron
544 1845 711 1914 derelinquet
738 1847 950 1901 misericordiam
972 1863 1063 1912 snam,
1087 1856 1114 1902 et

327 1957 337 1990 ι
352 1953 405 1992 ιιοιι
420 1945 576 2005 corrumpet
598 1950 685 2004 neque
705 1936 802 1990 delebit
814 1952 894 2005 opera
910 1953 968 1994 sua.
985 1938 1115 2007 quianon

1159 765 1201 808 est
1217 756 1366 810 Ecclesiam
1388 755 1559 820 catholicam,
1583 771 1642 823 qnae
1664 756 1697 808 de
1722 755 1789 809 rivis
1813 755 1947 825 lapidibus

1160 855 1314 900 ronstrneta
1333 856 1385 910 est,
1402 847 1446 900 nbi
1467 847 1525 899 lans
1537 845 1594 912 ejus
1608 856 1634 899 et
1647 846 1740 916 gloria,
1756 863 1826 900 nnnc
1838 856 1866 901 et
1878 864 1948 903 seut·

1161 951 1218 1005 por,
1236 946 1264 989 et
1277 937 1303 989 in
1315 944 1413 990 retenta
1427 945 1567 1005 permanet
1578 935 1684 989 secula.
1696 935 1744 989 Cui
1759 937 1829 991 bens
1841 936 1949 994 diritius

1161 1027 1281 1079 ornuiunr
1307 1028 1424 1097 gentium
1445 1028 1529 1090 dedit,
1555 1027 1618 1096 quia
1644 1026 1680 1081 illi
1704 1035 1863 1096 potestatem
1888 1030 1949 1085 coeli

1161 1126 1294 1186 terraque
1309 1118 1458 1170 eontulitet
1474 1117 1653 1187 magniliearit
1669 1118 1744 1179 illum
1762 1133 1842 1187 super
1856 1135 1950 1175 ornnes

1163 1219 1240 1275 reges
1255 1215 1334 1259 terrae
1352 1206 1453 1259 diritiis
1467 1214 1493 1260 et
1511 1207 1655 1275 sapientia,
1679 1217 1706 1262 et
1731 1208 1855 1264 nuiiersa
1877 1218 1951 1265 terra

1163 1293 1334 1348 desiderabat
1357 1294 1449 1348 ridere
1473 1294 1576 1348 tultum
1604 1294 1767 1362 salomonia,
1792 1304 1822 1350 ιιι
1847 1298 1953 1354 audiret

1164 1382 1321 1451 sapientiam
1338 1382 1406 1450 ejus,
1421 1399 1503 1453 qnam
1527 1384 1638 1439 dederat
1656 1385 1727 1440 Deus
1742 1387 1768 1439 in
1785 1390 1865 1443 eorde
1877 1387 1951 1459 ejns;

1163 1473 1298 1542 etsinguli
1323 1471 1481 1528 deserebant
1504 1477 1528 1529 ei
1551 1490 1673 1541 munera,
1699 1492 1763 1532 rasa
1783 1488 1911 1549 argentea
1926 1488 1953 1535 et

1164 1578 1258 1627 carrea,
1273 1572 1363 1618 restes
1377 1571 1406 1618 ct
1419 1580 1494 1618 arma
1516 1564 1621 1629 bellica,
1639 1567 1766 1636 qnoniam
1781 1583 1861 1637 super
1875 1569 1955 1623 eelsi-

1166 1655 1285 1709 tudinem
1305 1665 1471 1721 sanetorum,
1493 1658 1539 1726 qui
1554 1673 1618 1712 rere
1633 1674 1708 1730 reges
1723 1660 1859 1726 dicontur,
1881 1662 1954 1726 enal-

1144 1735 1247 1811 'tatnn
1273 1756 1301 1801 et
1312 1747 1399 1802 nullus
1414 1749 1439 1803 ei
1454 1750 1587 1818 coaequari
1607 1760 1702 1820 potest,
1721 1752 1848 1821 qnoniam
1872 1754 1953 1823 «quis

1166 1839 1193 1892 in
1205 1838 1321 1893 nubibus
1340 1839 1492 1908 aqualino
1512 1840 1634 1906 Doniino,
1660 1851 1708 1895 aut
1721 1843 1781 1909 quis
1795 1844 1891 1898 similis
1902 1845 1954 1898 erit

1169 1926 1224 1982 Deo
1237 1928 1306 1984 inter
1318 1931 1388 1985 lilios
1403 1929 1449 1985 liei
1462 1932 1494 1986 ir
1509 1952 1518 1985 ι
1534 1933 1605 1988 beris
1618 1936 1662 2002 qni
1677 1934 1881 2003 glorificatoriis
1895 1938 1955 1987 eon·

328 2028 471 2096 ‹perdeta
485 2026 569 2095 stirpe
592 2034 704 2095 nepotes
725 2026 801 2080 electi
825 2027 878 2090 sui,
899 2035 925 2080 et
947 2043 1038 2081 semen
1056 2028 1115 2098 eJns
1129 2034 1151 2093 p
1167 2016 1230 2071 silio
1247 2028 1415 2085 sanctornm,
1433 2037 1545 2090 magnus
1557 2033 1583 2076 et
1595 2026 1755 2078 nietnendns
1767 2039 1847 2091 snper
1860 2040 1955 2077 omues
2024 2088 2028 2096 ,

329 2119 400 2188 arqui
412 2101 660 2188 dittgtfltomtnum
681 2131 733 2170 non
752 2126 918 2185 corrumpet.
933 2116 1011 2171 Dedit
1027 2127 1117 2171 autem

328 2228 338 2261 r
353 2208 484 2277 reliquum
497 2206 580 2261 iacob
594 2214 621 2261 et
632 2206 716 2260 liarid
731 2207 763 2261 de
775 2207 831 2276 ipsa
846 2207 939 2275 stirpe.
953 2228 963 2257 ι
982 2206 1053 2263 Sane
1064 2223 1117 2263 non

326 2298 417 2369 ignota
439 2305 481 2351 est
504 2296 616 2351 historia
640 2311 700 2365 qnae
726 2304 818 2349 narrat
841 2298 874 2350 de
894 2296 1038 2352 Salomone
1063 2297 1118 2352 lilio

325 2389 420 2455 David,
445 2389 578 2458 quomodo
593 2387 618 2441 ei
637 2388 717 2452 licus.
743 2403 791 2456 itur
815 2389 948 2442 visionem
974 2401 1115 2457 apparens.

327 2478 464 2533 concessit
476 2487 505 2532 ut
519 2486 623 2548 peteret
637 2480 671 2532 ab
683 2493 716 2531 eo
730 2479 801 2547 qnod
818 2479 918 2543 rellet;
939 2478 983 2547 qni
997 2493 1057 2532 cum
1070 2491 1118 2532 cor

327 2570 441 2625 docibile
458 2571 509 2625 sibi
525 2570 581 2626 dari
603 2570 780 2638 postulasset,
801 2580 830 2623 nt
852 2571 1006 2624 discernere
1027 2579 1117 2639 posset

328 2658 401 2712 inter
416 2658 516 2712 bontrm
529 2667 556 2713 et
569 2658 679 2724 malum,
697 2673 728 2713 ae
737 2657 921 2729 iustoiudicio
932 2659 1057 2729 populum
1069 2659 1116 2713 liei

325 2748 447 2819 judicare
459 2748 519 2818 (ιιι
532 2748 595 2819 llep.
610 2749 662 2822 nr),
674 2750 773 2820 placuit
784 2765 873 2804 sermo
884 2765 973 2805 coram
991 2751 1116 2816 Domino,

328 2849 357 2896 et
379 2840 453 2894 dedit
471 2840 508 2895 illi
526 2856 574 2894 eor
585 2841 691 2910 sapiens
703 2850 730 2894 et
745 2840 908 2908 intelligens,
931 2841 957 2895 in
973 2849 1076 2895 tantum
1087 2850 1118 2896 ut

329 2929 418 2984 nullus
432 2939 494 2984 ante
505 2944 533 2985 se
544 2931 568 2985 ei
584 2930 679 2984 similis
702 2930 792 2997 luent,
810 2946 860 2985 nec
873 2938 965 2999 postea
980 2942 1116 2986 surrectu-

329 3037 376 3076 rus
391 3023 435 3076 sit.
450 3022 562 3091 lnsnper
574 3037 681 3091 qnoque
699 3022 772 3075 dedit
785 3023 820 3076 illi
837 3023 943 3076 diritius
955 3032 982 3077 et
992 3023 1114 3093 gloriam,

329 3123 360 3166 nt
383 3128 462 3167 nemo
483 3112 563 3166 luerit
588 3112 682 3166 similis
698 3112 722 3165 ei
737 3112 762 3165 in
791 3112 897 3182 regilius
918 3112 1023 3167 eunctis
1045 3122 1116 3168 retro

330 3204 436 3270 diebus,
461 3204 588 3273 deditque
613 3203 650 3257 illi
676 3218 769 3273 pacem
791 3204 909 3272 undique
932 3204 966 3258 ab
994 3204 1116 3261 hostibus

330 3295 397 3349 suis.
423 3294 498 3349 Unde
518 3293 682 3365 divulgatum
703 3302 744 3348 cst
764 3309 862 3348 nomen
883 3294 941 3364 ejus
961 3295 995 3349 ad
1013 3295 1114 3349 insulas

1167 2110 1213 2179 qui
1227 2113 1253 2163 iu
1271 2111 1385 2165 circuitu
1397 2113 1525 2180 ejnssnnt
1539 2114 1626 2180 (Psoi.
1641 2130 1786 2178 traxerat.
1802 2135 1810 2166 ι
1824 2115 1854 2167 Et
1869 2116 1932 2167 item
1946 2132 1954 2170 :

1170 2220 1180 2253 r
1198 2204 1453 2260 llaamrsbominus
1468 2216 1573 2276 nostr-r,
1588 2215 1615 2260 et
1631 2222 1728 2277 magna
1747 2209 1832 2261 rirtns
1848 2207 1918 2273 ejus.
1930 2219 1956 2262 ct

1168 2294 1308 2362 sapientiae
1320 2297 1377 2361 ejus
1389 2314 1442 2351 nnn
1454 2307 1494 2353 eat
1506 2313 1634 2354 numerus
1646 2298 1734 2365 (Pani.
1743 2300 1844 2369 cetri).
1858 2320 1866 2352 ι
1881 2298 1957 2355 Unde

1167 2385 1322 2441 etloannos
1335 2389 1400 2441 dieb
1416 2407 1424 2441 a
1442 2407 1451 2439 r
1466 2388 1497 2442 Et
1509 2389 1626 2444 viduans
1636 2392 1750 2459 gloriam
1764 2392 1832 2459 ajars,
1841 2392 1956 2461 gloriam

1166 2470 1243 2539 qnasi
1266 2470 1395 2539 unigeniti
1412 2485 1427 2522 a
1443 2469 1537 2531 Patre,
1560 2471 1668 2540 plenum
1690 2472 1776 2541 gratia
1795 2483 1822 2527 et
1845 2475 1958 2528 veritate

1167 2559 1263 2632 (loun.
1291 2561 1353 2629 ι).ι
1383 2560 1417 2614 Et
1443 2560 1570 2615 universa
1603 2570 1674 2615 terra
1703 2561 1841 2616 desiderat
1866 2564 1958 2619 ridere

1166 2650 1268 2706 vultum
1284 2652 1354 2722 regis
1367 2652 1460 2709 nostri,
1475 2653 1538 2720 qnia
1558 2653 1683 2707 universa
1706 2653 1826 2707 Ecclesia
1849 2664 1957 2711 sancto·

1168 2759 1227 2797 rum
1252 2743 1303 2796 boc
1328 2741 1495 2798 solummodo
1518 2744 1637 2813 appetit,
1664 2752 1693 2796 ut
1720 2744 1753 2800 ad
1778 2754 1955 2815 conspectum

1165 2838 1257 2907 gloriae
1274 2837 1333 2907 ejus
1347 2837 1495 2907 perveniat.
1511 2836 1560 2891 Cui
1583 2853 1630 2906 per
1649 2836 1811 2908 Prophetam
1834 2840 1957 2895 dicitur:

1170 2945 1179 2977 ι
1195 2927 1254 2980 Tibi
1274 2926 1342 2979 elisit
1360 2941 1407 2980 cor
1422 2941 1521 2986 mcum,
1536 2927 1645 2995 quaesiti
1666 2926 1768 2982 rultnm
1790 2936 1875 2993 ιιιιιιιι,
1898 2929 1957 2984 rul-

1167 3025 1319 3080 tumtunm,
1332 3017 1454 3078 Deianirae,
1468 3017 1603 3085 requiram
1612 3017 1698 3089 (Paul.
1708 3020 1792 3089 narr).
1805 3039 1814 3071 r
1827 3021 1860 3074 Et
1876 3021 1957 3094 atita,

1168 3105 1271 3162 «Sicut
1293 3122 1407 3171 cerrus,
1430 3108 1528 3176 iuquit,
1554 3107 1689 3163 desiderat
1712 3109 1746 3162 ad
1768 3108 1857 3165 sontes
1880 3126 1962 3179 aqna,

1166 3212 1235 3260 rurn,
1254 3197 1291 3250 ita
1314 3198 1449 3251 desiderat
1473 3197 1562 3252 anima
1585 3213 1645 3251 mea
1667 3198 1702 3252 ad
1722 3207 1759 3262 te,
1777 3198 1849 3254 Deus
1870 3198 1957 3270 (l'aal.

1164 3288 1231 3360 ant).
1247 3307 1257 3341 ι
1274 3288 1308 3343 Et
1326 3289 1423 3360 singuli
1448 3288 1572 3343 deleniat
1594 3290 1620 3344 ei
1642 3305 1763 3356 munera,
1788 3292 1851 3346 dam
1876 3309 1961 3349 unus·

331 3383 420 3455 louge,
434 3391 461 3437 et
473 3383 587 3438 dilectus
610 3392 653 3439 est
675 3384 701 3438 in
726 3399 792 3454 paee
816 3399 875 3450 sua,
896 3385 958 3454 qnia
978 3386 1121 3442 aalilrcarit
1134 3382 1158 3442 C
1172 3382 1287 3453 quisque
1306 3382 1453 3436 secundnm
1473 3382 1500 3436 id
1515 3382 1586 3451 qnod
1603 3383 1673 3436 vires
1686 3384 1737 3439 sibi
1754 3393 1908 3454 suppetant,
1933 3386 1961 3440 in

333 3476 461 3547 templum
484 3474 598 3529 Domino
612 3476 727 3530 mirilico
737 3490 827 3546 opere,
843 3483 871 3530 et
882 3484 1008 3531 cantores
1021 3477 1121 3532 consti-

332 3568 394 3630 tuit,
414 3566 616 3636 cantilenasque
638 3567 781 3636 disposuit,
804 3567 842 3621 ita
863 3576 892 3620 nt
912 3568 1052 3638 proverbia
1075 3582 1119 3621 sa-

332 3657 439 3727 pienter
454 3658 557 3720 ederet,
576 3665 603 3711 et
617 3657 834 3728 comparationes
846 3666 874 3711 et
886 3658 1121 3725 interpretationes

332 3746 471 3801 conderet.
494 3746 532 3800 De
557 3761 611 3815 quo
636 3746 775 3815 Scriptura
798 3748 834 3800 ita
850 3757 962 3799 narrat:
980 3764 989 3796 r
1004 3746 1122 3801 Lucinas

336 3845 402 3892 rest
414 3852 521 3908 quoque
541 3835 668 3891 Salomon
694 3836 745 3889 tria
765 3836 848 3889 millia
862 3836 1011 3904 parabolas,
1027 3844 1052 3890 et
1068 3836 1122 3890 lne-

335 3938 424 3984 rrunt
443 3928 563 3983 carmina
586 3928 644 3998 ejus
668 3928 786 3997 qninquc
807 3927 907 3990 millia,
929 3936 957 3983 et
978 3929 1123 3999 dispptarit

261 4044 263 4048 ,
337 4035 347 4068 a
363 4034 444 4089 super
466 4019 546 4090 lignis
560 4033 575 4073 a
590 4018 686 4082 Cedro,
701 4019 746 4088 qni
759 4026 801 4072 est
814 4019 840 4072 in
851 4018 966 4081 Libano,
990 4020 1123 4087 usquead

337 4127 348 4161 a
364 4110 494 4181 hysopum
513 4109 559 4181 qui
575 4108 712 4179 egreditur
723 4108 756 4163 de
770 4108 889 4176 pariete,
904 4116 932 4161 et
947 4108 1074 4163 disseruit
1089 4109 1123 4164 de

336 4218 345 4252 ι
359 4199 498 4269 jumentis,
514 4209 542 4255 et
553 4199 718 4263 volucribus,
733 4208 760 4254 et
772 4199 922 4269 reptilibus,
940 4210 967 4253 et
983 4201 1120 4270 piscibns;

336 4309 346 4342 r
360 4301 389 4346 et
403 4292 546 4346 veniebant
560 4292 594 4345 de
606 4290 711 4345 cunctis
732 4290 837 4360 populis
849 4290 884 4344 ad
904 4290 1064 4347 audiendam
1080 4307 1123 4347 so-

337 4397 347 4430 a
362 4380 491 4450 pientiam
509 4378 673 4444 Salomonis,
688 4388 715 4433 et
726 4382 760 4435 ab
772 4381 906 4437 uriirersis
922 4381 1030 4452 regibus
1046 4369 1133 4437 terrae

337 4473 410 4541 aqui
435 4472 581 4527 audiebant
601 4472 760 4541 sapientiam
780 4471 840 4542 ejas
867 4472 932 4546 (ιιι
950 4473 1014 4545 liep.
1041 4474 1094 4546 ιιι).
1111 4495 1121 4527 ι

334 4562 389 4615 Sed
419 4563 481 4632 qnia
511 4569 603 4630 postea
633 4577 694 4615 eum
720 4560 777 4631 jam
802 4578 882 4618 senex
909 4572 1000 4630 esset,
1029 4565 1125 4635 depra-

333 4660 428 4705 vatum
460 4660 501 4705 est
520 4666 569 4721 per
589 4651 717 4708 mulieres
740 4668 787 4707 eor
808 4651 877 4720 ejus,
905 4662 935 4707 ιιι
966 4662 1124 4723 sequeretur

1173 3472 1256 3526 verbo
1271 3486 1318 3525 seu
1343 3471 1422 3526 lactis
1446 3472 1605 3542 obsequium
1631 3474 1721 3528 studet
1742 3485 1872 3543 prestare
1895 3477 1960 3530 beo.

1172 3564 1232 3622 lam
1250 3582 1332 3636 porro
1350 3568 1383 3621 de
1404 3567 1510 3621 caeteris
1530 3568 1657 3635 operibus
1680 3567 1831 3621 Salomonis
1843 3569 1907 3637 qnid
1922 3570 1962 3623 di-

1173 3658 1256 3711 eam?
1283 3674 1363 3727 quem
1390 3658 1563 3712 vehementer
1587 3658 1676 3727 arguit
1699 3665 1792 3711 sancta
1822 3657 1963 3727 Scriptura

1173 3755 1255 3817 atque
1270 3748 1441 3808 condemnat,
1456 3747 1577 3815 nihilque
1593 3739 1626 3800 de
1638 3748 1796 3815 poenitcntia
1811 3746 1868 3815 ejus
1883 3748 1923 3801 rel
1936 3748 1964 3801 in

1172 3852 1235 3891 enm
1253 3836 1417 3905 indulgentia
1434 3835 1482 3889 Dei
1497 3836 1607 3889 orrinino
1628 3843 1963 3904 eornruemorat;apparet

1173 3928 1245 3981 enim
1259 3927 1287 3980 in
1296 3941 1412 3996 persona
1427 3923 1579 3980 Salomonis
1593 3926 1659 3978 mira
1672 3911 1842 3989 excellentia,
1855 3928 1961 3980 etenira

1174 4017 1335 4071 submersio.
1362 4015 1438 4082 Quod
1458 4016 1540 4085 igitur
1554 4016 1581 4068 in
1600 4015 1644 4069 illo
1665 4016 1778 4070 dirersis
1798 4017 1963 4085 temporibns

1173 4108 1291 4171 exstitit,
1311 4106 1388 4177 prius
1410 4107 1564 4171 l·onunt,‚et
1578 4106 1714 4173 posterius
1738 4106 1848 4167 malum,
1869 4108 1919 4159 boc
1936 4107 1963 4162 in

1175 4197 1295 4252 Ecclesia
1310 4198 1336 4251 iu
1350 4198 1404 4252 istu
1427 4197 1514 4251 adbuc
1538 4195 1636 4250 saecnb
1658 4197 1737 4250 simul
1762 4212 1816 4250 uno
1842 4206 1962 4267 tompore

1175 4287 1337 4342 ostenditur.
1365 4286 1432 4340 Nam
1453 4302 1502 4357 per
1520 4287 1590 4340 bona
1616 4287 1698 4352 illius,
1722 4289 1807 4343 bonas
1826 4289 1961 4354 Ecclesiae,

1176 4394 1224 4450 per
1247 4382 1317 4435 mala
1341 4391 1430 4436 autem
1455 4382 1535 4446 illius,
1558 4382 1643 4435 rualos
1665 4382 1792 4437 Ecclesiae
1816 4383 1963 4452 significari

1174 4478 1249 4539 puto,
1269 4478 1397 4538 tauquam
1421 4471 1447 4523 ιιι
1464 4471 1568 4525 unitate
1591 4472 1670 4526 tritius
1692 4487 1761 4525 arcae
1775 4490 1781 4525 :
1796 4472 1864 4526 sieut
1879 4474 1904 4525 in
1919 4475 1964 4527 illo

1176 4577 1230 4615 uno
1244 4561 1351 4616 bomine
1366 4562 1452 4616 bonos
1467 4562 1492 4616 in
1508 4563 1611 4632 granis,
1628 4563 1713 4616 malos
1727 4563 1752 4615 in
1765 4562 1859 4631 paleis,
1874 4574 1920 4616 ant
1937 4565 1963 4619 in

1176 4651 1279 4705 onitate
1302 4652 1381 4705 unius
1403 4654 1513 4721 segetis
1535 4652 1620 4706 bonos
1643 4655 1669 4705 in
1695 4652 1799 4717 tritico,
1827 4654 1912 4707 nralos
1935 4656 1964 4711 io

334 4741 400 4793 deos
429 4740 549 4805 alienos,
576 4755 626 4796 nec
651 4750 710 4795 erat
732 4756 781 4797 cur
802 4742 859 4810 ejus
884 4743 1033 4813 perlectum
1062 4743 1669 4820 cum„zizaniisexpressoscssesentimus.

335 4829 451 4884 Domino
477 4830 533 4884 lieo
559 4844 627 4895 sno,
655 4831 726 4887 sicut
749 4830 837 4885 luerat
862 4848 908 4887 cor
933 4834 1018 4889 David
1039 4836 1126 4904 patris

334 4920 404 4989 ejus.
416 4919 504 4975 lratus
511 4920 641 4976 Dominus
651 4921 821 4992 disrumpens
830 4925 910 4979 scidit
922 4940 1033 4996 reguum
1045 4927 1125 4990 illius,

334 5021 363 5065 et
375 5009 436 5066 liliis
450 5012 506 5066 suis
521 5011 581 5066 tulit
593 5021 772 5082 potestatem,
798 5024 827 5069 ut
848 5032 900 5070 non
925 5018 1127 5073 dominarentur

334 5116 417 5171 super
438 5100 524 5157 t'otnnt
545 5102 637 5167 lsrael,
655 5103 701 5159 sed
724 5114 827 5160 tantum
852 5122 934 5176 super
949 5108 1016 5163 duas
1029 5110 1124 5175 tribus,

335 5193 387 5246 hue
399 5201 452 5257 est,
466 5180 533 5247 tuda
554 5203 583 5248 et
606 5193 756 5264 Beniamin.
777 5194 887 5265 Mystico
903 5197 972 5251 idem
987 5197 1124 5264 Salomon,

334 5284 382 5353 qui
408 5284 603 5354 interpretatur
626 5285 765 5357 pacificus,
786 5288 813 5342 in
837 5289 946 5343 nourine
961 5297 987 5343 et
1000 5290 1024 5342 iu
1039 5290 1124 5359 plori-

335 5377 387 5428 bus
400 5374 527 5443 operibns
549 5376 606 5431 sois
626 5376 760 5447 signifieat
779 5393 869 5447 regern
892 5387 1014 5433 nostrum
1035 5380 1126 5451 pacili-

334 5481 410 5529 eum,
422 5466 455 5520 de
471 5481 524 5535 quo
540 5467 672 5538 Propheta
693 5467 753 5523 ait:
772 5466 899 5522 ‹Orietur
916 5470 942 5522 in
956 5469 1050 5524 diebus
1066 5470 1125 5538 ejus

331 5555 441 5624 justitia
453 5564 481 5611 et
496 5557 659 5613 abundantia
685 5558 771 5627 pacis,
794 5558 877 5613 donec
895 5559 1041 5614 extollatur
1064 5560 1126 5615 luna

336 5644 425 5715 (Psoi.
447 5647 532 5720 taxi).
546 5670 555 5700 ι
570 5650 608 5705 lie
621 5666 674 5720 quo
689 5650 757 5704 alius
773 5651 902 5720 propheta
920 5652 985 5705 dicit
1000 5670 1006 5704 :
1022 5653 1128 5706 ‹llulti-

337 5738 486 5809 plicabitur
502 5740 560 5810 ejus
581 5741 732 5810 imperinm,
745 5750 772 5794 et
786 5742 860 5812 pacis
873 5758 925 5796 non
941 5745 992 5797 erit
1008 5743 1068 5799 linis
1081 5761 1127 5800 su·

337 5845 390 5900 per
403 5831 498 5887 solium
514 5832 596 5887 David
611 5842 638 5888 ct
652 5849 732 5903 super
740 5850 854 5909 regnum
866 5835 935 5904 ejus,
948 5844 977 5889 ιιι
987 5838 1129 5891 corrlrrmet

338 5918 405 5975 iiittd
425 5922 450 5975 in
467 5920 570 5990 jndicio
583 5931 609 5977 et
620 5921 725 5991 justitia
738 5925 834 5980 aruoelo
848 5933 876 5979 et
889 5941 974 5995 usque
989 5928 1015 5980 in
1030 5928 1129 5997 sempi-

521 6015 660 6075 l‘aarrac.
683 6014 761 6076 CIX.

1469 4857 1581 4913 cteta
1601 4858 1669 4912 itti.

1370 4930 1408 4982 lla
1428 4928 1542 4983 Robonm
1561 4940 1583 4981 et
1600 4928 1766 4983 llierobomn.

1216 5018 1338 5073 «Finem
1364 5020 1456 5074 babuit
1479 5019 1604 5073 Salomon
1626 5035 1686 5073 eum
1707 5022 1829 5089 patribus
1849 5024 1914 5086 sois,
1939 5033 1963 5077 ct

1182 5128 1191 5159 r
1209 5110 1317 5178 reliquit
1331 5118 1391 5178 post
1404 5125 1433 5165 se
1449 5110 1482 5164 de
1497 5111 1599 5165 semine
1613 5126 1660 5164 sno
1674 5113 1745 5181 genti
1765 5112 1916 5168 stultitiam.
1933 5114 1967 5169 Et

1182 5215 1192 5247 a
1211 5198 1381 5252 ιιιιιιιιιιιιιιιιιι
1394 5215 1409 5252 a
1424 5198 1562 5267 prudentia
1580 5199 1712 5263 llobnam,
1731 5201 1778 5270 qui
1791 5203 1890 5257 avertit
1900 5219 1966 5274 gen-

1183 5298 1264 5342 rtem
1287 5290 1400 5343 cotrsilio
1426 5304 1485 5344 suo.
1506 5310 1515 5342 ι
1538 5289 1623 5358 llujns
1642 5292 1694 5346 loci
1709 5308 1818 5347 sensnm
1840 5296 1965 5349 edisserit

1180 5378 1292 5433 historia
1307 5378 1420 5449 ltegum,
1436 5396 1495 5450 quae
1508 5393 1600 5437 narrat
1618 5384 1688 5451 qnod
1704 5369 1905 5441 lloboam'blius
1917 5387 1965 5440 Sa·

1179 5468 1293 5524 loruoois
1317 5471 1411 5525 relicto
1436 5472 1493 5526 utili
1518 5472 1653 5526 seniorum
1678 5475 1800 5540 consilio,
1825 5476 1964 5531 consilinm

1178 5560 1239 5615 iniit
1250 5576 1311 5614 cnm
1330 5563 1420 5631 pneris
1436 5563 1533 5618 coar-ts
1546 5564 1620 5627 suis,
1638 5574 1666 5619 et
1681 5579 1728 5634 per
1742 5567 1837 5620 durum
1853 5580 1964 5633 respon-

1179 5668 1238 5707 sum
1265 5670 1318 5723 qim
1341 5656 1477 5724 respondit
1500 5656 1617 5725 populo,
1634 5658 1747 5711 dicens:
1765 5675 1774 5706 r
1792 5655 1872 5709 Pater
1889 5670 1966 5709 mens

1179 5743 1268 5811 posuit
1284 5760 1365 5813 snper
1389 5761 1436 5800 ros
1456 5747 1549 5816 jugum
1572 5762 1669 5817 grane:
1694 5761 1744 5815 ego
1763 5754 1851 5798 autem
1868 5744 1965 5798 addara

1180 5849 1261 5905 super
1279 5837 1371 5907 jugum
1392 5850 1518 5892 restrum.
1541 5839 1621 5893 Pater
1641 5853 1715 5891 meus
1737 5836 1834 5891 cecidit
1855 5851 1901 5888 ros
1919 5836 1964 5890 lla·

1180 5928 1266 5996 gellis,
1281 5944 1330 5998 ego
1342 5938 1430 5982 antem
1445 5931 1545 5984 caedam
1560 5945 1607 5983 rus
1621 5926 1807 5995 scorpionibus
1821 5943 1829 5981 a
1845 5928 1965 5984 irritatus

1731 6038 1769 6078 aa
