4709 6767
1954 613 2007 673 ἰιι

382 640 435 699 ¹25
718 631 749 684 D.
769 627 894 683 habam
913 626 1021 680 itabat
1039 624 1200 679 ,attentata
1223 621 1376 677 bolibut.
1395 620 1537 674 fll’b'llfhll
1557 618 1645 671 letias
1666 617 1684 670 l.

381 748 552 817 stabatlnrta
564 756 655 797 aream
668 738 758 796 Ornan
769 736 895 800 lebusci,
919 735 1066 802 levansque
1082 735 1164 787 David
1179 742 1202 798 q
1217 731 1287 783 Arca
1307 728 1414 780 hactum
1432 726 1473 779 vel
1486 741 1547 778 area
1562 724 1650 787 Dran,
1672 724 1728 792 ipsa
1741 732 1782 777 cst
1795 724 1919 778 vilelicet
1932 725 2010 779 leru-

380 838 473 894 o'cnlos
488 831 642 900 suos,vidit
655 829 777 899 angelum
788 828 895 883 Domini
908 834 1022 881 stantem
1038 826 1168 880 intertcr·
1219 820 1312 874 salem.
1329 818 1399 870 lhnit
1412 832 1477 886 ergo
1490 816 1572 869 David
1589 830 1679 868 arcun
1691 823 1718 867 ct
1732 814 1814 867 liores
1841 817 1945 883 argenti
1974 820 2011 871 si-

383 945 438 984 ram
450 936 477 981 ct
491 925 598 988 coelnm,
614 930 641 976 et
655 922 823 991 evaginatum
837 918 953 989 gladium
967 918 994 971 in
1006 932 1085 970 mann
1098 913 1167 986 ejus,
1219 910 1269 963 elis
1283 907 1492 976 quinquaginta,
1514 907 1585 973 quod
1600 906 1626 957 ia
1644 904 1862 971 Paralipomenon
1879 907 1916 958 ita
1943 908 2011 975 legi-

380 1029 408 1076 ιι
422 1032 528 1073 versann
540 1023 634 1069 contra
644 1012 812 1075 lesnsaiem;
837 1019 864 1064 et
876 1009 1031 1063 ceciderunt
1043 1017 1096 1061 tam
1113 1009 1169 1076 ipse
1220 1007 1283 1054 fur:
1310 1016 1318 1048 t
1337 998 1415 1051 Dedit
1435 1012 1499 1065 crgo
1513 996 1597 1048 David
1607 994 1707 1049 firnam
1723 1010 1771 1063 pro
1786 996 1844 1050 loco
1858 998 1940 1052 siclos
1951 1002 2012 1053 auri

380 1124 460 1179 qaenn
477 1105 592 1183 nauperes
614 1110 678 1156 natu
706 1100 794 1155 vestiti
809 1100 905 1154 ciliciis
920 1097 997 1166 proni
1014 1096 1041 1150 in
1068 1105 1168 1150 terram
1217 1091 1361 1160 justissimi
1384 1090 1666 1158 ponderisseucentos
1683 1087 1708 1154 (l
1723 1088 1788 1139 Par.
1806 1091 1904 1159 xxti.»
1932 1092 2013 1146 intel-

381 1202 406 1271 (1
423 1200 488 1253 Dar,
506 1181 576 1265 xxvj.
1221 1181 1357 1251 ligendum
1370 1193 1486 1247 rrarrtqno
1508 1187 1565 1243 cst,
1582 1179 1665 1232 boves
1677 1178 1779 1245 argenti
1798 1178 1871 1232 siclis
1881 1182 2013 1249 qninqua-

418 1312 426 1343 ι
447 1292 570 1359 Dixitque
593 1288 675 1341 David
692 1286 724 1339 ad
740 1285 890 1347 Dorninum,
914 1299 975 1338 eum
998 1282 1109 1335 vidisset
1121 1296 1169 1332 an-
1221 1277 1304 1346 ginta‚
1320 1290 1411 1328 aream
1432 1288 1496 1326 vcro
1515 1273 1652 1326 sexcentis
1667 1272 1757 1325 aureis
1769 1273 1878 1328 emisse.

336 1355 340 1360 ’
356 1417 366 1424 ·-
382 1401 392 1434 r
414 1384 503 1452 gelum
518 1382 663 1441 celantem
681 1377 808 1447 populum
825 1394 830 1428 ε
848 1376 903 1445 ligo
918 1391 976 1428 snm
990 1374 1034 1443 qui
1045 1371 1167 1444 peceavi,
1259 1388 1268 1418 ι
1286 1369 1319 1421 lh
1335 1366 1477 1421 aoihcavh
1493 1366 1528 1419 ihi
1544 1366 1626 1419 David
1641 1366 1725 1418 altare
1737 1365 1860 1431 Domino,
1876 1377 1904 1422 ct
1917 1370 2013 1423 ‹tittvrlit

382 1491 392 1523 ι
413 1487 462 1542 ego
475 1472 566 1539 inique
580 1468 632 1538 egi.
649 1463 704 1531 lsti,
718 1467 762 1535 qni
775 1481 839 1519 ones
859 1473 930 1527 stant,
946 1465 1009 1534 quial
1028 1461 1168 1517 iecerunt?
1223 1477 1233 1511 ι
1256 1458 1412 1512 holocausta
1425 1468 1452 1510 ct
1473 1456 1596 1526 pacifica,
1607 1465 1633 1510 ιι
1648 1456 1838 1525 repropitiatus
1854 1466 1896 1511 cst
1917 1460 2007 1513 Douri-

383 1580 392 1613 ι
416 1561 551 1622 fertatur,
572 1561 695 1620 obsecro,
720 1570 815 1609 manus
834 1564 878 1609 tna
894 1564 988 1608 contra
999 1568 1051 1615 me,
1064 1558 1092 1605 ct
1105 1567 1169 1604 con-
1224 1565 1234 1599 ι
1256 1563 1306 1602 nus
1320 1556 1409 1612 tarrae,
1429 1555 1456 1600 et
1470 1546 1589 1600 cohibita
1603 1554 1646 1599 est
1668 1546 1745 1615 plaga
1760 1546 1794 1599 ab
1809 1546 1899 1600 lsrael.
1915 1568 1925 1599 a
1943 1548 2011 1603 ilinc
2095 1620 2103 1632 ·

382 1670 392 1704 r
416 1660 457 1706 tra
472 1652 580 1704 alon-nm
592 1649 676 1718 patris
691 1646 752 1700 nrei.
768 1645 849 1700 Venit
866 1653 955 1698 atatem
968 1643 1025 1698 Gad
1038 1644 1071 1695 ad
1083 1641 1168 1695 David
1221 1652 1328 1708 quoqne
1341 1636 1428 1690 llerha
1447 1636 1555 1690 Diernm
1571 1636 1751 1690 itanarrant:
1775 1636 2011 1693 ‹Tabernaenlurn

381 1758 391 1793 ι
415 1741 441 1795 in
458 1742 501 1795 dic
515 1740 570 1804 illa,
596 1749 622 1793 et
636 1738 704 1791 dixit
725 1737 770 1791 ei:
797 1736 936 1799 Ascende,
960 1734 1094 1788 constitue
1119 1734 1170 1786 Do·
1221 1736 1309 1781 arrtem
1330 1726 1452 1790 Domini,
1478 1726 1550 1794 qnod
1570 1725 1671 1779 lecerat
1684 1724 1788 1794 Moyses
1803 1725 1829 1778 in
1842 1725 1960 1792 deserto,
1985 1739 2013 1781 ct

381 1849 391 1881 a
414 1831 487 1883 mino
504 1830 588 1882 altare
613 1829 639 1881 in
661 1843 722 1880 arca
735 1827 827 1881 (hnan
839 1823 967 1889 Jebnsaei,
981 1834 1061 1878 etc.»
1089 1822 1170 1876 Doni·
1222 1820 1306 1875 altare
1318 1818 1536 1873 holocaustorum
1553 1832 1585 1871 ca
1598 1824 1758 1885 tempestate
1779 1825 1838 1871 crat
1859 1816 1886 1870 in
1906 1818 2012 1872 excelsu

377 1936 431 1991 que
443 1921 549 1975 Areuna
567 1922 760 1989 interpretatur
783 1934 857 1981 arca,
879 1925 906 1971 ct
922 1916 1011 1970 Ornan
1024 1915 1107 1969 latine
1126 1930 1168 1969 re·
1221 1910 1343 1975 Gabaon,
1368 1918 1395 1964 et
1407 1925 1459 1964 non
1475 1908 1615 1977 praevaluit
1629 1906 1713 1961 David
1726 1908 1766 1962 ire
1777 1908 1812 1961 ad
1826 1908 1920 1974 altare,
1935 1918 1965 1963 ut
1975 1910 2011 1963 ihi

377 2018 457 2064 sonat
471 2009 557 2063 fanen
571 2009 654 2062 trebir.
680 2008 753 2063 Bene
772 2023 836 2076 crgo
852 2006 936 2060 David
951 2020 1011 2059 cum
1025 2004 1167 2058 Dominum
1222 2001 1380 2055 obsecraret
1392 2000 1485 2062 Deum,
1502 1997 1585 2053 nimio
1600 1997 1672 2051 enim
1687 1997 1776 2051 luerat
1792 1998 1889 2053 timore
1910 2008 2012 2067 perter-

378 2115 427 2169 pro
440 2099 550 2161 oflensa,
579 2115 631 2168 qna
644 2099 776 2169 peccavit,
788 2098 898 2167 placare
921 2096 1011 2160 vellet,
1031 2095 1116 2149 altare
1124 2095 1167 2164 ju·
1182 2076 1204 2134 Β
1218 2094 1295 2156 ritus,
1305 2092 1400 2146 videns
1411 2090 1527 2159 gladium
1539 2089 1626 2161 angeli
1639 2089 1757 2143 Domini.
1771 2089 1899 2158 Dixitque
1909 2089 2009 2144 David:

378 2188 457 2242 betur
472 2174 505 2242 'm
527 2205 589 2243 area
610 2191 718 2243 Arcana
735 2188 777 2242 rel
790 2187 869 2242 Druse
890 2195 1058 2250 construere,
1070 2186 1169 2240 utiede
1218 2183 1281 2238 llaec
1295 2190 1336 2237 est
1348 2182 1443 2236 domus
1454 2180 1570 2244 Domini,
1583 2188 1610 2234 ct
1620 2180 1672 2234 boc
1685 2178 1769 2234 altare
1783 2180 1811 2234 in
1825 2180 2011 2235 holocaustum

379 2277 562 2346 tritusqnisqoe
587 2278 788 2347 conjiciatquia
802 2278 880 2331 aliter
906 2276 1038 2330 Divinitas
1065 2277 1098 2329 ab
1120 2277 1169 2330 ho-
1218 2272 1309 2326 lsracl.
1330 2272 1502 2341 Etpraecepit
1523 2278 1553 2324 nt
1575 2278 1806 2341 congregarentur
1828 2286 1922 2325 ornnes
1946 2286 2008 2339 pro·

378 2366 450 2421 minc
466 2367 566 2436 placari
581 2384 632 2423 hon
646 2378 752 2438 potest,
770 2370 820 2422 nisi
843 2369 869 2421 in
884 2383 947 2422 area
965 2368 1113 2434 cordisper
1128 2368 1167 2420 lu·
1217 2362 1293 2432 selyti
1316 2362 1348 2415 dc
1368 2371 1441 2416 terra
1462 2359 1556 2426 lsrael,
1575 2368 1603 2415 et
1628 2361 1769 2416 constituit
1790 2376 1821 2415 ιιι
1844 2362 1883 2415 eis
1898 2361 2012 2415 latomos

378 2469 440 2509 tuen
456 2465 536 2511 certe
551 2458 612 2511 fulci
630 2468 656 2511 et
670 2475 741 2513 verte
752 2458 903 2513 dilectionis
917 2458 1001 2511 altaro
1015 2457 1051 2510 illi
1064 2458 1167 2511 devote
1217 2453 1250 2506 ad
1262 2452 1404 2506 cedendas
1416 2451 1518 2519 lapides
1529 2459 1556 2505 et
1568 2450 1716 2520 poliendos,
1732 2458 1762 2503 nt
1771 2450 1952 2505 aedificaretur
1966 2452 2011 2504 vlia·

378 2544 537 2600 humilitatis
552 2548 708 2612 constituat,
723 2548 748 2601 in
760 2564 813 2615 qno
827 2547 988 2601 sacrificinm
1002 2548 1052 2615 pia
1066 2546 1169 2600 conies-
1216 2557 1277 2595 ratus
1297 2540 1345 2594 1)ιί
1360 2539 1464 2610 (leid).
1483 2559 1492 2591 a
1522 2539 1550 2593 ln
1567 2540 1612 2593 illo
1628 2540 1761 2610 siquidem
1776 2541 1836 2595 loco
1851 2540 1891 2607 (nt
1905 2540 2009 2595 llelnuai

311 2619 314 2624 ⁵
378 2633 461 2688 sionis
473 2649 504 2689 ac
517 2635 603 2689 laudis
625 2635 679 2690 Deo
701 2636 864 2706 acceptabile
880 2636 986 2692 aflerat.
1005 2636 1081 2703 Quod
1096 2646 1169 2691 certe
1223 2626 1374 2700 autumant)
1399 2627 1543 2698 aliqnando
1565 2630 1715 2699 contigerat
1748 2629 1885 2683 Alamham
1909 2629 2007 2680 nihi-re

378 2737 426 2793 per
447 2724 570 2778 cumdem
595 2728 750 2795 prophetam
779 2726 806 2780 in
833 2726 946 2780 Psalmis
969 2725 1168 2790 nranilestatur,
1222 2720 1306 2774 filium
1321 2736 1399 2775 suum
1419 2718 1503 2786 lsaac,
1520 2720 1638 2789 quando,
1653 2734 1714 2773 curu
1734 2718 1791 2787 jum
1805 2728 1914 2789 paratus
1939 2730 2011 2772 esset

377 2811 423 2864 alai
435 2811 532 2864 dicitnr
544 2828 577 2864 cu
591 2826 704 2879 persona
718 2813 822 2866 Domini
839 2831 845 2864 :
869 2831 878 2863 r
901 2812 1067 2867 Sacrificium
1082 2813 1168 2867 landis
1220 2812 1343 2865 occidere
1362 2810 1446 2864 ulium
1458 2825 1546 2874 sunm,
1570 2810 1638 2864 etin
1661 2808 1846 2865 holocaustum
1873 2809 2009 2869 exhihere,

380 2898 566 2952 honorificabit
580 2915 623 2953 me
643 2898 728 2971 (l'saf.
748 2901 909 2967 arraial]
923 2902 1013 2957 idem:
1032 2921 1041 2953 r
1059 2902 1169 2957 Saerih-
1221 2900 1367 2970 improviso
1394 2900 1466 2953 aries
1489 2898 1625 2968 apparuit,
1658 2906 1685 2952 et
1711 2896 1796 2951 altare
1824 2897 2009 2954 circumstetit,

378 2986 461 3049 ciunt,
488 2988 584 3056 inquit,
598 2988 653 3042 Deo
673 2990 783 3058 spiritus
808 2992 1014 3057 contribulatus,
1031 3008 1078 3047 cor
1099 3009 1166 3047 con-
1221 3008 1302 3062 quem
1320 2991 1458 3045 Abraham
1474 2989 1601 3061 prosilio,
1616 2990 1686 3044 sicut
1704 2990 1897 3059 prediximus,
1914 2988 2010 3043 inarno·

380 3077 472 3130 tritum
489 3085 516 3131 ιι
537 3078 706 3132 lmmiliatnrn
722 3080 792 3134 Dens
805 3096 857 3134 non
870 3082 973 3150 spernit
999 3081 1085 3152 (Paaf.
1099 3083 1135 3153 ι).
1154 3102 1164 3135 a
1222 3080 1298 3136 lavit.

382 3221 1998 3241 ’mmm-q

992 3332 1044 3410 ht
1077 3331 1270 3409 LIBRUM
1308 3331 1381 3408 ΙΙΙ.

1062 3493 1327 3508 m—

639 3552 751 3614 CAPUT
764 3554 909 3611 PlllllUll.
1183 3561 1205 3622 (ζ
1220 3556 1296 3612 lsaae
1310 3557 1429 3626 duplices
1443 3558 1528 3613 David
1544 3574 1629 3615 aranos
1646 3560 1749 3625 habuit,
1767 3572 1866 3617 etcum
1889 3563 2011 3620 lii-hecra

381 3643 419 3700 lle
440 3645 700 3700 setrectuteDaridet
719 3647 882 3717 frigiditate,
907 3664 983 3718 queat
1001 3647 1170 3719 calefaciebat
1219 3644 1382 3716 jatnvetula
1411 3664 1547 3718 nunqnam
1576 3650 1691 3706 refrixit.
1718 3652 1806 3707 Taceo
1831 3653 2013 3723 depriorihns

641 3716 738 3787 Abisag
749 3718 904 3771 saturandae.

416 3827 492 3898 (Car.
512 3826 542 3896 ι).
578 3828 635 3881 «Et
650 3843 697 3882 rer
719 3829 803 3883 David
829 3838 977 3896 senuerat,
1000 3830 1170 3900 habebatque

384 3934 394 3968 r
416 3916 502 3970 aetatis
514 3915 644 3983 plurimos
657 3917 724 3971 dics.
748 3915 868 3987 Cumque
887 3919 1040 3988 operiretur
1051 3919 1170 3973 vestibus

383 4022 394 4057 a
416 4020 468 4059 non
488 4004 635 4059 calefiebat.
663 4003 791 4059 Dixemnt
807 4022 871 4077 ergo
885 4008 909 4062 ei
920 4008 990 4062 servi
1009 4010 1071 4063 sni:
1089 4009 1168 4077 Quae-

384 4113 395 4148 ι
417 4111 508 4150 ramus
525 4096 632 4150 domino
645 4104 739 4151 nostro
759 4098 814 4166 regi
835 4098 1061 4153 adolescentulam
1086 4100 1170 4170 virgi·

384 4205 394 4238 ι
416 4202 486 4248 nom,
503 4195 530 4241 ιι
543 4194 595 4242 stet
607 4202 697 4241 eoram
710 4202 783 4257 rege,
798 4197 826 4242 ιι
845 4188 934 4243 foveat
948 4204 1020 4253 carm,
1042 4191 1171 4244 dornriat-

384 4295 395 4328 ι
417 4279 508 4346 quein
523 4278 584 4331 sinu
608 4293 666 4343 suo,
687 4286 714 4334 et
728 4278 870 4333 calefaciat
891 4281 1027 4335 domirmm
1048 4290 1170 4335 nostrum

385 4386 395 4418 ι
418 4384 519 4439 regem.
543 4369 712 4436 Quaesierunt
729 4370 809 4441 igitur
827 4372 1053 4426 adolescentulam
1068 4373 1172 4441 specio·

387 4477 397 4511 r
418 4474 476 4514 sam
488 4459 515 4513 in
527 4458 651 4513 omnibus
666 4458 727 4514 hliis
747 4460 838 4516 lsrael.
865 4461 898 4515 Et
919 4461 1078 4516 invenerunt
1105 4461 1170 4516 hhi-

386 4572 396 4606 ι
419 4568 466 4623 sag
485 4553 662 4615 sunamitem,
688 4563 715 4609 ιι
738 4554 908 4609 adduxerunt
932 4569 994 4609 earn
1013 4557 1047 4610 ad
1068 4570 1168 4625 regem.

386 4663 396 4696 ι
417 4645 482 4700 Erat
495 4653 583 4699 autent
605 4645 693 4713 puella
713 4644 825 4714 pulchra
849 4647 940 4713 nirnis,
968 4648 1171 4716 dormiebatque

387 4752 396 4786 ι
419 4750 480 4790 cum
493 4750 564 4805 rege,
584 4742 612 4789 ct
623 4734 792 4789 ministrabat
810 4735 845 4789 ei.
862 4735 919 4790 llex
931 4750 995 4791 vcro
1007 4752 1059 4789 noa
1072 4752 1171 4806 cogno·

388 4843 397 4874 ι
417 4825 457 4880 vit
468 4839 536 4886 eam,
550 4832 602 4880 ete.
623 4845 633 4877 a
657 4826 753 4891 David,
776 4841 861 4880 uarios
884 4835 964 4880 natus
990 4828 1168 4897 septuaginta,

1222 3744 1286 3791 ante
1303 3736 1432 3790 diluvium
1451 3737 1528 3803 viris,
1542 3738 1586 3807 qni
1601 3749 1661 3808 post
1675 3754 1760 3795 annos
1781 3733 1943 3811 nongentos¹
1960 3762 2012 3798 nrm

1222 3827 1282 3882 dico
1302 3828 1439 3891 senilibus,
1463 3829 1510 3882 sel
1524 3843 1592 3898 pene
1614 3828 1669 3896 jam
1688 3831 1801 3886 cariosis
1822 3833 1946 3896 artubus.
1967 3854 2015 3890 ne-

1223 3935 1358 3989 qaaquam
1367 3919 1500 3990 puellares
1510 3921 1659 3990 quaesivere
1667 3922 1833 3991 corrrplexus.
1846 3924 1925 3980 Certe
1938 3927 2013 3999 livtp-

1222 4024 1275 4073 ses,
1291 4009 1343 4063 dttx
1357 4008 1497 4064 israelitici
1515 4010 1616 4080 populi,
1641 4020 1748 4066 centum
1766 4021 1791 4066 et
1803 4013 1898 4082 viginti
1929 4033 2015 4071 :irritos

1222 4100 1348 4165 hahebat,
1365 4109 1393 4154 et
1409 4100 1556 4169 Sephoram
1573 4117 1626 4155 non
1642 4102 1765 4156 mutavit.
1785 4102 1849 4169 Quae
1862 4114 1903 4158 cst
1930 4107 2015 4174 igitur

1223 4190 1273 4245 ista
1286 4189 1434 4245 Sunamitis
1453 4208 1530 4255 naor,
1555 4201 1581 4247 ct
1603 4192 1680 4264 virgo
1694 4201 1747 4247 tarn
1760 4192 1877 4258 fervens,
1894 4206 1923 4249 nt
1939 4195 2016 4267 frigi-

1222 4278 1285 4335 darm
1297 4279 1467 4344 calefaceret,
1485 4290 1538 4335 tarn
1559 4291 1662 4346 sancta,
1688 4292 1717 4338 nt
1739 4283 1872 4338 calentem
1897 4286 1931 4340 ad
1955 4286 2015 4340 lihi-

1222 4370 1312 4426 dinem
1327 4387 1381 4426 non
1397 4373 1581 4441 provocaret?
1596 4373 1718 4443 Exponat
1731 4373 1946 4443 sapientissimus
1962 4376 2011 4429 Sa·

1222 4462 1312 4515 lomon
1332 4464 1469 4532 patrissui
1486 4463 1606 4526 delicias,
1626 4472 1653 4518 ct
1667 4464 1795 4535 pacificus
1811 4464 1948 4520 bellatoris
1963 4466 2014 4519 viai

1222 4559 1315 4604 narret
1326 4552 1473 4620 amplexos.
1494 4571 1503 4603 ι
1526 4552 1636 4607 Posside
1660 4554 1829 4623 sapientiam,
1856 4556 1962 4624 posside
1974 4557 2016 4609 in-

1222 4638 1406 4709 telligentiam,
1435 4657 1469 4696 nc
1493 4642 1674 4708 obliviscaris,
1692 4652 1719 4697 ct
1743 4659 1775 4697 ne
1797 4644 1976 4699 declinaveris
2000 4661 2015 4697 a

1221 4730 1312 4783 verbis
1325 4731 1380 4785 oris
1394 4731 1457 4785 mci.
1483 4731 1523 4787 Ne
1536 4733 1712 4802 dereliqueris
1725 4749 1796 4799 earu,
1821 4744 1848 4789 et
1864 4734 2017 4805 apprehen-

1222 4820 1268 4874 det
1281 4830 1326 4887 te;
1347 4837 1405 4875 anta
1423 4822 1507 4889 illam,
1532 4834 1558 4878 et
1583 4824 1702 4881 servabit
1726 4832 1761 4878 te.
1788 4823 1956 4893 Principiam
1970 4840 2014 4879 sa-

384 4915 528 4970 bellicosus
554 4915 688 4984 qnondam
703 4915 755 4978 vir,
775 4922 914 4968 senectute
933 4914 1103 4984 frigescente,
1119 4932 1172 4971 non
1188 4912 1333 4982 Dpicntioe
1346 4914 1453 4983 posside
1471 4915 1651 4984 sapientiam,
1671 4924 1702 4986 et·
1713 4915 1740 4968 in
1756 4914 1829 4969 omni
1844 4915 2016 4987 possessione

385 5014 490 5075 poterat
501 5004 627 5060 calefieri.
643 5003 778 5071 Queritnr
793 5004 884 5074 itaque
906 5004 994 5074 puella
1018 5006 1051 5060 de
1063 5007 1172 5060 univer-

385 5090 424 5149 sis
436 5094 498 5149 filiis
517 5093 599 5149 lsrael
612 5094 711 5165 Abisag
728 5093 884 5159 Suriamitis,
899 5111 959 5165 qum
969 5110 1030 5150 cum
1041 5112 1104 5167 rege
1114 5097 1173 5152 dor·

386 5186 478 5251 miret,
493 5194 520 5241 et
544 5184 628 5240 senile
648 5200 746 5254 eorpus
760 5184 928 5240 calefaceret.
954 5184 1048 5239 Noniae
1075 5186 1122 5240 tihi
1134 5187 1172 5240 vi-

387 5274 476 5338 detur,
488 5275 510 5329 si
524 5275 690 5330 occidentem
701 5276 814 5347 signaris
825 5275 952 5340 litteram,
963 5276 1004 5330 vel
1017 5276 1173 5347 figmentum

374 5375 447 5417 -esse
459 5364 491 5417 de
505 5364 598 5428 minio,
616 5364 658 5419 vel
671 5373 730 5419 arte
751 5363 873 5419 lanarum
900 5365 1029 5420 ludicra?
1049 5366 1173 5435 Frigidus

387 5467 469 5509 senex
484 5453 634 5509 obvolvitur
653 5455 830 5520 vestimentis,
851 5462 878 5510 ct
889 5454 940 5509 nisi
956 5455 1094 5524 complexu
1109 5457 1173 5510 ado-

375 5542 549 5610 -tescemulae,
572 5561 624 5600 non
639 5546 759 5615 tepescit.
786 5545 899 5601 Vivebat
921 5547 1009 5601 adhuc
1028 5547 1171 5614 Bersabee,

387 5635 643 5707 supereratllbigail
665 5647 692 5692 et
714 5638 823 5706 reliquae
837 5653 935 5692 uxores
956 5647 983 5693 ιι
1004 5639 1169 5704 concubina,

388 5740 456 5795 quas
478 5726 617 5795 Scriptura
638 5727 847 5793 connnemorat,
862 5744 956 5783 enarres
975 5730 1053 5798 quasi
1069 5729 1173 5800 lagidae

389 5816 574 5884 repudiantur,
593 5824 620 5870 et
634 5817 660 5870 in
683 5817 762 5871 utrius
777 5825 879 5871 tanturn
894 5819 1051 5888 grandaevos
1062 5820 1173 5874 calescit

389 5905 563 5975 amplexibus.
577 5905 712 5960 Abraham
727 5922 790 5961 vero
803 5906 885 5962 multo
905 5908 988 5961 David
1001 5908 1090 5963 senior
1102 5907 1152 5962 fnit
1165 5927 1171 5962 :

390 6002 419 6048 et
429 6002 517 6051 ιιιιιιιι
532 5998 637 6053 vivente
652 5996 728 6065 Sara,
747 5997 827 6053 aliam
845 6015 897 6055 ιιοιι
911 5998 1034 6069 quesivit
1048 6013 1170 6054 uxorem.

1224 5008 1268 5055 tna
1283 5002 1390 5072 posside
1406 5003 1621 5075 intelligentiam.
1634 5005 1776 5060 Cirenmda
1795 5005 1880 5071 illam,
1895 5015 1922 5060 et
1940 5006 2016 5060 caal-

1225 5092 1293 5145 tahit
1308 5102 1342 5145 ιι.
1374 5092 1479 5148 lionora
1496 5095 1579 5159 illam,
1603 5105 1630 5148 et
1651 5095 1849 5166 arttplexalitur
1872 5104 1909 5161 ιι,
1927 5104 1956 5148 ιιι
1971 5098 2016 5149 det

1224 5182 1304 5252 capiti
1319 5190 1500 5238 tuncoronam
1526 5186 1685 5255 gratiarnm,
1713 5202 1812 5240 corona
1829 5203 1936 5257 quemve
1950 5188 2017 5241 deeli-

1225 5272 1327 5327 ciarum
1339 5282 1462 5345 proteget
1475 5283 1501 5327 te
1525 5275 1615 5344 (Pron.
1631 5276 1679 5348 ιι).
1696 5298 1705 5331 ι
1731 5277 1830 5334 Omnes
1843 5294 1911 5347 pene
1932 5280 2016 5332 virtu-

1227 5371 1267 5418 tes
1278 5368 1401 5434 corporis
1412 5375 1552 5419 mutantur
1569 5368 1596 5420 in
1612 5368 1733 5431 senibus,
1754 5378 1790 5431 et,
1806 5376 1946 5421 crescente
1959 5367 2015 5419 saia

1226 5455 1370 5523 sapientia,
1398 5457 1559 5509 decrescunt
1573 5465 1681 5510 catana.
1703 5456 1818 5526 lejnnia,
1837 5456 2014 5519 eisarneinaim,

1226 5543 1279 5599 hue
1304 5546 1419 5614 illaeque
1445 5546 1612 5610 descensus,
1635 5562 1667 5617 pe
1683 5548 1838 5617 egvinorum
1869 5546 2016 5616 susceptio,

1225 5634 1345 5690 defensio
1360 5650 1517 5705 pauperum,
1542 5637 1669 5690 instantia
1687 5638 1850 5701 erasionum,
1875 5644 1903 5690 et
1925 5651 2017 5704 perse-

1226 5730 1356 5795 verantia,
1372 5729 1490 5784 visitatio
1504 5728 1782 5800 languentinm‚iahor
1792 5743 1931 5792 tnmruum,
1946 5728 2017 5782 narde

1226 5820 1396 5887 praebeantur
1410 5818 1596 5890 eleemosyna,
1621 5827 1648 5873 ct
1671 5818 1716 5890 (ne
1733 5833 1886 5873 sermonem
1911 5815 2017 5887 longius

1226 5909 1341 5980 traham)
1366 5919 1472 5973 cuncta,
1494 5925 1554 5975 quae
1567 5923 1615 5978 per
1628 5921 1725 5977 corpus
1738 5914 1911 5968 exercentur,
1928 5903 2017 5957 fracto

1226 6015 1348 6071 corpore,
1363 5997 1468 6056 aninor'a
1488 5997 1564 6053 fiunt.
1582 5996 1635 6053 Nee
1652 5997 1703 6053 boc
1723 5998 1792 6063 dico,
1817 5996 1887 6065 qnod
1898 5995 1925 6049 in
1937 5993 2015 6061 juve-
