4709 6767
353 612 403 670 est
670 608 701 663 B.
721 592 848 662 nahath
868 605 978 663 nsunt
996 605 1158 662 ancittae.
1179 604 1335 662 nocuus.
1355 603 1499 661 ornanti
1516 604 1607 660 PARS
1626 600 1646 658 i.
1934 607 1989 662 *m

353 733 549 790 vitainstanter
562 742 715 796 operemur,
731 739 781 779 nce
794 722 936 777 inlinuitas
950 720 1019 775 taedii
1031 726 1144 789 occupet
1157 720 1181 779 Α
1197 737 1210 768 c
1223 717 1301 773 bibas
1314 718 1377 773 ilhrd
1388 717 1607 781 uroderate,cris
1622 717 1736 772 sobrius.
1755 738 1766 769 v
1781 717 1841 774 lion
1857 722 1931 775 enirn
1949 723 1989 776 ri-

353 838 420 888 nos,
436 823 481 878 sed
495 821 557 875 duam
569 828 674 886 tempus
686 816 828 881 habemns,
842 828 987 884 operemur
996 815 1095 868 imarum
1107 812 1141 866 ad
1194 826 1258 864 unm
1273 810 1410 864 moderate
1421 817 1543 878 potatum
1554 823 1659 878 aequam
1673 808 1756 862 vitam
1770 808 1930 865 lruruinihus
1940 811 1989 865 tol·

353 927 458 976 onmes,
471 910 533 981 quia
546 924 596 963 nec
607 917 722 979 tempus,
737 921 788 962 nec
801 906 870 961 ratio
882 914 924 959 est
934 904 1061 973 operandi
1072 903 1142 973 apud
1192 899 1233 962 lit,
1251 899 1298 953 sed
1317 897 1490 952 sobrietatem
1503 911 1565 952 euru
1580 896 1685 951 muteris
1698 896 1830 951 uirtutum
1841 912 1990 954 ornamen-

355 1003 466 1066 inferos,
481 999 687 1070 sedpostfmem
698 998 839 1069 praesentis
850 995 1090 1066 vitoejustojudice
1103 1009 1144 1048 re-
1193 992 1229 1044 tis
1250 990 1367 1043 adducit.
1385 988 1455 1055 Quid
1476 997 1566 1042 antem
1588 987 1651 1042 mali
1669 988 1788 1044 ebrietas
1805 990 1993 1047 sectatoribus

354 1091 489 1145 tribuente
515 1089 646 1160 percipiet
675 1088 859 1157 unusquisque
885 1086 994 1155 propria
1021 1084 1142 1155 corporis
1194 1081 1327 1147 conferat,
1342 1096 1457 1150 sequeus
1469 1079 1603 1135 sententia
1616 1078 1781 1147 manifestat.

353 1193 435 1254 prout
448 1183 531 1251 gessit
541 1182 599 1236 sive
612 1182 712 1236 bonnm
725 1179 782 1234 sive
797 1178 906 1232 malum.
922 1175 989 1231 llnic
1004 1175 1144 1231 sententiae
1233 1191 1243 1225 a
1259 1173 1324 1240 Qnae
1337 1173 1390 1227 vita
1403 1182 1445 1227 est
1457 1170 1482 1225 ei
1502 1172 1548 1241 qui
1562 1170 1693 1224 minuitur
1705 1171 1789 1225 vino?
1800 1171 1870 1242 quid
1882 1172 1994 1228 defrau-

355 1272 443 1326 struite
462 1279 505 1325 cst
525 1272 590 1330 hoe,
613 1268 684 1340 qnod
700 1268 726 1321 in
748 1265 902 1322 Proverbiis
924 1266 1052 1335 scriplum
1072 1273 1114 1318 cst
1135 1281 1142 1317 :
1196 1265 1243 1320 dat
1253 1266 1347 1328 vitam,
1361 1262 1470 1318 morsi»
1485 1261 1584 1317 birrum
1598 1271 1724 1328 mortem,
1738 1262 1791 1319 lroc
1803 1274 1861 1331 est,
1876 1264 1995 1321 ebrieta-

358 1379 369 1414 ι
385 1361 482 1423 Vidisti
496 1362 583 1414 virum
595 1359 715 1414 velocem
727 1357 753 1411 in
768 1372 849 1426 opere
860 1371 920 1420 sno,
933 1370 1025 1410 coram
1038 1354 1146 1423 regibus
1197 1363 1251 1408 tem
1276 1354 1338 1408 vitae
1358 1351 1568 1408 interfectricem
1588 1363 1746 1424 nuncupat,
1768 1354 1836 1424 qnia
1863 1356 1998 1413 vivacitas

356 1451 449 1514 stabit,
467 1465 516 1505 nee
528 1448 581 1504 erit
593 1457 657 1503 aute
671 1445 801 1514 ignobiles
817 1443 912 1516 (Pron.
929 1442 1013 1512 xxvii.
1036 1463 1050 1496 r.
1067 1441 1146 1497 Sciii·
1196 1460 1292 1500 sensns
1304 1443 1367 1498 inde
1379 1442 1530 1508 minuitur,
1548 1450 1576 1497 et
1587 1443 1717 1514 agritudo
1729 1444 1859 1515 corporis
1870 1445 1935 1502 inde
1948 1463 1994 1519 ge·

356 1550 400 1597 eet
412 1553 599 1611 quemcunque
611 1537 728 1592 velocem
743 1535 841 1590 videris
855 1534 1043 1605 inoperosuo,
1056 1533 1145 1599 idest,
1197 1543 1318 1591 seratur.
1334 1534 1415 1601 Quasi
1426 1534 1499 1588 enim
1514 1533 1678 1604 increpando
1693 1534 1779 1604 ipsam
1794 1544 1934 1602 mortem,
1947 1552 1995 1593 car

356 1630 385 1686 in
399 1645 480 1701 opere
499 1630 589 1693 bono,
607 1627 678 1696 quod
692 1631 717 1680 el
734 1636 793 1679 erat
808 1623 898 1679 lacere
911 1632 1051 1678 strenuum
1066 1629 1147 1692 atque
1197 1629 1281 1683 vitam
1299 1625 1439 1682 defraudet
1450 1626 1608 1696 interrogat,
1623 1626 1685 1696 qnia
1699 1625 1812 1681 nimiam
1826 1628 1993 1699 pontionem

357 1719 512 1777 sollicitum.
531 1718 600 1772 scito
615 1717 686 1771 lrunc
698 1715 725 1769 in
745 1714 788 1770 die
799 1711 938 1768 novissimi
954 1711 1087 1766 examinis
1102 1726 1148 1766 co
1198 1718 1275 1789 qnasi
1295 1716 1411 1773 bominis
1426 1715 1605 1787 deceptricem
1620 1716 1774 1787 vituperans
1788 1716 1916 1771 damnat.

358 1828 417 1868 ram
432 1811 574 1882 apostolis,
597 1810 643 1880 qui
661 1824 722 1864 cum
736 1807 845 1863 Christo
858 1805 987 1860 mnndum
998 1802 1147 1873 iudicaturi
1496 1827 1609 1883 CAPUT
1629 1827 1696 1883 qm

358 1903 504 1968 sedebunt,
517 1915 578 1956 esse
590 1906 737 1964 statutum,
755 1897 818 1968 qnia
830 1895 955 1951 videlicet
966 1909 1059 1949 carum
1071 1892 1148 1963 jussa
1510 1896 1547 1951 lie
1557 1897 1689 1952 ebrietate.

358 1996 520 2059 servaverit,
549 2009 638 2062 ucquc
660 1993 686 2046 in
710 2000 787 2063 parte
814 1988 970 2060 ignobilium
996 1987 1146 2050 doctorum,
1238 1988 1364 2045 «Vinum
1383 1988 1617 2061 ingncnuditatem
1636 1998 1756 2045 creatum
1777 2001 1870 2047 estet
1890 2008 1945 2048 non
1969 1996 1995 2051 in

358 2100 473 2154 qnorum
486 2084 617 2140 cavefecit
630 2097 760 2147 errorem,
776 2081 829 2135 hoe
842 2088 893 2144 est,
910 2080 945 2133 ad
957 2077 1094 2133 sinistram
1106 2074 1148 2144 in·
1162 2071 1186 2130 Β
1200 2082 1357 2138 ebrietatem
1376 2082 1411 2137 ab
1427 2081 1513 2136 initio.
1530 2099 1539 2132 u
1554 2081 1594 2135 Ad
1608 2082 1659 2137 boc
1674 2082 1747 2136 euim
1767 2092 1883 2139 creator
1894 2086 1999 2142 fructus.

361 2178 430 2232 dieis
443 2192 504 2231 esse
517 2174 680 2245 ponendum.
1202 2184 1323 2230 terrenos
1334 2172 1462 2237 condidit,
1474 2181 1505 2227 ut
1514 2172 1650 2243 homoqui
1660 2188 1676 2227 a
1686 2172 1790 2229 factore
1803 2190 1857 2230 suo
1868 2175 1998 2233 boninus

398 2284 408 2315 t
427 2264 601 2334 Splendidam
616 2264 643 2317 in
663 2262 776 2333 pertibus
794 2259 954 2316 benedicent
967 2257 1039 2314 labia
1051 2257 1150 2313 mulli)-
1201 2275 1281 2322 terrae
1302 2265 1464 2321 corastitutus
1482 2272 1534 2329 cst,
1546 2263 1658 2318 baberet
1672 2263 1734 2319 inde
1755 2266 1920 2336 temporalis
1938 2268 1996 2322 vita

363 2373 447 2412 arvum
461 2357 474 2422 ,'
486 2367 513 2413 et
529 2358 713 2414 testimonium
733 2358 857 2413 veritatis
869 2356 941 2411 illins
955 2354 1042 2410 fidele.
1061 2353 1149 2409 »Hac
1201 2358 1377 2422 alimentum,
1395 2372 1448 2411 non
1470 2355 1596 2411 sanitatis
1615 2370 1671 2411 suas
1691 2355 1901 2413 detrimentum.
1923 2358 1998 2426 Urnis

359 2451 492 2506 serrmnua
504 2451 610 2505 videtur
620 2449 698 2518 juxta
714 2449 855 2503 historiam
869 2447 902 2502 ad
916 2446 1148 2515 eleemosynarnm
1200 2451 1312 2519 deipsis
1329 2449 1460 2504 tractibus
1476 2456 1571 2514 terrae,
1590 2449 1642 2503 hoe
1666 2455 1707 2503 est
1731 2445 1875 2504 frumento
1889 2458 1918 2504 ot
1936 2450 1995 2503 rino

359 2538 511 2611 largitatem
523 2554 573 2595 nos
583 2540 722 2594 exhortari
736 2557 743 2594 z
757 2539 894 2607 qnoniam,
906 2534 986 2605 iuxta
998 2534 1148 2605 apostolum
1200 2539 1258 2609 ipsc
1270 2539 1399 2594 Conditor
1411 2554 1502 2592 rerum
1520 2545 1549 2592 et
1562 2535 1725 2606 Redemptor
1742 2537 1891 2594 bominum
1907 2549 1993 2609 aptum

360 2628 483 2696 Paulum,
499 2648 509 2682 a
527 2630 572 2699 qni
586 2644 667 2699 parce
680 2629 805 2692 seminat,
817 2643 899 2697 parce
910 2636 939 2681 ct
953 2634 1045 2691 metet,
1061 2624 1149 2694 etqui

359 2724 476 2777 seuduat
489 2723 517 2777 in
531 2723 780 2785 benedictionibus,
796 2721 828 2775 dc
845 2720 1077 2775 benedictionibus
1094 2734 1150 2774 tric:-

362 2822 400 2869 tet
422 2814 504 2867 vitam
522 2821 669 2877 aeternam
696 2812 808 2867 hilarem
830 2811 902 2866 cuim
923 2810 1045 2864 datorem
1064 2807 1150 2878 diligit

361 2906 432 2960 Deris
452 2903 498 2977 (ll
518 2903 579 2959 Cor.
596 2905 652 2977 rx).
671 2922 681 2956 r
703 2903 869 2974 Spiritaliter
883 2912 971 2958 antem
992 2902 1038 2972 qui
1051 2916 1148 2972 panem

360 2995 435 3050 verbi
446 2994 493 3049 bei
503 2994 632 3066 proximis
642 2994 698 3049 suis
712 2993 826 3047 lldelitcr
836 2991 972 3060 expendit,
985 3001 1013 3045 et
1029 2989 1150 3045 testimo·

360 3087 436 3141 trium
448 3086 570 3142 veritatis
587 3101 678 3142 eoram
687 3082 1005 3141 benevolisauditoribus
1021 3096 1075 3135 uon
1088 3081 1149 3135 abs-

360 3177 463 3241 condit,
488 3192 504 3231 a
522 3177 614 3231 multis
635 3176 749 3246 accipiet
763 3175 870 3230 laudem
891 3173 1098 3238 benedictionis,
1122 3180 1150 3227 ct

361 3266 470 3335 abipso
482 3267 596 3322 Domino
607 3267 711 3322 hauriet
723 3266 838 3337 gratiam
857 3265 1028 3335 sempiternae
1046 3279 1151 3320 merce

1201 2630 1361 2702 nvysterium
1374 2629 1478 2685 faciens
1491 2628 1519 2684 in
1531 2629 1651 2699 eorporis
1661 2638 1687 2682 ct
1697 2629 1846 2700 sanguinis
1856 2631 1898 2686 sni
1910 2647 1998 2689 saeva·

1200 2729 1321 2777 mentum
1332 2721 1475 2777 convertit.
1487 2719 1527 2774 Dc
1537 2734 1591 2790 quo
1603 2719 1629 2774 iu
1642 2718 1778 2789 Propheta
1791 2722 1928 2792 scripturn
1937 2731 1994 2778 ml:

1203 2831 1213 2865 a
1231 2813 1328 2869 Vinum
1341 2812 1458 2868 laetificat
1470 2810 1654 2875 corbonviuis,
1670 2830 1679 2863 u
1694 2820 1761 2877 etc,
1779 2830 1790 2862 ι
1805 2814 1888 2883 paruis
1899 2814 1996 2869 corbe

1201 2903 1283 2959 nuituis
1298 2902 1439 2959 confirmat
1450 2900 1543 2976 (Paul.
1555 2901 1630 2972 eurr).
1649 2921 1658 2953 i
1672 2900 1707 2957 Ut
1720 2902 1845 2958 frumana
1860 2915 1958 2961 natura
1971 2907 1998 2961 ia

1201 3006 1314 3065 utraque
1338 2996 1490 3051 substantia
1514 2996 1627 3051 baberet
1647 3009 1704 3048 snae
1728 2994 1831 3050 salutis
1849 2998 1998 3051 nutrimen·

1201 3098 1269 3153 turn,
1285 3097 1312 3143 et
1324 3089 1385 3145 inde
1404 3087 1542 3143 uberiores
1553 3086 1654 3159 gratias
1675 3087 1783 3140 auctori
1804 3103 1857 3142 suo
1877 3087 1999 3152 referret,

1201 3194 1255 3249 quo
1267 3178 1318 3236 sibi
1327 3177 1453 3234 omnibus
1464 3189 1534 3233 osne
1545 3192 1578 3232 ae
1589 3175 1691 3232 utiliter
1705 3175 1852 3245 provisum
1862 3194 1925 3234 esse
1937 3195 1994 3234 stat-

1202 3268 1275 3324 ticet.

361 3357 412 3411 dis.
426 3355 497 3411 ilinc
508 3363 535 3410 et
548 3356 575 3411 in
586 3356 741 3410 Proverbiis
757 3355 960 3424 scriptumest:
979 3371 988 3405 r
1006 3354 1045 3410 lie
1059 3354 1149 3410 frnotn
1240 3358 1415 3415 ‹Exsultatio
1425 3358 1522 3413 animae
1531 3365 1559 3413 et
1570 3356 1671 3423 cordis,
1687 3356 1783 3412 vitrum
1799 3356 1995 3428 moderatepo-

360 3449 417 3505 oris
429 3450 480 3503 viri
492 3448 639 3520 replebitur
647 3458 740 3503 venter
752 3445 820 3516 ejus,
832 3454 860 3502 et
870 3446 1005 3517 genimina
1017 3446 1150 3503 labiorum
1162 3425 1186 3488 C
1205 3471 1215 3504 r
1232 3460 1325 3507 tatum.
1343 3470 1354 3504 a
1370 3452 1472 3509 Eadem
1484 3452 1582 3523 saepius
1599 3452 1697 3524 repetit
1709 3493 1718 3517 ,
1733 3460 1764 3507 ut
1776 3468 1877 3508 eornm
1897 3467 1994 3508 memo·

360 3538 419 3607 ejus
432 3539 591 3593 maturabunt
604 3537 687 3596 eunti
698 3535 775 3591 Proo.
789 3538 882 3609 svnt).
897 3556 908 3590 u
923 3537 942 3590 Ε
956 3536 1093 3591 eottlrariu
1105 3549 1151 3592 ve·
1201 3544 1268 3598 riam
1291 3544 1318 3599 itt
1335 3543 1487 3599 auditorum
1499 3559 1610 3599 suorum
1630 3544 1767 3600 mentibus
1791 3543 1893 3600 fortius
1915 3545 1993 3616 figat,

360 3641 392 3683 ro
407 3627 987 3697 quiddeomretioornmperversadoctrina
1001 3628 1149 3699 subsequa·
1200 3645 1227 3692 ea
1252 3637 1380 3692 virtutum
1402 3636 1501 3692 seriem
1530 3637 1710 3705 decoremque
1731 3634 1823 3706 magis
1847 3634 1902 3691 illis
1925 3649 1992 3690 eom-

363 3732 418 3787 tur,
433 3723 598 3777 audiamus:
1201 3726 1331 3790 meudet,
1353 3724 1480 3780 vitiorum
1496 3740 1560 3779 vcro
1573 3723 1767 3793 turpitudinem
1786 3730 1816 3777 et
1833 3723 1991 3777 noxietatem

401 3832 411 3863 r
429 3813 458 3867 lu
478 3813 643 3881 nequissimo
656 3828 726 3883 parre
741 3812 920 3868 murmurabit
937 3812 1052 3877 civitas,
1067 3820 1094 3868 el
1110 3822 1151 3868 te-
1201 3817 1347 3872 sccundum
1363 3815 1569 3886 possibilitatem
1588 3830 1666 3871 suam
1683 3813 1809 3870 funditus
1825 3815 1990 3871 exterminet.

363 3906 541 3960 ‹stiruoniurn
558 3906 683 3975 nequitiae
702 3906 773 3962 iliius
786 3922 879 3962 verum
896 3916 971 3961 est.»
997 3905 1026 3960 ln
1043 3906 1152 3975 nequis-
1202 3904 1317 3961 Proinde
1331 3906 1420 3961 adbuc
1432 3906 1545 3971 addidit,
1560 3914 1588 3961 et
1599 3906 1665 3961 dicit
1681 3922 1687 3961 ε

361 3998 430 4049 siano
452 4011 517 4064 ergo
544 3996 669 4067 dogmate
688 3998 877 4052 haeretieorum
901 3997 947 4068 qni
970 3997 1152 4054 adulterantes
1240 3998 1363 4052 «Vinum
1378 3997 1491 4053 multum
1507 3985 1628 4069 potatn⁸m
1650 3997 1854 4063 irritationem,
1871 4008 1901 4053 et
1916 3997 1991 4059 inu,

361 4086 472 4141 verbum
486 4086 534 4141 liei
546 4102 599 4141 nou
612 4102 680 4155 pane
690 4088 762 4153 vitae,
778 4088 825 4142 sed
839 4103 908 4157 pane
919 4096 1065 4156 pascuntur
1077 4102 1152 4143 meu-
1205 4097 1257 4143 ‹et
1278 4089 1369 4145 mitras
1386 4088 1485 4144 multas
1505 4087 1578 4142 lacit.
1601 4087 1759 4142 Amaritndo
1783 4087 1884 4142 nrimae
1908 4086 1992 4141 uiuunt

361 4176 430 4229 dacii
443 4216 451 4241 ,
464 4176 594 4246 quidquid
611 4176 723 4247 pestifer
734 4192 824 4233 sermo
838 4193 932 4233 eorum
952 4176 1065 4246 profert,
1085 4193 1152 4248 qno-
1200 4167 1215 4232 'a
1234 4180 1346 4234 multum
1356 4189 1495 4251 potatum,
1509 4180 1650 4235 ebrietatis
1665 4179 1827 4235 animositas
1839 4180 1990 4251 imprndm·

361 4265 435 4319 ruiana
454 4280 548 4320 verum
570 4273 611 4321 est
631 4266 814 4321 testimouium
835 4266 906 4336 qnod
924 4266 1151 4335 decisscriptnm
1205 4290 1215 4324 a
1234 4273 1269 4327 tis
1290 4270 1403 4328 offensio
1426 4289 1434 4325 a
1458 4272 1596 4327 minorans
1615 4270 1753 4335 virtutem,
1770 4280 1800 4326 et
1817 4269 1923 4327 facimus
1940 4268 1992 4324 roi·

360 4369 403 4413 est
419 4376 427 4412 ε
445 4377 455 4410 r
469 4358 558 4413 Testis
568 4357 652 4413 falsus
666 4375 719 4414 non
731 4359 784 4415 erit
795 4359 953 4430 impunitus,
965 4367 992 4415 et
1006 4359 1052 4428 qni
1065 4357 1153 4428 loqui·
1203 4378 1279 4418 nera.
1298 4383 1308 4415 r
1323 4363 1393 4431 Quid
1404 4363 1520 4418 lucidius
1532 4361 1586 4417 dici
1599 4362 1697 4433 potnit,
1709 4376 1794 4432 quarn
1804 4362 1995 4427 irritationem,

362 4456 407 4501 tur
419 4446 601 4511 mendacium,
618 4446 725 4516 diribit-
745 4466 755 4499 t
1203 4454 1271 4509 iram
1284 4463 1312 4509 et
1325 4455 1417 4509 minas
1431 4453 1529 4508 nrrrltas
1540 4469 1574 4507 ex
1588 4452 1719 4508 ebrietate
1734 4453 1824 4517 nasci,
1839 4450 1993 4507 amaritudi-

400 4536 595 4593 rlielectantes
606 4538 633 4593 in
645 4538 709 4593 vino
722 4536 776 4592 noli
793 4550 951 4606 pmuoeare,
964 4544 1063 4592 munos
1077 4535 1149 4592 eninr
1202 4561 1264 4600 nem
1286 4543 1384 4600 animae
1403 4544 1465 4599 inde
1483 4542 1617 4613 generari,
1641 4542 1823 4613 imprudentis
1844 4544 1992 4600 animosam

364 4646 374 4681 a
390 4629 580 4684 exterminavit
592 4628 692 4685 vinum.
708 4648 718 4682 u
731 4628 815 4683 Docet
824 4642 874 4683 uos
881 4626 923 4681 vir
933 4626 1151 4693 Ecclesiasticus,
1202 4617 1377 4693 offendissem
1391 4636 1454 4692 inde
1464 4636 1545 4702 oriri,
1557 4635 1687 4692 virtutum
1699 4634 1800 4691 seriem
1814 4635 1992 4692 &emenda

361 4736 396 4774 ue
406 4720 631 4775 commisceamur
645 4720 770 4785 ebriosis,
785 4720 849 4790 quia
863 4717 956 4775 faciles
969 4718 1078 4773 suntad
1094 4719 1149 4773 ira·
1205 4728 1355 4793 minorari,
1374 4737 1402 4782 er
1416 4725 1517 4782 scelera
1528 4725 1640 4781 vulnera
1651 4721 1852 4796 nrultiplicari?
1867 4722 1945 4781 Unde
1960 4724 1992 4779 le-

361 4809 500 4865 scendum.
516 4829 525 4860 ι
543 4808 639 4865 llultos
651 4811 723 4865 eninr
738 4810 928 4865 exterminavit
944 4810 1055 4874 vinum,
1073 4828 1083 4862 u
1100 4808 1152 4864 boc
1203 4817 1238 4872 151
1254 4826 1297 4873 esa
1309 4816 1355 4887 qui
1368 4832 1398 4871 se
1411 4826 1490 4873 caver
1500 4817 1534 4871 ab
1548 4814 1698 4885 hujusmodi
1713 4824 1811 4884 peste,
1824 4825 1854 4870 et
1865 4830 1943 4887 spent
1954 4828 1992 4870 sa-

361 4907 413 4964 0⁸b
428 4896 526 4952 fflfl¹¹⁰⁸
544 4897 676 4952 subvestit
699 4897 903 4966 ebrietasque
921 4905 949 4952 θῑ
972 4913 1081 4953 ⁸0⁰⁸¹¹¹¹¹
1101 4896 1153 4953 ¹1¹5·
1202 4908 1266 4965 lutis
1285 4923 1341 4964 suae
1365 4908 1393 4963 in
1410 4906 1515 4962 Dounim
1538 4907 1678 4962 constituit
1699 4904 1852 4960 voluntate.
1876 4903 1992 4962 cmodt

361 4988 431 5048 vtnit,
443 4986 511 5041 iram
523 4985 633 5052 excitat,
646 4985 782 5040 libidinem
794 4985 953 5052 inflammat,
965 4986 1049 5040 animi
1061 5001 1151 5043 seore-

363 5085 418 5130 tum
433 5090 481 5146 per
490 5074 611 5131 furorem
623 5084 670 5130 ant
680 5090 800 5131 amorem
812 5076 941 5131 denudat.
957 5076 1033 5132 Unde
1044 5074 1151 5143 subjun-

362 5168 435 5237 gitur
449 5183 456 5221 a

401 5275 410 5306 ι
428 5256 497 5327 lgnis
508 5260 603 5327 probat
618 5259 718 5315 ferrum
734 5259 841 5326 durum,
854 5260 894 5316 sic
904 5260 995 5315 vinum
1008 5261 1089 5317 corda
1100 5277 1147 5317 su-

366 5367 375 5400 r
389 5341 533 5416 perborum
545 5360 640 5420 arguet
650 5352 676 5406 in
691 5352 822 5407 ebrietate
834 5359 966 5423 potatum.
984 5372 993 5405 r
1013 5351 1069 5408 lloe
1087 5361 1148 5420 est,

362 5440 433 5495 sient
445 5438 514 5509 ignis
533 5439 622 5495 calore
644 5457 693 5497 sno
707 5431 771 5496 ferri
786 5443 912 5499 duritiam
931 5443 1053 5508 emollit,
1068 5452 1149 5499 etse-

362 5527 479 5584 cnudnm
491 5535 594 5583 naturae
605 5546 660 5585 snm
670 5530 724 5585 vim
738 5531 803 5586 illud
813 5530 1009 5587 excandescere
1022 5532 1096 5596 iacit,
1110 5532 1151 5588 sie

361 5620 455 5674 vinum
473 5618 500 5673 in
518 5619 648 5677 ebrictate
667 5631 786 5694 potatum
799 5624 880 5680 corda
903 5627 1079 5696 superborum
1103 5643 1149 5681 ar-

362 5711 427 5765 dure
437 5726 487 5767 suo
497 5709 666 5769 inflammans
677 5714 767 5770 subito
778 5716 811 5770 ad
826 5715 931 5772 facinus
943 5720 1151 5787 perpetrandum

330 5871 336 5885 ·
363 5811 510 5869 provocat,
530 5810 558 5859 et
577 5805 699 5874 superba
714 5805 854 5861 intentioni
868 5805 996 5876 maiorem
1009 5809 1149 5865 andaciam

361 5890 397 5945 ad
409 5892 472 5947 mali
489 5893 662 5950 commissum
677 5894 777 5952 tribuit.

1205 4998 1277 5054 euiur
1291 4997 1420 5053 [fontinus
1434 5012 1529 5053 omnes
1540 4996 1681 5068 diligentes
1694 5010 1738 5061 se,
1759 5004 1789 5050 et
1812 4995 1989 5066 sperantesia

1203 5105 1236 5145 eo
1246 5088 1430 5145 misericordia
1442 5082 1630 5143 circumdabit.

1241 5201 1250 5234 ι
1267 5180 1296 5236 ln
1310 5181 1434 5236 convivio
1449 5180 1504 5234 vini
1519 5195 1572 5235 non
1596 5194 1693 5250 arguas
1705 5178 1887 5249 proximum,
1902 5187 1930 5235 et
1943 5194 1989 5234 ao·

1206 5292 1216 5324 c
1234 5272 1365 5343 despicias
1377 5271 1452 5326 illum
1472 5269 1678 5340 infecunditate
1697 5268 1780 5323 illins.
1795 5269 1890 5326 Verba
1899 5271 1989 5341 impur-

1206 5383 1215 5416 ι
1231 5364 1299 5434 perii
1314 5378 1369 5419 non
1387 5363 1461 5419 dicas
1476 5361 1525 5427 illi,
1542 5368 1570 5417 et
1593 5376 1645 5415 non
1662 5374 1770 5430 premas
1783 5359 1862 5415 iilum
1878 5360 1907 5416 in
1920 5375 1989 5430 repe·

1206 5474 1215 5507 a
1232 5455 1322 5511 teudo.
1340 5474 1349 5507 r
1363 5454 1530 5523 Frequenter
1540 5452 1672 5524 contingit
1685 5459 1715 5506 nt
1728 5451 1813 5508 borno
1825 5451 1931 5525 fragilis
1940 5469 1988 5508 aro-

1203 5546 1266 5602 dum
1276 5545 1390 5601 excedat
1402 5537 1564 5609 inhibendo,
1578 5543 1626 5599 sed
1640 5552 1730 5598 tamen
1740 5543 1888 5601 ebrietatis
1901 5546 1987 5600 ritlna

1203 5650 1257 5689 uon
1272 5641 1391 5690 sectatur
1405 5634 1432 5689 in
1451 5649 1501 5687 usn
1515 5631 1648 5697 nefando,
1668 5632 1740 5687 uude
1752 5634 1885 5702 probibet
1898 5643 1928 5690 nt
1941 5649 1986 5689 noa

1202 5739 1347 5796 arguamus
1357 5723 1508 5795 proximum
1523 5722 1549 5776 iu
1563 5721 1686 5777 convivio
1704 5721 1781 5786 vini,
1801 5739 1853 5780 nce
1865 5724 1986 5795 despicia-

1203 5830 1264 5869 mus
1275 5813 1349 5868 illum
1363 5814 1389 5868 in
1400 5813 1569 5885 jucunditate
1582 5809 1664 5877 illius,
1679 5827 1730 5867 nee
1742 5812 1904 5885 improperii
1914 5814 1985 5870 scrin

1202 5905 1379 5961 eurrviciando
1391 5905 1513 5961 dicamus
1526 5904 1563 5969 ei,
1577 5903 1625 5960 sed
1638 5904 1725 5974 magis
1738 5904 1820 5976 juxta
1837 5904 1985 5978 Apostolum

401 6002 409 6033 r
425 5982 513 6053 AEqua
527 5985 580 6041 vita
597 5985 769 6055 bominibus,
788 5988 885 6048 vintrau⁴
900 5989 927 6045 in
947 5989 1111 6060 sobrietate,
1126 5992 1150 6050 si
1200 6009 1284 6052 errem
1296 6004 1390 6052 uestra
1403 5994 1518 6051 invicem
1531 6002 1679 6065 porsenna,
1691 6002 1720 6051 et
1732 5995 1775 6052 sic
1789 5996 1986 6070 ailimplebiuras
