4709 6767
353 657 403 713 oet

890 650 1072 708 meslete
1090 651 1123 705 ΙΝ
1143 652 1271 707 ιιΒιιιιιι
1291 647 1439 705 ESTltEtt.

1935 650 1984 703 Cli!

357 793 367 825 ι
391 776 478 826 :trauan
504 769 650 825 adversarii
664 767 825 823 ludaeorum.
853 766 886 819 Et
899 765 1082 821 lilardochaeus
1105 765 1147 817 io·
1161 767 1187 825 A
1204 784 1212 815 r
1235 763 1435 833 excogitaverat
1452 769 1545 816 contra
1559 760 1674 824 Juvlrcos,
1687 759 1794 828 juberet
1812 763 1829 814 ir
1838 762 1902 814 vitas
1917 761 1984 815 beri.

357 882 368 914 ι
392 875 504 932 gressus
513 868 555 915 est
566 868 628 914 aute
640 860 735 913 lactem
751 857 833 927 regis,
849 876 858 907 ι
873 866 927 911 ιιι.
939 857 1008 924 Quid
1020 856 1145 924 estquod

356 969 406 1010 rex
417 952 552 1005 bssuerus
567 948 640 1004 dedit
653 949 750 1002 Esther
768 946 865 1017 reginae
878 948 985 1001 donmrn
999 946 1085 1000 hnmn
1100 947 1147 1000 ιιι-

355 1044 471 1102 versarli
488 1041 653 1105 Juvlaeorum,
667 1040 718 1095 nisi
731 1040 801 1109 quod
824 1055 871 1093 rex
883 1054 963 1111 verus
978 1047 1005 1093 ct
1019 1038 1148 1093 Dominus

355 1146 451 1194 noster
464 1149 572 1190 omnem
587 1132 743 1202 dignitatem
756 1141 784 1185 et
797 1144 904 1185 omnem
924 1129 1053 1183 bonorem
1067 1144 1146 1198 quem

353 1226 433 1296 prior
444 1223 558 1296 populos
570 1237 602 1277 cx
616 1221 728 1276 scientia
742 1220 808 1291 legis
820 1228 848 1274 et
861 1220 1052 1289 prophotamrn
1066 1230 1147 1290 atquc

355 1316 432 1372 cultu
444 1316 496 1385 pire
511 1312 647 1381 religionis
661 1311 762 1374 habuit,
778 1319 919 1381 postquam
933 1310 1076 1365 adventum
1092 1326 1148 1365 me-

355 1407 472 1463 diatoris
486 1404 533 1460 bei
549 1414 577 1458 et
587 1402 725 1458 bominum
737 1401 766 1455 in
779 1388 859 1455 carne
873 1401 983 1471 sprevit,
996 1410 1077 1471 atque
1089 1398 1148 1468 ejus

356 1498 533 1569 Evangelium
551 1496 671 1565 recipere
685 1492 779 1558 nolrrit,
795 1501 878 1547 totum
892 1492 926 1545 ad
940 1500 1039 1546 sancte
1052 1491 1146 1547 Eccle-

353 1590 405 1645 siae
430 1586 566 1644 transtulit
587 1600 673 1646 usum,
693 1591 722 1638 ut
742 1584 798 1652 ipsa
821 1582 971 1652 possideret
993 1582 1147 1652 spirituales

356 1681 478 1745 divitias,
494 1686 522 1733 ct
543 1687 634 1733 custos
651 1676 728 1731 lieret
748 1675 937 1730 honestissima
958 1675 1078 1729 omnium
1093 1676 1147 1728 vir-

355 1779 458 1826 tutum.
480 1769 554 1826 Unde
577 1766 767 1836 scriptumest
789 1765 816 1819 in
829 1764 1001 1819 Proverbiis:
1022 1784 1031 1814 ι
1048 1765 1146 1820 Custo-

356 1859 432 1917 ditur
441 1858 516 1929 justo
529 1856 679 1912 substantia
690 1855 841 1924 peccatoris
857 1854 948 1925 (l'roc.
963 1857 1032 1927 arn).
1054 1856 1086 1910 Et
1099 1858 1148 1911 lle

356 1949 449 2006 minus
463 1948 489 2002 in
501 1945 645 2016 Evangelio
658 1945 692 1999 ad
708 1945 779 2015 ipsos
791 1944 897 1999 luridos
909 1947 946 1999 ait
958 1964 964 1999 ε
982 1965 991 1996 v
1003 1944 1148 2001 doleretur

354 2058 374 2098 a
388 2040 464 2096 vobis
478 2053 589 2107 regnum
603 2035 660 2099 bct,
677 2043 705 2091 ct
717 2035 823 2090 dabitur
836 2036 907 2105 genti
922 2036 1028 2091 facienti
1043 2035 1148 2094 lrnctus

1202 873 1210 903 ι
1234 855 1267 906 ιιι
1281 852 1324 905 ιιιι
1337 866 1370 906 ιι
1383 867 1456 905 nrore
1467 859 1601 918 sceptrum
1613 865 1724 903 aureum
1738 847 1880 917 pretendit
1895 865 1985 913 urano,

1202 942 1304 1012 rqrrod
1335 941 1441 1011 signnm
1468 939 1617 994 clementias
1641 939 1852 993 monstrabatur.
1888 939 1987 1009 lllaque.

1202 1054 1211 1085 ι
1234 1048 1399 1103 consurgens
1417 1034 1490 1086 stetit
1504 1041 1567 1086 ante
1580 1046 1641 1086 erun
1655 1039 1684 1085 et
1700 1032 1758 1085 ait:
1774 1031 1801 1086 Si
1818 1031 1906 1101 placet
1921 1034 1987 1103 regi,

1202 1143 1211 1175 r
1234 1133 1261 1178 et
1281 1124 1303 1179 si
1326 1124 1416 1177 inveni
1429 1123 1543 1192 gratiam
1562 1123 1589 1177 iu
1610 1123 1695 1177 oeulis
1707 1122 1776 1193 ejus,
1790 1130 1818 1177 ct
1832 1123 1988 1193 deprecatio

1202 1232 1211 1265 a
1235 1230 1294 1269 mea
1314 1230 1367 1269 nnn
1385 1213 1409 1267 ei
1423 1214 1547 1267 videatur
1566 1211 1711 1276 contraria,
1730 1213 1845 1267 obscero
1863 1219 1894 1266 ut
1912 1212 1989 1266 novis

1202 1325 1211 1357 ι
1233 1306 1355 1377 epistolis
1372 1312 1478 1360 vctcrcs
1491 1304 1577 1358 bman
1600 1303 1697 1360 litterae
1718 1305 1884 1361 insidiatoris
1897 1315 1920 1362 et
1937 1306 1987 1360 bo·

1202 1414 1211 1445 a
1234 1396 1284 1451 stis
1296 1394 1459 1460 Jrrdaeorum,
1483 1396 1580 1465 quibus
1599 1411 1645 1451 cos
1667 1396 1694 1451 in
1710 1397 1814 1452 cunetis
1833 1397 1903 1470 regis
1923 1413 1988 1468 pro-

1202 1507 1211 1539 ι
1233 1490 1331 1544 vinciis
1347 1489 1436 1559 perire
1450 1495 1627 1559 praeceperat,
1641 1489 1822 1559 corrigantur.
1849 1488 1988 1557 Quomodo

1202 1597 1211 1632 ι
1233 1581 1305 1634 enim
1329 1587 1424 1649 potero
1450 1580 1584 1635 sustinere
1608 1595 1701 1634 necem
1723 1588 1751 1634 ct
1773 1579 1989 1636 interiectionem

1202 1670 1325 1740 «populi
1349 1670 1424 1724 mei?
1452 1670 1653 1739 Responditque
1676 1685 1723 1724 rer
1742 1668 1876 1725 dssuerus
1891 1670 1990 1726 Esther

1203 1780 1212 1813 r
1236 1762 1335 1832 reginae
1351 1770 1379 1815 ct
1393 1761 1560 1816 llardoelrao
1572 1758 1664 1816 tntae
1677 1779 1683 1813 :
1696 1760 1809 1816 horarum
1826 1761 1911 1815 hman
1926 1776 1988 1816 orn-

1202 1870 1211 1902 ι
1224 1850 1303 1906 -ccssi
1318 1851 1425 1914 Esther,
1440 1859 1467 1905 et
1480 1851 1567 1921 ipsum
1579 1849 1647 1919 jussi
1663 1850 1734 1922 atligi
1748 1852 1833 1916 cruci,
1845 1852 1890 1922 qui
1906 1868 1988 1908 ausos

1202 1958 1212 1993 ι
1234 1950 1276 1996 ιιι
1298 1956 1408 1995 uranum
1426 1942 1453 1995 in
1467 1940 1574 1997 ludaeos
1588 1942 1696 1997 mittere
1711 1962 1717 1995 :
1730 1942 1842 1998 scribite
1866 1959 1930 2013 crgo
1943 1943 1990 1998 lu-

1202 2049 1211 2080 «
1235 2030 1300 2085 dacis
1318 2030 1388 2085 sieut
1404 2030 1479 2085 vobis
1497 2029 1583 2099 placet
1598 2046 1630 2086 er
1649 2031 1721 2101 regis
1740 2032 1858 2097 rrornine,
1880 2034 1989 2105 signan-

354 2127 537 2203 einstttaot.
554 2127 622 2196 ιιι).
641 2126 733 2182 ιιιιιιι
746 2127 907 2197 iterumper
920 2126 1091 2184 Salomonem
1105 2130 1147 2185 di·
1162 2141 1185 2200 Β
1202 2141 1211 2172 ⁸
1235 2128 1275 2175 105
1289 2120 1393 2176 litteras
1415 2119 1516 2176 annulO
1531 2136 1602 2176 ¹h80·
1619 2139 1629 2172 t
1657 2121 1727 2189 Quid
1750 2131 1792 2178 est
1813 2139 1877 2195 ergo
1891 2124 1989 2181 Esther

355 2222 449 2278 citur:
468 2219 544 2287 reri
566 2220 713 2273 bonusest
738 2216 843 2273 auferet
867 2217 1146 2291 abominogradan
1197 2210 1340 2280 procidere
1374 2211 1408 2265 ιι]
1443 2211 1524 2282 pedes
1563 2212 1633 2282 lsstlis
1665 2228 1780 2283 eumque
1817 2230 1867 2284 ltro
1904 2215 1990 2272 salute

354 2309 453 2384 (Proa.
467 2311 528 2382 ιιι).
549 2329 558 2360 v

1198 2304 1288 2374 populi
1313 2318 1437 2368 exorare,
1464 2304 1516 2358 nisi
1541 2312 1662 2359 sanctam
1688 2304 1836 2361 Ecclesiam
1860 2323 1909 2378 pro
1931 2323 1991 2364 ere-

394 2400 472 2458 tJnde
495 2398 617 2469 sequitur
639 2396 673 2453 de
687 2397 855 2453 Mordoebaeo
869 2399 941 2468 qood
962 2398 1100 2469 ingressos
1114 2400 1149 2454 sta
1198 2393 1289 2462 ptione
1310 2392 1426 2448 saliorum
1450 2408 1560 2448 suorum
1573 2394 1695 2463 quotidie
1706 2396 1849 2450 Dominum
1866 2398 1989 2468 omnipo-

354 2502 422 2547 ante
436 2490 533 2547 taciem
558 2492 638 2560 regis,
653 2490 716 2559 quia
731 2490 857 2545 laudante
877 2506 909 2545 ac
921 2492 1084 2561 praedicante
1098 2492 1148 2546 lle-

353 2581 441 2639 clcsia
452 2581 609 2637 instantiam
622 2581 812 2651 magistrorum
824 2597 944 2646 suorum,
961 2582 1011 2653 ipsi
1025 2583 1149 2637 doctores

355 2673 446 2730 stracti
468 2687 517 2744 pro
537 2672 629 2727 labore
653 2687 733 2741 quem
759 2681 939 2728 exercuerunt
959 2673 986 2726 in
1002 2672 1149 2727 nutrimine

355 2759 488 2827 bdelium,
502 2762 617 2833 gratiam
639 2762 775 2831 copiosam
796 2771 858 2817 ante
881 2773 1055 2832 conspectum
1075 2761 1150 2815 inve·

355 2854 437 2909 niunt
449 2852 597 2907 conditoris
609 2851 738 2905 ournimn.
755 2851 846 2905 Potest
857 2860 884 2905 et
898 2851 1031 2905 sententia
1047 2852 1104 2905 lraec
1117 2850 1150 2905 de

354 2958 477 3018 persona
491 2942 612 2998 omnium
626 2948 831 3011 persecutorum
845 2940 973 2995 Ecclesiae
988 2939 1150 3012 generaliter

355 3036 465 3110 prolata
481 3035 577 3105 accipi,
597 3033 660 3104 quia
683 3033 814 3104 quidquid
836 3032 873 3087 illi
895 3033 984 3087 studio
1011 3033 1150 3101 sapientire

357 3126 401 3182 vel
422 3126 528 3181 utilium
547 3123 749 3194 disciplinarum
774 3123 924 3184 ediderunt,
942 3132 989 3177 aut
1012 3123 1045 3177 de
1068 3124 1151 3179 bonc-

356 3223 432 3274 state
449 3216 578 3269 virtutum
598 3214 749 3283 indagando
771 3213 964 3282 exquisierunt,
984 3228 1035 3268 nec
1050 3228 1102 3267 noo
1118 3229 1149 3267 ca

356 3322 421 3374 quae
444 3307 472 3360 iu
494 3319 594 3377 genere
617 3317 758 3373 poenarum
785 3302 818 3356 ad
844 3303 1150 3374 torquendosmartyves

355 3395 591 3466 excogitaverunt,
614 3401 699 3448 totum
714 3392 838 3447 bdelibus
853 3391 954 3447 Christi
979 3393 1006 3447 in
1020 3408 1149 3464 augmen-

1200 2489 1301 2537 tentcm
1320 2496 1369 2552 per
1390 2481 1470 2536 fidem
1490 2490 1518 2537 ct
1533 2483 1661 2553 mysteria
1683 2484 1876 2540 incarnationis
1891 2485 1990 2557 Unige-

1200 2581 1249 2636 niti
1266 2580 1314 2636 Dei
1331 2580 1471 2636 humiliter
1480 2581 1628 2651 postulare,
1640 2588 1775 2649 quatenus
1789 2581 1847 2651 ejus
1861 2581 1948 2651 gratia
1963 2590 1991 2636 ct

1200 2672 1319 2727 bostium
1340 2670 1536 2742 comprimatur
1558 2671 1681 2738 audacia,
1706 2670 1782 2726 etde
1800 2670 1924 2726 manibus
1945 2687 1991 2726 eo-

1201 2777 1260 2816 rum
1283 2762 1401 2817 bdelium
1418 2760 1549 2816 liberetur
1572 2761 1735 2816 innocentia.
1752 2761 1879 2816 Extendit
1897 2777 1989 2832 super-

1200 2867 1251 2906 nus
1265 2867 1312 2906 rex
1325 2859 1460 2921 sceptrum
1474 2866 1586 2905 aureum
1600 2859 1693 2905 contra
1707 2859 1844 2921 petentem
1858 2851 1989 2919 reginam,

1200 2942 1263 3013 quia
1277 2942 1387 3012 pietatis
1399 2957 1454 2997 suae
1466 2950 1590 3011 potenter
1604 2941 1654 3012 ipsi
1669 2942 1798 3011 impendit
1809 2942 1991 2997 elementiam.

1199 3032 1322 3088 Postulat
1350 3032 1394 3087 illa
1420 3042 1449 3087 ut
1472 3033 1630 3103 nequissimi
1652 3032 1738 3086 hrnan
1761 3041 1867 3088 veteres
1893 3033 1990 3087 litterar

1201 3123 1279 3179 novis
1303 3124 1410 3193 seriptis
1425 3132 1627 3194 permutentur;
1653 3123 1716 3192 quia
1740 3124 1792 3178 boc
1815 3122 1933 3178 studium
1950 3133 1993 3177 cst

1201 3229 1272 3270 veroa
1298 3214 1415 3285 reginae,
1437 3221 1467 3268 ut
1489 3214 1578 3268 omnis
1603 3214 1705 3269 erroris
1731 3221 1816 3278 secta,
1844 3229 1992 3284 omnesque

1200 3302 1345 3359 contrariae
1367 3302 1590 3367 machinationes,
1617 3318 1677 3373 quar
1699 3306 1826 3372 antiquus
1848 3304 1934 3358 bostis
1958 3306 1993 3356 ad

1201 3392 1407 3448 exstinctionem
1420 3392 1510 3463 populi
1524 3392 1570 3446 lici
1581 3406 1631 3462 per
1645 3393 1783 3448 ministros
1796 3408 1860 3448 suos
1873 3392 1996 3461 molitur,

356 3498 419 3544 tum
439 3487 549 3542 honoris
565 3493 593 3541 et
610 3485 701 3557 gloriae
721 3500 880 3541 conversum
895 3495 946 3539 cst.
973 3482 1029 3539 Nee
1043 3483 1095 3538 illis
1109 3484 1149 3537 in·
1163 3482 1186 3544 C
1201 3482 1387 3539 saluberrimis
1400 3483 1538 3555 Evangelii
1553 3482 1721 3538 documentis
1736 3482 1900 3554 repellantur
1911 3493 1993 3554 atque

353 3578 439 3650 iustis
459 3576 661 3646 possessoribus
681 3576 828 3645 quidquam
850 3575 980 3630 remansit
996 3575 1148 3644 proclabo-
1200 3574 1352 3633 doleantur.
1374 3573 1522 3646 signantur
1542 3575 1606 3645 ipsre
1625 3575 1723 3630 litterae
1740 3591 1774 3630 ex
1793 3575 1903 3629 nomine
1923 3577 1993 3647 regis

355 3679 422 3726 ratu
444 3684 493 3724 suo
512 3669 589 3723 bonae
611 3668 754 3733 mercedis,
776 3669 823 3723 sed
845 3667 905 3721 istis
922 3675 1007 3722 teitaun
1022 3666 1150 3722 collatum
1202 3668 1310 3738 scriptae
1331 3667 1434 3722 annulo
1450 3668 1542 3737 ipsius,
1562 3667 1625 3737 quia
1647 3668 1757 3722 omuino
1778 3667 1933 3737 evangelica
1948 3667 1995 3722 do-

355 3759 449 3817 estad
463 3760 656 3831 plenitudinem
679 3774 735 3814 suae
748 3758 932 3828 perfeetionis.
956 3756 1021 3811 blud
1044 3773 1151 3827 quoquc
1202 3761 1301 3826 ctrina,
1316 3775 1376 3830 quae
1389 3775 1423 3816 cx
1437 3761 1546 3815 nomine
1560 3759 1660 3815 Christi
1676 3760 1702 3813 in
1717 3768 1773 3814 toto
1785 3761 1851 3815 orbe
1864 3760 1994 3829 pradica-

356 3849 435 3922 quod
454 3848 635 3920 subjungitur,
654 3848 747 3903 tulisse
768 3863 857 3918 regem
878 3849 1006 3902 annulum
1022 3863 1102 3917 quem
1118 3850 1151 3902 ab
1204 3859 1257 3916 tur,
1272 3849 1389 3921 Spiritus
1406 3851 1493 3906 sancti
1506 3850 1646 3921 signaculo
1659 3851 1817 3905 confirmata
1833 3850 1932 3919 ubique
1945 3850 1992 3904 de-

358 3941 449 3996 Aman
470 3947 618 4009 receperat,
638 3946 665 3993 et
688 3938 831 3993 tradidisse
845 3938 1024 4004 llardoeharo,
1039 3940 1153 4011 mystice
1204 3940 1337 4007 elarator;
1358 3940 1436 4010 cujus
1451 3942 1520 3997 dono
1536 3941 1585 4011 ipsi
1597 3941 1789 4010 praedicatores
1810 3940 1905 4011 repleti
1923 3955 1992 4001 sem-

356 4028 491 4100 erprimit
505 4028 567 4097 quia
583 4027 750 4098 signaculum
767 4026 840 4093 fidei,
858 4029 931 4097 quod
956 4028 1050 4098 pevirdi
1061 4028 1148 4084 lodari
1203 4030 1309 4100 piterna
1329 4030 1487 4086 tortitudine
1502 4031 1697 4101 insuperabiles
1711 4031 1836 4086 omnibus
1851 4040 1992 4102 apparent,

357 4130 496 4178 maranes
506 4125 692 4189 persecutores
713 4117 830 4172 nominis
843 4118 944 4172 Christi
962 4117 1013 4172 sibi
1027 4132 1076 4186 per
1087 4132 1153 4187 prce·
1204 4128 1232 4174 ct
1256 4119 1373 4174 hostium
1412 4135 1523 4175 suorum
1562 4120 1773 4189 triumphatores
1807 4121 1993 4192 gloriosissimi

359 4211 525 4269 dicationem
539 4211 678 4282 Evangelii
691 4211 810 4266 oblatum
825 4210 946 4280 recipere
968 4210 1104 4274 nolebant,
1119 4212 1154 4265 ad
1203 4217 1372 4280 permanent.

357 4301 485 4374 gentium
508 4301 623 4357 salutern
646 4315 695 4370 per
719 4300 854 4369 apostolos
867 4299 968 4355 Christi
992 4301 1153 4355 translatum
1242 4320 1251 4352 ι
1275 4300 1340 4356 Erat
1353 4308 1442 4356 attteut
1458 4308 1564 4371 tempus
1578 4301 1648 4356 tertii
1663 4302 1773 4366 mensis,
1787 4318 1832 4371 qm
1847 4302 1997 4373 appellatur

360 4400 414 4448 oct.
431 4391 516 4446 Tenet
529 4405 594 4463 ergo
611 4392 709 4447 Esther
722 4391 830 4448 domum
842 4392 928 4447 hrnan
950 4394 1036 4448 hostis
1049 4392 1155 4449 lrrdaeo-
1209 4412 1218 4444 ι
1241 4392 1336 4458 Siban,
1352 4393 1478 4448 vicesima
1500 4400 1528 4447 et
1548 4392 1627 4448 tertia
1648 4392 1720 4447 illius
1739 4392 1782 4449 dic
1803 4393 1911 4462 scripte
1933 4403 1996 4449 suot

361 4496 436 4547 rum,
451 4496 514 4536 eum
528 4480 647 4536 Ecclesia
670 4480 772 4536 Christi
795 4482 923 4536 mundum
947 4483 1078 4553 possidet,
1103 4484 1151 4538 bo·
1209 4501 1218 4534 ι
1241 4484 1371 4553 epistolae,
1394 4493 1423 4538 ut
1442 4482 1626 4539 llardochmus
1648 4482 1779 4548 voluerat,
1803 4484 1836 4537 ad
1849 4480 1956 4538 ludaeos
1970 4491 1997 4537 ct

361 4580 433 4630 rtem
454 4574 591 4643 quondam
609 4572 835 4629 Christianomm.
860 4574 896 4628 Et
914 4576 1062 4646 ingreditur
1086 4575 1155 4630 liar·
1209 4593 1218 4626 r
1241 4575 1275 4630 ad
1289 4574 1425 4645 principes
1438 4582 1690 4644 procuratoresque,
1706 4574 1859 4644 etjudiccs,
1872 4574 1918 4644 qui
1933 4589 1996 4629 cen·

362 4661 491 4718 doclraem
508 4669 571 4716 ante
594 4660 690 4717 taciem
713 4663 799 4734 regis,
825 4679 888 4717 eum
912 4664 1032 4733 quotidie
1059 4666 1155 4720 anirnae
1209 4686 1218 4718 ι
1243 4674 1298 4720 tum
1314 4665 1407 4736 viginti
1431 4671 1533 4736 septem
1549 4664 1714 4734 provinciis,
1730 4664 1764 4717 ab
1779 4663 1853 4717 ludia
1866 4663 1995 4733 usquead

324 4754 331 4769 “
360 4759 519 4807 sanctomm
548 4751 581 4806 de
606 4751 723 4806 incolatu
753 4753 895 4821 presentis
926 4755 987 4809 vitae
1010 4755 1154 4824 capiuntur
1210 4778 1218 4809 r
1242 4758 1408 4830 AEtbiopiam
1421 4758 1617 4830 praesidebant;
1633 4758 1778 4828 provinciae
1790 4768 1873 4828 atque
1887 4758 1997 4829 provin-

362 4844 397 4900 ad
412 4842 668 4913 contemplationem
693 4844 783 4899 vultus
807 4845 915 4914 superni
936 4843 1059 4901 iudicis:
1076 4847 1153 4917 cujus
1168 4823 1219 4901 1),
1242 4849 1300 4914 eia,
1325 4849 1421 4919 populo
1444 4860 1471 4904 ct
1490 4848 1600 4920 populo,
1621 4848 1699 4917 juxta
1722 4848 1826 4904 litteras
1846 4857 1873 4903 ct
1893 4848 1999 4920 linguas

361 4932 464 4988 letitia
483 4932 694 5004 magnitudinem
714 4933 803 4989 nullus
819 4943 935 5003 occupat
946 4934 1018 5000 linis,
1036 4936 1083 4991 scd
1098 4935 1155 5006 glo·
1210 4958 1219 4989 r
1241 4954 1316 5004 snas,
1339 4947 1366 4993 et
1379 4938 1478 4994 ludaeis
1493 4947 1574 5009 prout
1591 4939 1681 5009 legere
1704 4947 1829 5008 poterant
1850 4947 1877 4994 et
1892 4940 1996 4995 audire.

361 5025 404 5079 ria
430 5039 530 5095 perpes
553 5025 674 5095 quotidie
696 5026 736 5080 eis
759 5025 858 5081 crescit
883 5026 910 5080 in
933 5026 1029 5096 gaudio
1047 5034 1156 5083 aeternae

362 5114 564 5172 exsultationis.

402 5224 412 5258 r
448 5203 548 5260 Esther
570 5212 660 5260 arrtem
685 5206 824 5261 coustituit
848 5205 1045 5261 Mardoebaeum
1074 5221 1157 5275 super

367 5319 377 5350 ι
399 5299 511 5354 domum
535 5315 650 5355 suam.»
674 5299 745 5355 Ecce
759 5299 857 5355 Esther
876 5298 1072 5354 llardoebacum
1096 5314 1158 5353 con-

362 5389 456 5445 stituit
471 5403 553 5458 super
568 5390 676 5444 domum
694 5405 779 5454 suam,
794 5390 857 5458 quia
873 5390 924 5444 boe
940 5388 1041 5444 salubri
1056 5400 1156 5444 sancta

365 5481 496 5538 Ecclesiae
512 5482 600 5552 placet
619 5483 743 5548 consilio,
759 5491 789 5537 ut
808 5482 950 5538 multitudo
972 5480 1090 5536 bdelium
1106 5483 1156 5538 sub

365 5572 499 5644 regimine
512 5580 646 5627 statuatur
657 5581 813 5628 sanctorum
828 5573 1048 5643 predicatorum,
1061 5580 1157 5641 quate·

365 5680 417 5719 nus
431 5678 480 5735 per
491 5664 667 5719 bumilitatem
683 5672 711 5718 et
722 5665 903 5719 obedientiam
919 5663 1026 5719 subdita
1039 5663 1086 5718 ilat
1108 5664 1156 5718 im-

363 5758 443 5831 perio
457 5758 604 5812 electorum
616 5759 816 5829 magistrorum.

405 5865 415 5897 ι
438 5846 494 5903 Nec
507 5848 550 5902 his
561 5856 687 5903 contenta
707 5848 821 5920 procidit
839 5861 873 5903 an
888 5848 971 5917 pedes
989 5847 1060 5917 regis
1073 5847 1158 5904 lievit-

370 5957 379 5990 ι
403 5954 456 6010 que
474 5947 502 5994 ct
519 5939 609 5996 locuta
632 5940 666 5996 ad
685 5956 746 5996 eum
767 5940 864 6004 oravit,
881 5948 910 5995 ut
924 5940 1055 5995 malitiam
1071 5939 1157 5994 barian

370 6029 522 6101 ‹dgagitae
549 6039 576 6086 et
602 6031 815 6087 rnrrebinationcs
840 6029 900 6101 ejus
921 6032 1068 6100 pessimas,
1092 6047 1158 6101 qaas

1210 5046 1219 5078 r
1243 5029 1360 5098 lpsrcque
1373 5029 1502 5098 epistotae,
1517 5044 1621 5098 quaer
1639 5030 1709 5098 regis
1732 5031 1839 5084 nomine
1853 5031 2000 5086 mitteban-

1210 5139 1219 5170 t
1243 5128 1298 5185 tur,
1313 5120 1412 5174 annulo
1436 5120 1518 5190 ipsius
1541 5120 1688 5189 obsignate
1713 5129 1786 5186 suot,
1799 5130 1827 5175 ct
1842 5122 1931 5177 missae
1949 5136 1997 5191 per

1211 5229 1220 5260 t
1243 5210 1397 5265 veredarios
1408 5210 1453 5280 qui
1467 5224 1515 5280 per
1528 5225 1623 5265 omnes
1636 5210 1790 5280 provincias
1803 5212 1999 5277 discurrentes,

1210 5318 1220 5352 ι
1243 5296 1349 5356 veteres
1361 5300 1465 5356 litteras
1478 5302 1555 5356 novis
1568 5301 1670 5356 uurrtiis
1681 5304 1870 5373 praevenirent.
1889 5325 1898 5358 v
1916 5306 1999 5362 Siban

1208 5392 1321 5460 mensis,
1336 5394 1383 5462 qui
1397 5393 1467 5463 apud
1483 5392 1610 5449 llcbracos
1624 5402 1685 5463 post
1700 5393 1782 5450 Nisan
1795 5397 1891 5453 tertius
1915 5398 1940 5452 in
1955 5414 1999 5451 or-

1207 5482 1270 5538 dine
1284 5493 1336 5549 est,
1351 5483 1377 5539 id
1395 5490 1448 5549 est,
1460 5484 1505 5552 qui
1525 5483 1594 5553 apud
1610 5482 1719 5542 Grecos
1734 5493 1844 5543 vocatur
1858 5487 1996 5549 Tbcssari,

1208 5579 1236 5628 ct
1250 5572 1320 5643 apud
1338 5571 1449 5628 Latinos
1468 5573 1623 5627 nominatur
1642 5571 1748 5629 iunius.
1770 5573 1854 5644 liujus
1871 5574 1999 5627 vicesima.

1210 5663 1291 5718 tertia
1314 5662 1357 5717 die
1384 5663 1491 5733 scriptae
1520 5675 1583 5719 suut
1605 5665 1724 5735 epistola
1747 5681 1823 5720 norm
1851 5661 1998 5718 sccrrndum

1211 5754 1371 5810 hlardocbaei
1402 5754 1596 5819 dictationem,
1622 5758 1656 5810 ad
1689 5753 1867 5811 confutandas
1895 5758 1999 5805 veteres

1209 5847 1296 5900 Aman
1315 5845 1425 5901 litteras.
1440 5844 1523 5915 Cujus
1537 5846 1575 5901 rei
1591 5847 1751 5917 significabo
1765 5847 1790 5899 in
1806 5853 1929 5913 promptu
1945 5858 1998 5908 cst,

1210 5936 1271 6007 qnia
1283 5935 1420 6007 Evangelii
1432 5936 1555 5991 doctrina
1569 5935 1606 5989 ita
1620 5934 1727 5990 condita
1740 5942 1781 5988 est
1793 5948 1841 6002 per
1855 5932 2000 6000 scriptores

1210 6030 1276 6086 b'ovi
1290 6030 1455 6085 'testamenti
1472 6030 1605 6085 mediante
1617 6028 1729 6084 borntno
1744 6035 1836 6106 nostro
1847 6025 1907 6083 lcsn
1923 6027 1999 6082 Chri·
