4709 6767
357 556 421 613 teet
708 553 885 614 colluunt.
898 552 937 609 lN
956 549 1079 609 truilos
1097 548 1388 607 montemultra.
1408 579 1443 593 -
1461 548 1579 607 tntttt.
1598 549 1618 607 l.
1920 552 1991 611 iffi

355 679 420 721 aum
435 662 539 734 imperii
550 662 648 719 iudaea
659 668 742 721 totius
754 661 919 733 expleverat,
931 674 993 716 cum
1006 658 1075 716 lorte
1088 656 1146 714 Ca·
1159 663 1185 721 A
1198 672 1263 715 vero
1276 660 1359 715 totius
1377 660 1534 729 provincia,
1546 661 1679 717 Samariae
1698 676 1814 734 quoquc,
1831 663 1948 722 Galilaeae
1963 674 1989 719 ct

354 772 479 819 saraeam,
492 772 553 827 qum
575 756 650 825 prius
664 755 759 810 Turris
777 753 912 812 Stratonis
930 749 1088 816 recabatur,
1100 748 1149 804 ad·
1199 747 1318 817 regionis
1329 764 1389 817 quae
1406 748 1508 804 (licitur
1527 758 1603 805 trans
1621 749 1777 817 Iordanem,
1787 762 1991 822 procuratorem

355 847 440 913 renit,
450 847 496 901 ubi
514 862 574 901 cum
589 846 616 899 in
632 846 762 900 honorem
775 843 891 900 Caesaris
911 840 1064 913 spectacula
1083 838 1149 894 ciri·
1199 840 1283 895 misit.
1299 840 1333 896 Et
1356 849 1516 911 postpauca
1532 841 1635 897 addidit
1646 841 1723 898 baec:
1739 842 1925 900 lnssammatur
1945 860 1992 901 eu·

354 939 405 995 bus
419 939 516 1004 erexit,
529 938 631 1002 rotiro,
644 944 673 990 nt
692 936 844 1000 videbatur,
855 934 950 990 salutis
962 931 1078 987 Caesaris
1088 930 1146 992 diet
1199 940 1253 987 tem
1277 940 1305 988 et
1319 933 1418 989 seditio
1432 934 1606 989 acerbissima
1626 950 1641 989 a
1655 935 1828 1005 pontificibus
1849 937 1992 993 adversum

354 1044 470 1101 cumque
485 1028 549 1082 illuc
565 1027 646 1082 totius
661 1025 807 1096 provincia
826 1023 877 1077 viri
896 1023 1000 1077 honore
1014 1027 1042 1074 ct
1061 1017 1146 1072 iacul—
1199 1025 1355 1080 sacerdotes
1368 1026 1509 1095 ctprimos
1520 1026 1606 1097 plebis
1621 1026 1860 1098 ierosolymorum,
1878 1043 1992 1099 quorum

356 1127 455 1181 tatibus
471 1121 575 1192 praediti
590 1119 787 1181 convenissent,
801 1114 920 1172 secundo
932 1110 1147 1183 spectaculorum
1199 1114 1296 1186 sirtqali
1318 1126 1516 1185 conquerentes
1535 1117 1665 1173 inducunt
1683 1117 1799 1191 [turbas]
1813 1120 1991 1189 perditorum,

355 1220 398 1275 die
413 1214 521 1269 inclutus
533 1219 607 1265 ueste
621 1208 734 1279 fulgenti
747 1224 780 1263 er
801 1222 868 1261 auro
882 1213 1047 1275 argentoque
1065 1202 1148 1256 mira·
1186 1202 1325 1275 'juvenum
1343 1214 1371 1261 et
1386 1208 1464 1262 noris
1489 1206 1593 1278 legibus
1618 1210 1804 1280 gaudentium,
1827 1217 1855 1265 et
1877 1210 1993 1280 quisque

355 1306 446 1361 lvililer
455 1309 591 1364 contullit.
604 1299 749 1369 incipiente
759 1298 815 1362 die,
824 1294 946 1366 tlfoeedll
955 1294 989 1348 ad
1001 1293 1147 1355 [bellium.
1198 1311 1291 1351 eorum
1304 1296 1513 1354 ridebaturesse
1524 1300 1700 1370 prinecps.Et
1709 1301 1881 1357 conterentes
1894 1310 1994 1357 semct-

356 1397 400 1451 ubi
415 1410 476 1450 curn
488 1392 590 1462 primos
608 1387 673 1443 solis
693 1388 783 1443 radios
797 1395 932 1457 argenteae
945 1383 1026 1438 restis
1044 1380 1148 1451 grentio
1199 1388 1272 1456 ipsos
1286 1389 1319 1442 ad
1344 1388 1415 1453 lites,
1430 1388 1570 1445 alterutris
1592 1392 1759 1461 derogabant
1773 1402 1801 1446 et
1815 1409 1846 1449 se
1858 1393 1995 1463 lapidibus

356 1486 526 1555 suscepisset,
549 1494 708 1549 repercussu
729 1476 883 1548 splendore,
902 1472 1065 1543 tludlilalllss
1090 1484 1148 1539 spe·
1199 1480 1360 1544 obruebant,
1387 1495 1439 1535 nec
1462 1481 1605 1550 quisquam
1627 1494 1687 1537 crat
1710 1484 1755 1552 qui
1771 1492 1929 1539 coerceret:
1944 1487 1993 1542 sed

356 1577 492 1633 ctautibus
509 1572 596 1626 lucem
619 1570 706 1640 lulgor
729 1566 828 1623 metalli
845 1564 977 1620 vibrantis
1001 1560 1103 1625 effudit,
1119 1567 1149 1614 ut
1200 1573 1349 1642 agebantur
1370 1572 1461 1626 omnia
1476 1581 1603 1641 unquam
1627 1575 1654 1628 q„
1669 1576 1735 1630 urbe
1748 1590 1801 1629 ⁰0„
1821 1574 1937 1632 habena,
1951 1594 1994 1632 fe,

357 1667 523 1723 intuentibus
544 1663 738 1734 perstringere!
756 1660 841 1714 {telem
863 1666 951 1713 lellol'
973 1662 1149 1724 aspectum&
1200 1671 1313 1718 ctorem,
1337 1662 1422 1733 Igitur
1445 1664 1586 1733 pontifices
1611 1665 1639 1719 in
1659 1674 1762 1720 tantam
1786 1682 1885 1722 venere
1909 1685 1994 1739 penu.

356 1775 406 1829 pcr
420 1759 472 1811 hoe
484 1754 545 1823 plus
558 1750 658 1821 aliquid
670 1751 703 1805 dc
714 1765 746 1804 eo
761 1764 841 1819 quam
855 1749 979 1801 humanu·
993 1753 1096 1799 natulis
1108 1751 1150 1797 8⁵²
1200 1753 1279 1817 riam,
1295 1761 1335 1818 ut,
1351 1754 1437 1809 serris
1449 1754 1506 1808 suis
1517 1754 1551 1808 ad
1568 1770 1646 1809 areas
1661 1755 1763 1819 missis,
1778 1756 1935 1813 invaderent
1947 1760 1994 1814 dc-

357 1847 452 1902 artilex
465 1844 619 1915 arrogantia
639 1841 811 1905 ntentirctur;
835 1839 906 1893 illico
927 1837 1061 1893 adulantis
1076 1835 1148 1906 rulgi
1200 1846 1285 1901 cimas
1299 1861 1360 1916 (μη
1383 1847 1568 1902 sacerdotibus
1594 1847 1778 1915 depensum„
1801 1850 1940 1905 accidebat
1963 1862 1994 1906 ιη

358 1945 521 2005 concrepant
535 1950 623 1997 tttccs,
641 1934 769 1987 ltottoreltl
787 1940 924 1996 sonantes,
947 1931 994 1985 Sed
1008 1927 1149 2008 [soli]0rl·
1201 1936 1319 1992 nonnplli
1333 1952 1367 1992 ex
1382 1938 1534 1994 minoribus
1550 1938 1745 2003 sacerdotibus,
1760 1954 1875 2009 quorum
1898 1941 1993 1996 aliun).

358 2042 418 2084 ntro
442 2026 621 2089 conserentes,
649 2033 677 2078 et
699 2022 762 2077 hinc
779 2030 860 2091 atque
880 2022 941 2076 inde
964 2019 1148 2075 adulatoribus
1163 2004 1186 2064 Β
1200 2027 1252 2081 uim
1265 2027 1376 2096 direptae
1398 2026 1516 2092 lucrant,
1532 2029 1619 2083 inedia
1638 2029 1793 2098 deperirent
1809 2048 1815 2083 :
1831 2031 1868 2085 ita
1883 2033 1994 2088 seditio-

358 2116 597 2179 conclnmantibus,
612 2114 677 2168 deus
697 2112 885 2182 appellaretur,
901 2119 983 2181 utque
998 2109 1074 2166 lieret
1087 2126 1150 2181 pro-
1199 2134 1264 2172 num
1278 2118 1405 2173 violentia
1415 2120 1459 2189 jus
1470 2118 1564 2189 sasque
1576 2119 1744 2175 contuderat,
1759 2122 1825 2176 trem
1836 2131 1992 2197 postpauca

358 2209 439 2277 pilius
454 2206 611 2275 simpliciter
630 2212 768 2268 exoratur,
789 2202 939 2257 dicentibus
954 2201 1060 2272 populis
1078 2202 1150 2270 quod
1200 2209 1338 2281 subjungit
1351 2219 1378 2265 et
1402 2211 1471 2266 hoc:
1488 2226 1683 2281 nonnunquam
1706 2220 1795 2267 autem
1812 2214 1879 2268 etin
1904 2215 1993 2269 media

359 2312 430 2351 uurtc
441 2311 525 2366 usque
539 2302 567 2347 ut
580 2293 715 2348 hominem
727 2300 753 2347 te
768 2292 915 2354 timuimus,
928 2294 975 2347 sed
986 2292 1019 2346 ab
1031 2292 1081 2346 hoe
1092 2289 1149 2359 iarn
1200 2300 1311 2357 civim
1334 2310 1528 2357 concurrentes
1546 2318 1575 2357 se
1594 2303 1779 2368 qfflcqqabqn23
1805 2307 1938 2375 9110,in
1966 2306 1993 2361 j„

359 2403 440 2458 snpra
461 2388 605 2440 humanam
620 2394 646 2439 tc
669 2400 729 2439 esse
751 2391 875 2438 saltuum
891 2383 1017 2439 letemur·
1034 2381 1088 2438 Sed
1102 2399 1150 2437 rut
1201 2390 1296 2445 diebus
1312 2388 1400 2455 iestis,
1414 2391 1505 2445 sicarii
1522 2391 1646 2462 plebibus
1658 2392 1776 2457 admisti,
1789 2393 1931 2449 occultatis
1944 2410 1994 2465 pu·

360 2476 580 2530 acclamationem
592 2485 685 2530 contra
696 2473 737 2529 las
751 2474 872 2529 habitam
883 2489 937 2528 non
950 2474 1088 2544 repressit,
1101 2488 1150 2529 nec
1200 2480 1324 2552 gionibus
1338 2482 1508 2547 oberrantes,
1531 2490 1561 2535 ut
1585 2482 1699 2551 quisquc
1724 2483 1880 2553 designatus
1895 2486 1944 2549 eis,
1970 2484 1993 2540 si

361 2569 525 2638 impietatem
547 2567 646 2622 illicitae
663 2566 825 2622 adulationis
838 2566 987 2633 exhorruit,
1003 2566 1087 2621 donec
1108 2581 1138 2621 re
1201 2571 1324 2626 eominus
1348 2572 1497 2638 incederet,
1512 2588 1574 2627 eum
1588 2572 1766 2642 perimebant,
1780 2581 1807 2629 ct
1818 2581 1877 2629 arte
1890 2573 1993 2628 nefaria

360 2659 566 2729 spicicnspaulo
579 2666 640 2728 post
662 2658 767 2713 viderat
783 2672 864 2727 supra
881 2672 960 2738 suum
974 2656 1102 2713 verticem
1123 2657 1152 2711 in
1201 2678 1263 2718 cum
1279 2664 1428 2719 corruisset
1440 2663 1463 2718 is
1476 2678 1556 2732 quern
1580 2662 1686 2718 occulto
1700 2663 1811 2719 vulnere
1828 2671 1994 2729 straverunt,

361 2753 424 2805 l'uno
438 2752 575 2807 sedentem
589 2751 734 2817 bubonem,
754 2765 834 2820 quern
855 2750 940 2805 sensit
953 2750 1080 2806 continuo
1104 2765 1152 2805 ex·
1202 2751 1305 2808 tumide
1327 2753 1377 2823 ipsi
1402 2767 1576 2823 percussores
1590 2752 1664 2806 relat
1683 2753 1816 2823 indignari
1840 2767 1869 2808 sc
1883 2753 1996 2808 simula-

361 2845 415 2899 itus
427 2842 469 2897 sui
482 2841 646 2907 ministrum,
663 2856 742 2911 quem
762 2842 838 2912 prius
850 2849 963 2897 nouerat
984 2842 1152 2911 provisorem
1202 2841 1268 2896 bant
1283 2843 1412 2898 adversus
1425 2858 1473 2897 eos
1486 2843 1533 2913 qui
1545 2842 1597 2897 hoc
1608 2842 1636 2897 in
1657 2842 1745 2897 media
1765 2843 1832 2898 urhe
1843 2843 1997 2898 committe-

362 2936 504 2990 honorum.
521 2934 555 2988 Et
575 2948 638 2989 ecce
654 2942 764 3005 repente
778 2934 913 2989 cruciatus
935 2949 996 2990 earn
1014 2948 1046 2988 er
1061 2931 1153 2988 dolore
1203 2944 1280 3001 rent3
1303 2942 1385 3006 atque
1398 2935 1450 2989 boc
1465 2936 1545 2989 modo
1559 2934 1663 2990 occulta
1678 2949 1770 2990 eorum
1793 2933 1912 2989 lacinora
1938 2949 1998 3003 per·

362 3023 513 3079 incredibili
535 3024 637 3078 reatris
652 3033 733 3093 atque
752 3023 888 3078 inllatione
910 3023 1052 3093 corripuit,
1068 3024 1153 3094 respi-
1203 3024 1359 3090 manebant,
1374 3034 1402 3079 et
1418 3026 1535 3096 primum
1546 3026 1669 3081 omnium
1683 3026 1717 3080 ab
1739 3025 1772 3080 iis
1786 3023 1917 3080 Jouathas
1930 3040 1998 3095 pon·

361 3118 490 3186 ciensque
500 3115 534 3171 ad
548 3114 650 3170 aulicos
666 3134 673 3169 :
687 3116 739 3180 En,
752 3115 848 3185 inquit,
862 3115 906 3171 ille
918 3130 968 3188 ego
982 3117 1049 3172 deus
1064 3125 1154 3172 rester
1206 3118 1269 3173 tiler
1281 3117 1455 3183 interficitur,
1466 3125 1527 3188 post
1540 3117 1613 3172 illurn
1629 3117 1818 3187 quamplurimi
1828 3116 1996 3187 iugulantur,

361 3208 445 3262 ritarn
465 3217 569 3261 mutare
590 3207 736 3277 compellor
758 3204 909 3272 coralestim,
921 3207 1044 3277 quaedam
1063 3207 1153 3262 divina
1204 3217 1234 3265 ut
1242 3210 1299 3281 jam
1311 3209 1348 3264 ita
1363 3210 1429 3280 ipsis
1441 3209 1573 3264 mortibus
1585 3217 1657 3265 esset
1669 3208 1777 3281 grauior
1788 3218 1876 3263 metus
1890 3209 1997 3275 mortis,

361 3302 449 3356 virtus
469 3314 554 3371 nuper
574 3298 685 3354 collatas
708 3299 736 3353 in
759 3314 802 3353 me
816 3297 897 3353 falsas
917 3299 1006 3369 arguit
1021 3312 1109 3364 voees,
1125 3307 1153 3353 et
1205 3300 1269 3356 duna
1280 3301 1465 3370 unusquisque
1475 3300 1552 3387 quasi
1567 3301 1594 3354 ia
1606 3300 1745 3370 procinctu
1762 3313 1870 3368 semper
1882 3300 1996 3369 positus,

1167 3348 1190 3410 C

362 3390 408 3460 qui
420 3390 499 3446 modo
513 3389 623 3445 dicebar
644 3389 805 3444 immortalis
818 3404 833 3442 a
846 3389 933 3452 robis,
942 3388 998 3457 jam
1019 3388 1108 3459 rapior
1126 3388 1152 3442 in
1206 3406 1255 3461 per
1268 3397 1404 3446 nromenta
1415 3390 1521 3461 singula
1534 3399 1658 3460 speraret
1669 3387 1796 3444 interfici.

363 3488 479 3535 mortem
493 3497 500 3533 t
514 3480 562 3535 sed
583 3479 753 3548 suscipienda
766 3485 808 3534 est
828 3478 970 3541 sententia,
988 3492 1070 3547 quam
1085 3476 1155 3532 Deus
1241 3479 1310 3536 Cum
1331 3488 1423 3535 autem
1435 3478 1575 3544 Claudius,
1589 3477 1668 3533 annis
1687 3477 1892 3547 quatuordecim
1908 3477 1935 3531 in
1949 3477 2000 3530 im-

363 3570 469 3625 statuit.
485 3567 553 3624 Nam
573 3578 602 3624 et
615 3568 731 3626 ririrnus
749 3567 823 3623 haud
842 3567 1044 3631 contemnendi,
1057 3575 1086 3628 et
1098 3566 1156 3621 lon·
1206 3569 1283 3640 perio
1293 3568 1418 3639 expletis,
1429 3568 1567 3623 mensibus
1578 3576 1693 3637 septem,
1707 3567 1804 3622 dicbus
1817 3567 1911 3635 riqinti
1926 3577 1998 3629 octo,

364 3661 517 3732 sevitutem
526 3676 587 3730 <1⁰oe
599 3660 677 3715 belle
698 3659 842 3730 bulthalm
859 3657 1080 3727 e¹l>¹0lli¹11¹1⁸;et
1094 3673 1155 3714 cum
1208 3662 1351 3719 deiunctae
1366 3670 1420 3728 cst,
1437 3661 1541 3730 accepit
1553 3660 1695 3731 imperium
1712 3658 1816 3731 [lieret
1831 3659 1903 3729 quod
1917 3660 2002 3723 tentus

363 3753 417 3807 hoe
430 3751 552 3816 dixisset,
566 3751 592 3805 ri
603 3750 704 3806 doloris
719 3749 903 3805 vehementius
913 3749 1042 3819 agitatus,
1054 3749 1157 3803 instan-
1208 3753 1287 3808 annis
1309 3750 1526 3823 quatuordeeim,
1552 3750 1691 3805 mensibus
1716 3757 1830 3819 septem,
1855 3758 1883 3804 ct
1906 3749 2002 3805 dicbus

364 3852 407 3899 ter
420 3843 454 3897 ad
468 3842 595 3913 palatium
613 3848 777 3910 reportatur,
796 3853 913 3909 cumque
930 3837 1096 3910 divulgatum
1110 3852 1155 3894 es·
1208 3843 1303 3917 viginti
1315 3849 1387 3899 octo.
1403 3840 1487 3911 liujus
1499 3841 1618 3897 seeundo
1632 3855 1704 3895 anno
1716 3839 1814 3895 Festus
1826 3839 1926 3895 ludam
1939 3854 2002 3910 pro-

364 3941 407 3989 ῦθῑ
431 3949 493 3989 eum
519 3931 674 4004 propediem
697 3931 871 3995 mutilum,
895 3930 990 3999 intem
1014 3928 1157 3984 mlllfflulw
1208 3944 1318 3993 curator
1330 3934 1461 3991 suecessit
1473 3933 1566 3997 Felici,
1581 3947 1597 3986 a
1612 3947 1666 4002 quo
1688 3930 1788 3986 Paulus
1809 3930 1921 3986 Romam
1939 3931 2000 3984 vin·

365 4027 449 4082 totius
472 4026 559 4081 etatis
582 4033 610 4081 et
633 4023 902 4087 sexuscunveniens.
918 4037 993 4078 mare
1013 4022 1157 4091 patrtosu-
1208 4036 1268 4083 ctus
1291 4026 1420 4090 mittitur,
1434 4025 1573 4080 biennium
1593 4024 1621 4078 tn
1644 4021 1728 4077 ttbera
1752 4036 1866 4076 manens
1880 4022 2001 4077 casmeta

365 4132 414 4189 per
435 4117 524 4173 cilicia
546 4118 636 4184 strati,
658 4117 835 4186 omnipotenti
850 4117 906 4172 Deo
928 4132 978 4186 pro
995 4117 1067 4188 regis
1080 4117 1156 4172 inco·
1209 4120 1278 4193 (Act.
1301 4119 1376 4191 ur).
1392 4117 1457 4174 Post
1480 4119 1538 4173 haec
1563 4118 1596 4173 ad
1622 4116 1822 4188 praedicandum
1845 4116 2000 4181 dimittitur,

365 4209 490 4264 lumitate
513 4209 711 4280 supplicabant.
737 4206 832 4265 Omnis
856 4216 948 4264 autem
971 4209 1067 4264 domus
1084 4209 1157 4279 regia
1208 4210 1323 4265 necdum
1334 4207 1441 4264 Nerone
1454 4208 1481 4261 in
1503 4215 1578 4262 tanta
1598 4213 1759 4277 erumpente
1775 4205 2001 4275 scelera,qnanta

365 4300 519 4372 planetibus
529 4309 557 4356 et
571 4299 716 4371 gemitibus
727 4298 899 4369 personabat,
915 4313 977 4354 cum
989 4298 1098 4353 interim
1111 4313 1157 4352 rer
1209 4300 1242 4355 de
1256 4313 1290 4355 eo
1309 4307 1421 4353 narrant
1446 4298 1583 4364 ltistoriae3
1601 4296 1686 4352 Jacob
1710 4296 1795 4352 irater
1808 4296 1914 4351 Domini
1939 4312 2001 4351 cum

365 4390 464 4461 ipsein
480 4390 586 4445 excelso
608 4389 707 4445 solario
725 4389 858 4445 recubans
877 4396 906 4443 et
924 4388 1050 4444 deorsum
1073 4389 1159 4459 respi-
1210 4390 1322 4461 triginta
1346 4389 1425 4444 anais
1451 4387 1682 4460 ierosolymorum
1709 4387 1825 4442 rexisset
1851 4386 2001 4442 Ecclesiam

365 4482 451 4545 ciens,
469 4496 501 4535 ae
519 4495 619 4549 pronos
636 4488 838 4550 prostratosque
854 4494 949 4534 ornnes
963 4494 1025 4533 curu
1050 4477 1158 4533 lletibus
1210 4483 1280 4555 (Art.
1295 4482 1355 4551 ru),
1369 4480 1485 4549 septimo
1495 4478 1611 4534 Neronis
1621 4494 1692 4533 anno
1707 4478 1857 4533 trucidatur
1867 4494 1882 4531 a
1892 4475 2002 4542 ludaeis,

364 4571 524 4643 previdens.
540 4586 593 4625 ¹¹0ss
610 4569 667 4639 ipse
679 4569 788 4639 quidem
810 4567 1004 4638 temperatura
1019 4567 1155 4638 lacrymis.
1209 4571 1411 4627 vindicantibus
1425 4571 1452 4628 in
1466 4570 1511 4625 illu
1522 4571 1594 4640 qnod
1608 4569 1722 4625 Paulum
1739 4569 1892 4626 interlicere
1909 4569 2003 4638 nequi·

365 4660 508 4717 Continuis
521 4675 585 4714 rero
594 4659 713 4729 quinque
725 4659 820 4714 diebus
832 4660 936 4713 rerrtris
946 4658 1083 4714 doloribus
1095 4674 1157 4713 cru·
1169 4707 1198 4767 D
1210 4671 1317 4719 rerunt.
1331 4661 1350 4715 F
1352 4669 1412 4716 esto
1426 4660 1594 4731 magistratui
1617 4659 1716 4716 Judaeae
1726 4660 1859 4716 successit
1877 4659 2002 4726 Albinus,

366 4753 453 4808 eiatus
466 4750 547 4805 vitato
562 4749 693 4804 violenter
706 4748 813 4819 abrupit
831 4748 1083 4819 quinquagesimum
1094 4758 1158 4803 aeta·
1210 4750 1309 4806 Albino
1322 4750 1430 4815 Florus,
1445 4749 1523 4821 eujus
1544 4748 1679 4804 luxuriam
1692 4757 1720 4804 et
1733 4752 1874 4805 avaritiam
1890 4758 2003 4804 caetera·

365 4847 404 4901 tis
426 4853 552 4916 quartum
577 4859 660 4915 agens
683 4858 794 4907 annam,
818 4844 893 4913 tegni
914 4859 980 4899 uero
1003 4844 1158 4913 septimum,
1212 4857 1265 4913 que
1282 4841 1382 4912 napus
1396 4857 1449 4897 non
1463 4838 1685 4905 ferentesludaei,
1704 4848 1797 4895 contra
1813 4840 1948 4896 Romanos
1962 4856 2006 4897 rc-

366 4945 483 5007 quatuor
494 4935 596 4991 etenim
620 4936 670 4990 sub
682 4933 751 4990 Gaio
764 4933 872 4989 Caesare
883 4936 962 4990 annis
985 4949 1111 5005 regnans,
1130 4943 1160 4989 at
1212 4932 1396 4996 bellaveruut;
1419 4931 1563 4986 aduersum
1577 4945 1645 5000 quos
1663 4930 1853 4999 Vespasianus,
1873 4930 2005 5000 magister

365 5026 481 5097 Philippi
495 5026 681 5083 Tetrarehiam
697 5027 784 5082 tribus
802 5027 881 5081 annis
902 5027 1026 5082 obtinens
1041 5035 1160 5096 :quarto
1212 5026 1327 5091 militiae,
1352 5024 1530 5079 transmissus
1552 5022 1683 5093 plurimas
1707 5023 1786 5076 urbes
1809 5020 1907 5075 ladaea
1923 5021 2003 5091 cepit.

364 5126 457 5173 autem
472 5125 499 5172 et
521 5117 635 5173 llerodis
657 5118 709 5173 sibi
733 5115 891 5187 adjungens,
906 5118 995 5172 tribus
1018 5131 1082 5172 uero
1096 5116 1160 5172 reli·
1214 5118 1285 5173 Nero
1297 5118 1402 5188 primus
1414 5116 1595 5186 superomnia
1609 5114 1711 5170 scelera
1726 5130 1773 5170 sna
1794 5121 1821 5169 ct
1836 5113 2005 5170 Christianos

365 5212 428 5281 quis
439 5211 518 5267 antris
533 5212 583 5268 sub
599 5210 711 5266 Claudio
733 5208 840 5266 Caesare
855 5208 970 5263 exactis.
986 5206 1050 5262 Post
1063 5207 1160 5278 Agrip-
1211 5209 1403 5281 persequitur,
1439 5222 1553 5277 quornm
1576 5220 1609 5261 cr
1636 5220 1750 5260 numero
1776 5204 1869 5259 homae
1894 5204 2005 5259 Petrum

365 5314 429 5370 parn
440 5306 545 5368 patrem
561 5315 673 5372 regnum
685 5299 929 5355 ludaeactenentem
943 5298 1021 5353 annis
1031 5313 1077 5353 ser
1090 5298 1161 5355 lilius
1212 5315 1303 5365 cruce,
1317 5298 1431 5353 Paulum
1443 5297 1542 5352 occidit
1557 5295 1654 5366 gladio.
1672 5295 1721 5349 llic
1731 5295 1793 5364 jure
1810 5294 1919 5349 militari
1937 5294 2006 5349 nihil

365 5389 425 5458 ejus
437 5389 553 5462 Assnppa
567 5406 583 5445 a
595 5389 706 5446 Claudio
717 5389 892 5446 substituitur
908 5388 935 5443 in
950 5403 1075 5459 regnum,
1088 5389 1161 5459 quod
1212 5392 1324 5448 omnino
1343 5404 1436 5453 ausus,
1460 5387 1624 5441 Britanniam
1644 5401 1712 5456 pene
1734 5386 1835 5441 amisit.
1860 5384 1927 5440 Nam
1950 5384 2004 5439 duo

366 5483 455 5541 teutrit
466 5483 546 5538 anuis
558 5482 651 5553 viginti
670 5495 727 5548 sex,
744 5482 796 5536 hoc
807 5487 859 5544 est,
869 5494 955 5548 usque
968 5479 1002 5533 ad
1015 5479 1161 5534 meandum
1214 5483 1264 5539 sub
1275 5495 1308 5537 ea
1324 5478 1490 5535 nobilissima
1506 5478 1604 5547 oppida
1627 5477 1681 5531 illic
1703 5486 1782 5546 capta
1808 5486 1889 5547 atque
1910 5489 2004 5531 eversa

365 5590 467 5632 arrarum
481 5574 651 5644 Vespasiani,
675 5573 784 5643 quando
804 5573 879 5627 urbis
899 5571 1034 5628 escidium
1056 5570 1157 5625 lactum
1214 5579 1287 5627 sunt.
1301 5569 1420 5638 lienique
1436 5582 1501 5622 rero
1514 5581 1575 5621 eum
1589 5575 1710 5621 asenatu
1723 5574 1892 5635 quareretur
1900 5563 1934 5617 ad
1947 5574 2005 5631 pm

364 5676 419 5725 cst.
434 5667 556 5734 Qualiter
569 5674 658 5721 autem
668 5664 802 5735 Iosephus
814 5666 848 5718 de
863 5664 914 5719 hoe
933 5673 1027 5717 narret
1040 5661 1108 5733 (tit.
1121 5676 1157 5715 rx
1212 5675 1308 5724 name
1322 5658 1422 5730 palatio
1435 5655 1550 5728 lugiens,
1563 5656 1598 5710 ad
1610 5665 1735 5726 quartum
1748 5654 1827 5711 Urbis
1838 5651 2003 5715 milliarium,

365 5759 468 5829 Antip,
480 5774 538 5828 cap.
555 5756 611 5828 lb),
623 5757 675 5812 hoe
693 5757 721 5811 in
740 5756 800 5812 loco
810 5753 963 5825 ponendum
977 5767 1037 5807 esse
1051 5752 1159 5808 censui-
1212 5753 1239 5807 in
1250 5750 1405 5807 suburbano
1417 5748 1507 5804 liberti
1520 5749 1572 5811 sui,
1584 5748 1656 5804 inter
1670 5746 1803 5801 Salariam
1818 5752 1846 5797 et
1858 5740 2006 5796 Nomenta-

366 5863 440 5906 urus
451 5848 587 5913 Claudius,
601 5847 699 5917 inquit,
713 5845 857 5916 Agrippam
878 5842 961 5898 filiurn
973 5841 1098 5912 Agrippa
1110 5838 1158 5894 lu·
1211 5858 1274 5898 narn
1285 5843 1367 5906 riam,
1378 5850 1464 5897 semet
1473 5839 1620 5904 interiecit,
1626 5837 1714 5893 aetatis
1723 5832 1861 5904 trigesimo
1872 5830 2005 5894 seeundo,

366 5940 488 5994 haruin
501 5954 590 6005 regern
598 5938 748 6001 eonstitnit;
761 5936 882 5991 Flentem
892 5934 1031 6007 [crispius
1042 5931 1157 5999 Fadum]
1188 5971 1190 5977 ι
1212 5942 1295 6002 atque
1315 5932 1341 5986 in
1355 5945 1389 5986 eo
1402 5930 1491 5986 omnis
1511 5927 1623 5998 linquet
1646 5924 1745 5981 familia
1769 5932 1929 5993 consumpta
1949 5927 2007 5980 est.
