<?xml version="1.0" encoding="UTF-8"?>
<!DOCTYPE html PUBLIC "-//W3C//DTD XHTML 1.0 Transitional//EN"
    "http://www.w3.org/TR/xhtml1/DTD/xhtml1-transitional.dtd">
<html xmlns="http://www.w3.org/1999/xhtml" xml:lang="en" lang="en">
 <head>
  <title>
</title>
<meta http-equiv="Content-Type" content="text/html;charset=utf-8" />
  <meta name='ocr-system' content='tesseract 3.04.00' />
  <meta name='ocr-capabilities' content='ocr_page ocr_carea ocr_par ocr_line ocrx_word'/>
</head>
<body>
  <div class='ocr_page' id='page_1' title='image "./patrologiaecurs90unkngoog_0448.png"; bbox 0 0 4709 6767; ppageno 0'>
   <div class='ocr_carea' id='block_1_1' title="bbox 358 608 1986 686">
    <p class='ocr_par' dir='ltr' id='par_1_1' title="bbox 358 608 1986 686">
     <span class='ocr_line' id='line_1_1' title="bbox 358 608 1986 686; baseline 0 -17"><span class='ocrx_word' id='word_1_1' title='bbox 358 627 411 686; x_wconf 57' lang='grc' dir='ltr'>εις,</span> <span class='ocrx_word' id='word_1_2' title='bbox 675 615 709 675; x_wconf 85' lang='lat' dir='ltr'><strong>tt.</strong></span> <span class='ocrx_word' id='word_1_3' title='bbox 727 614 855 673; x_wconf 76' lang='lat' dir='ltr'><strong>nauem</strong></span> <span class='ocrx_word' id='word_1_4' title='bbox 873 612 983 671; x_wconf 81' lang='lat' dir='ltr'><strong>nisum</strong></span> <span class='ocrx_word' id='word_1_5' title='bbox 1003 611 1162 669; x_wconf 76' lang='lat' dir='ltr'><strong>secutur.</strong></span> <span class='ocrx_word' id='word_1_6' title='bbox 1184 611 1337 670; x_wconf 80' lang='lat' dir='ltr'><strong>nouunn</strong></span> <span class='ocrx_word' id='word_1_7' title='bbox 1358 608 1500 682; x_wconf 69' lang='lat' dir='ltr'><strong>ornauit</strong></span> <span class='ocrx_word' id='word_1_8' title='bbox 1518 610 1608 667; x_wconf 79' lang='lat' dir='ltr'><strong>rans</strong></span> <span class='ocrx_word' id='word_1_9' title='bbox 1624 610 1645 666; x_wconf 90' lang='grc' dir='ltr'><strong>ι.</strong></span> <span class='ocrx_word' id='word_1_10' title='bbox 1935 614 1986 671; x_wconf 82' lang='lat' dir='ltr'><strong>aar</strong></span> 
     </span>
    </p>
   </div>
   <div class='ocr_carea' id='block_1_2' title="bbox 301 725 2017 5689">
    <p class='ocr_par' dir='ltr' id='par_1_2' title="bbox 301 725 2017 5689">
     <span class='ocr_line' id='line_1_2' title="bbox 360 725 1989 803; baseline -0.009 0"><span class='ocrx_word' id='word_1_11' title='bbox 360 747 457 803; x_wconf 84' lang='lat' dir='ltr'><strong>simam</strong></span> <span class='ocrx_word' id='word_1_12' title='bbox 468 741 574 797; x_wconf 76' lang='lat' dir='ltr'><strong>ventam</strong></span> <span class='ocrx_word' id='word_1_13' title='bbox 592 736 702 792; x_wconf 77' lang='lat' dir='ltr'><strong>tribuit?</strong></span> <span class='ocrx_word' id='word_1_14' title='bbox 718 732 793 790; x_wconf 87' lang='lat' dir='ltr'><strong>Unde</strong></span> <span class='ocrx_word' id='word_1_15' title='bbox 804 732 869 802; x_wconf 92' lang='lat' dir='ltr'><strong>quid</strong></span> <span class='ocrx_word' id='word_1_16' title='bbox 881 738 962 787; x_wconf 81' lang='lat' dir='ltr'><strong>tanta</strong></span> <span class='ocrx_word' id='word_1_17' title='bbox 973 730 1067 801; x_wconf 90' lang='lat' dir='ltr'><strong>pietati</strong></span> <span class='ocrx_word' id='word_1_18' title='bbox 1081 744 1146 785; x_wconf 88' lang='lat' dir='ltr'><strong>oeu-</strong></span> <span class='ocrx_word' id='word_1_19' title='bbox 1159 726 1357 798; x_wconf 72' lang='lat' dir='ltr'><strong>Ainstifcato,</strong></span> <span class='ocrx_word' id='word_1_20' title='bbox 1373 745 1383 778; x_wconf 92' lang='grc' dir='ltr'><strong>ι</strong></span> <span class='ocrx_word' id='word_1_21' title='bbox 1414 725 1540 781; x_wconf 85' lang='lat' dir='ltr'><strong>videlicet</strong></span> <span class='ocrx_word' id='word_1_22' title='bbox 1566 735 1597 781; x_wconf 92' lang='lat' dir='ltr'><strong>ut</strong></span> <span class='ocrx_word' id='word_1_23' title='bbox 1624 726 1717 782; x_wconf 91' lang='lat' dir='ltr'><strong>datum</strong></span> <span class='ocrx_word' id='word_1_24' title='bbox 1743 728 1867 784; x_wconf 85' lang='lat' dir='ltr'><strong>exhiberi</strong></span> <span class='ocrx_word' id='word_1_25' title='bbox 1892 731 1989 788; x_wconf 81' lang='lat' dir='ltr'><strong>debeat</strong></span> 
     </span>
     <span class='ocr_line' id='line_1_3' title="bbox 358 815 1988 906; baseline -0.008 -16"><span class='ocrx_word' id='word_1_26' title='bbox 358 834 469 906; x_wconf 87' lang='lat' dir='ltr'><strong>dignum</strong></span> <span class='ocrx_word' id='word_1_27' title='bbox 489 841 633 900; x_wconf 88' lang='lat' dir='ltr'><strong>possumus</strong></span> <span class='ocrx_word' id='word_1_28' title='bbox 649 823 814 896; x_wconf 80' lang='lat' dir='ltr'>rependere?</span> <span class='ocrx_word' id='word_1_29' title='bbox 836 831 883 876; x_wconf 91' lang='lat' dir='ltr'><strong>ant</strong></span> <span class='ocrx_word' id='word_1_30' title='bbox 907 821 971 892; x_wconf 90' lang='lat' dir='ltr'><strong>quid</strong></span> <span class='ocrx_word' id='word_1_31' title='bbox 995 819 1145 876; x_wconf 79' lang='lat' dir='ltr'><strong>retribuere</strong></span> <span class='ocrx_word' id='word_1_32' title='bbox 1194 832 1244 887; x_wconf 88' lang='lat' dir='ltr'><strong>per</strong></span> <span class='ocrx_word' id='word_1_33' title='bbox 1260 817 1398 886; x_wconf 90' lang='lat' dir='ltr'><strong>pietatem,</strong></span> <span class='ocrx_word' id='word_1_34' title='bbox 1417 824 1446 872; x_wconf 89' lang='lat' dir='ltr'><strong>et</strong></span> <span class='ocrx_word' id='word_1_35' title='bbox 1464 816 1564 872; x_wconf 90' lang='lat' dir='ltr'><strong>bonum</strong></span> <span class='ocrx_word' id='word_1_36' title='bbox 1582 815 1694 871; x_wconf 79' lang='lat' dir='ltr'><strong>verbum</strong></span> <span class='ocrx_word' id='word_1_37' title='bbox 1715 816 1795 872; x_wconf 90' lang='lat' dir='ltr'><strong>tribui</strong></span> <span class='ocrx_word' id='word_1_38' title='bbox 1812 831 1864 889; x_wconf 87' lang='lat' dir='ltr'><strong>per</strong></span> <span class='ocrx_word' id='word_1_39' title='bbox 1877 818 1988 877; x_wconf 88' lang='lat' dir='ltr'><strong>bumili-</strong></span> 
     </span>
     <span class='ocr_line' id='line_1_4' title="bbox 362 909 1288 988; baseline -0.016 -11"><span class='ocrx_word' id='word_1_40' title='bbox 362 922 499 979; x_wconf 82' lang='lat' dir='ltr'><strong>rliomiuo</strong></span> <span class='ocrx_word' id='word_1_41' title='bbox 519 932 567 988; x_wconf 91' lang='lat' dir='ltr'><strong>pro</strong></span> <span class='ocrx_word' id='word_1_42' title='bbox 588 915 713 970; x_wconf 87' lang='lat' dir='ltr'><strong>omnibus</strong></span> <span class='ocrx_word' id='word_1_43' title='bbox 731 928 791 983; x_wconf 84' lang='lat' dir='ltr'><strong>qnae</strong></span> <span class='ocrx_word' id='word_1_44' title='bbox 813 912 937 967; x_wconf 75' lang='lat' dir='ltr'><strong>retribuit</strong></span> <span class='ocrx_word' id='word_1_45' title='bbox 957 910 1070 966; x_wconf 77' lang='lat' dir='ltr'><strong>nobislr</strong></span> <span class='ocrx_word' id='word_1_46' title='bbox 1092 909 1144 965; x_wconf 84' lang='lat' dir='ltr'><strong>nisi</strong></span> <span class='ocrx_word' id='word_1_47' title='bbox 1196 916 1288 964; x_wconf 90' lang='lat' dir='ltr'><strong>tatem.</strong></span> 
     </span>
     <span class='ocr_line' id='line_1_5' title="bbox 357 998 1990 1079; baseline -0.006 -11"><span class='ocrx_word' id='word_1_48' title='bbox 357 1015 420 1078; x_wconf 88' lang='lat' dir='ltr'><strong>hoc,</strong></span> <span class='ocrx_word' id='word_1_49' title='bbox 443 1009 514 1079; x_wconf 88' lang='lat' dir='ltr'><strong>quod</strong></span> <span class='ocrx_word' id='word_1_50' title='bbox 539 1006 679 1078; x_wconf 87' lang='lat' dir='ltr'><strong>psalmista</strong></span> <span class='ocrx_word' id='word_1_51' title='bbox 701 1004 758 1058; x_wconf 89' lang='lat' dir='ltr'><strong>ait:</strong></span> <span class='ocrx_word' id='word_1_52' title='bbox 777 1002 915 1059; x_wconf 75' lang='lat' dir='ltr'><strong>«Calicem</strong></span> <span class='ocrx_word' id='word_1_53' title='bbox 934 1001 1060 1058; x_wconf 88' lang='lat' dir='ltr'><strong>salutaris</strong></span> <span class='ocrx_word' id='word_1_54' title='bbox 1074 1000 1145 1056; x_wconf 91' lang='lat' dir='ltr'><strong>acci·</strong></span> <span class='ocrx_word' id='word_1_55' title='bbox 1232 998 1353 1055; x_wconf 77' lang='lat' dir='ltr'><strong>«Nonne</strong></span> <span class='ocrx_word' id='word_1_56' title='bbox 1366 999 1490 1057; x_wconf 89' lang='lat' dir='ltr'><strong>ardorem</strong></span> <span class='ocrx_word' id='word_1_57' title='bbox 1504 998 1675 1071; x_wconf 76' lang='lat' dir='ltr'><strong>refrigerabit</strong></span> <span class='ocrx_word' id='word_1_58' title='bbox 1689 1001 1757 1057; x_wconf 76' lang='lat' dir='ltr'><strong>res?</strong></span> <span class='ocrx_word' id='word_1_59' title='bbox 1775 1002 1815 1057; x_wconf 89' lang='lat' dir='ltr'><strong>sio</strong></span> <span class='ocrx_word' id='word_1_60' title='bbox 1829 1002 1990 1058; x_wconf 85' lang='lat' dir='ltr'><strong>etrerbum</strong></span> 
     </span>
     <span class='ocr_line' id='line_1_6' title="bbox 301 1082 1993 1172; baseline -0.007 -16"><span class='ocrx_word' id='word_1_61' title='bbox 301 1082 307 1092; x_wconf 54' lang='lat'><strong>¹</strong></span> <span class='ocrx_word' id='word_1_62' title='bbox 357 1102 441 1172; x_wconf 91' lang='lat' dir='ltr'><strong>piam,</strong></span> <span class='ocrx_word' id='word_1_63' title='bbox 456 1109 483 1155; x_wconf 89' lang='grc' dir='ltr'><strong>ει</strong></span> <span class='ocrx_word' id='word_1_64' title='bbox 495 1112 594 1153; x_wconf 89' lang='lat' dir='ltr'><strong>nomen</strong></span> <span class='ocrx_word' id='word_1_65' title='bbox 607 1094 713 1151; x_wconf 91' lang='lat' dir='ltr'><strong>Domini</strong></span> <span class='ocrx_word' id='word_1_66' title='bbox 728 1094 874 1149; x_wconf 78' lang='lat' dir='ltr'><strong>invocabo?</strong></span> <span class='ocrx_word' id='word_1_67' title='bbox 887 1091 973 1165; x_wconf 82' lang='grc' dir='ltr'>(Ριαι.</span> <span class='ocrx_word' id='word_1_68' title='bbox 987 1089 1083 1164; x_wconf 60' lang='lat' dir='ltr'><strong>cxvi»</strong></span> <span class='ocrx_word' id='word_1_69' title='bbox 1100 1091 1146 1147; x_wconf 92' lang='lat' dir='ltr'><strong>Di·</strong></span> <span class='ocrx_word' id='word_1_70' title='bbox 1198 1087 1324 1142; x_wconf 75' lang='lat' dir='ltr'><strong>«melius</strong></span> <span class='ocrx_word' id='word_1_71' title='bbox 1344 1101 1426 1157; x_wconf 86' lang='lat' dir='ltr'><strong>quam</strong></span> <span class='ocrx_word' id='word_1_72' title='bbox 1447 1087 1575 1142; x_wconf 74' lang='lat' dir='ltr'><strong>datumi</strong></span> <span class='ocrx_word' id='word_1_73' title='bbox 1596 1087 1675 1143; x_wconf 88' lang='lat' dir='ltr'><strong>Sicut</strong></span> <span class='ocrx_word' id='word_1_74' title='bbox 1690 1099 1855 1161; x_wconf 82' lang='lat' dir='ltr'><strong>rossegetes</strong></span> <span class='ocrx_word' id='word_1_75' title='bbox 1876 1090 1993 1164; x_wconf 87' lang='lat' dir='ltr'><strong>refrige-</strong></span> 
     </span>
     <span class='ocr_line' id='line_1_7' title="bbox 359 1178 1989 1259; baseline -0.005 -12"><span class='ocrx_word' id='word_1_76' title='bbox 359 1204 506 1259; x_wconf 90' lang='lat' dir='ltr'><strong>camusque</strong></span> <span class='ocrx_word' id='word_1_77' title='bbox 524 1185 684 1258; x_wconf 83' lang='lat' dir='ltr'><strong>gratulando</strong></span> <span class='ocrx_word' id='word_1_78' title='bbox 698 1199 759 1239; x_wconf 92' lang='lat' dir='ltr'><strong>cum</strong></span> <span class='ocrx_word' id='word_1_79' title='bbox 775 1183 869 1239; x_wconf 90' lang='lat' dir='ltr'><strong>eodem</strong></span> <span class='ocrx_word' id='word_1_80' title='bbox 889 1182 1043 1253; x_wconf 86' lang='lat' dir='ltr'><strong>propbeta:</strong></span> <span class='ocrx_word' id='word_1_81' title='bbox 1065 1180 1146 1235; x_wconf 81' lang='lat' dir='ltr'><strong>‹lla-</strong></span> <span class='ocrx_word' id='word_1_82' title='bbox 1196 1195 1260 1235; x_wconf 89' lang='lat' dir='ltr'><strong>rans</strong></span> <span class='ocrx_word' id='word_1_83' title='bbox 1277 1178 1397 1235; x_wconf 76' lang='lat' dir='ltr'><strong>defendit</strong></span> <span class='ocrx_word' id='word_1_84' title='bbox 1414 1179 1449 1234; x_wconf 91' lang='lat' dir='ltr'><strong>ab</strong></span> <span class='ocrx_word' id='word_1_85' title='bbox 1473 1180 1570 1235; x_wconf 89' lang='lat' dir='ltr'><strong>ardore</strong></span> <span class='ocrx_word' id='word_1_86' title='bbox 1589 1180 1670 1247; x_wconf 87' lang='lat' dir='ltr'><strong>solis,</strong></span> <span class='ocrx_word' id='word_1_87' title='bbox 1691 1181 1732 1237; x_wconf 93' lang='lat' dir='ltr'><strong>sic</strong></span> <span class='ocrx_word' id='word_1_88' title='bbox 1745 1182 1862 1237; x_wconf 84' lang='lat' dir='ltr'><strong>verbum</strong></span> <span class='ocrx_word' id='word_1_89' title='bbox 1887 1182 1989 1239; x_wconf 85' lang='lat' dir='ltr'><strong>bonum</strong></span> 
     </span>
     <span class='ocr_line' id='line_1_8' title="bbox 358 1268 1988 1352; baseline -0.004 -17"><span class='ocrx_word' id='word_1_90' title='bbox 358 1296 427 1352; x_wconf 90' lang='lat' dir='ltr'><strong>gnus</strong></span> <span class='ocrx_word' id='word_1_91' title='bbox 449 1278 578 1333; x_wconf 83' lang='lat' dir='ltr'><strong>Dominus</strong></span> <span class='ocrx_word' id='word_1_92' title='bbox 591 1283 619 1331; x_wconf 87' lang='lat' dir='ltr'><strong>et</strong></span> <span class='ocrx_word' id='word_1_93' title='bbox 632 1272 774 1329; x_wconf 87' lang='lat' dir='ltr'><strong>laudabilis</strong></span> <span class='ocrx_word' id='word_1_94' title='bbox 793 1272 887 1339; x_wconf 87' lang='lat' dir='ltr'><strong>nimis,</strong></span> <span class='ocrx_word' id='word_1_95' title='bbox 907 1279 935 1326; x_wconf 92' lang='lat' dir='ltr'><strong>et</strong></span> <span class='ocrx_word' id='word_1_96' title='bbox 953 1269 1146 1343; x_wconf 75' lang='lat' dir='ltr'><strong>magnitudinis</strong></span> <span class='ocrx_word' id='word_1_97' title='bbox 1195 1270 1309 1341; x_wconf 89' lang='lat' dir='ltr'><strong>gratiam</strong></span> <span class='ocrx_word' id='word_1_98' title='bbox 1331 1268 1489 1338; x_wconf 90' lang='lat' dir='ltr'><strong>impendens</strong></span> <span class='ocrx_word' id='word_1_99' title='bbox 1506 1270 1611 1325; x_wconf 91' lang='lat' dir='ltr'><strong>muneri</strong></span> <span class='ocrx_word' id='word_1_100' title='bbox 1636 1269 1775 1341; x_wconf 69' lang='lat' dir='ltr'><strong>largientis</strong></span> <span class='ocrx_word' id='word_1_101' title='bbox 1790 1272 1911 1343; x_wconf 84' lang='lat' dir='ltr'><strong>protegit</strong></span> <span class='ocrx_word' id='word_1_102' title='bbox 1924 1287 1988 1328; x_wconf 90' lang='lat' dir='ltr'><strong>eum</strong></span> 
     </span>
     <span class='ocr_line' id='line_1_9' title="bbox 358 1359 1987 1440; baseline -0.005 -15"><span class='ocrx_word' id='word_1_103' title='bbox 358 1371 416 1440; x_wconf 83' lang='lat' dir='ltr'><strong>ejus</strong></span> <span class='ocrx_word' id='word_1_104' title='bbox 428 1383 481 1423; x_wconf 89' lang='lat' dir='ltr'><strong>non</strong></span> <span class='ocrx_word' id='word_1_105' title='bbox 492 1374 534 1421; x_wconf 89' lang='grc' dir='ltr'><strong>εει</strong></span> <span class='ocrx_word' id='word_1_106' title='bbox 544 1365 621 1430; x_wconf 87' lang='grc' dir='ltr'>ιιιιιε;</span> <span class='ocrx_word' id='word_1_107' title='bbox 635 1362 791 1419; x_wconf 80' lang='lat' dir='ltr'><strong>misericors</strong></span> <span class='ocrx_word' id='word_1_108' title='bbox 804 1370 832 1417; x_wconf 93' lang='lat' dir='ltr'><strong>et</strong></span> <span class='ocrx_word' id='word_1_109' title='bbox 848 1362 992 1417; x_wconf 88' lang='lat' dir='ltr'><strong>miserator</strong></span> <span class='ocrx_word' id='word_1_110' title='bbox 1004 1359 1145 1427; x_wconf 88' lang='lat' dir='ltr'><strong>Dominus,</strong></span> <span class='ocrx_word' id='word_1_111' title='bbox 1196 1375 1211 1414; x_wconf 89' lang='lat' dir='ltr'><strong>a</strong></span> <span class='ocrx_word' id='word_1_112' title='bbox 1222 1360 1341 1431; x_wconf 90' lang='lat' dir='ltr'><strong>nequitia</strong></span> <span class='ocrx_word' id='word_1_113' title='bbox 1353 1359 1451 1430; x_wconf 84' lang='lat' dir='ltr'><strong>linguae</strong></span> <span class='ocrx_word' id='word_1_114' title='bbox 1462 1360 1614 1417; x_wconf 89' lang='lat' dir='ltr'><strong>irascentis.</strong></span> <span class='ocrx_word' id='word_1_115' title='bbox 1624 1360 1702 1418; x_wconf 87' lang='lat' dir='ltr'><strong>Unde</strong></span> <span class='ocrx_word' id='word_1_116' title='bbox 1711 1364 1774 1418; x_wconf 91' lang='lat' dir='ltr'><strong>alibi</strong></span> <span class='ocrx_word' id='word_1_117' title='bbox 1785 1363 1917 1435; x_wconf 90' lang='lat' dir='ltr'><strong>scriptum</strong></span> <span class='ocrx_word' id='word_1_118' title='bbox 1929 1374 1987 1421; x_wconf 86' lang='lat' dir='ltr'><strong>est:</strong></span> 
     </span>
     <span class='ocr_line' id='line_1_10' title="bbox 358 1448 1989 1533; baseline -0.002 -18"><span class='ocrx_word' id='word_1_119' title='bbox 358 1461 464 1533; x_wconf 85' lang='lat' dir='ltr'><strong>patiens</strong></span> <span class='ocrx_word' id='word_1_120' title='bbox 478 1466 506 1514; x_wconf 88' lang='lat' dir='ltr'><strong>et</strong></span> <span class='ocrx_word' id='word_1_121' title='bbox 518 1456 630 1511; x_wconf 90' lang='lat' dir='ltr'><strong>muitum</strong></span> <span class='ocrx_word' id='word_1_122' title='bbox 646 1453 811 1509; x_wconf 90' lang='lat' dir='ltr'><strong>misericors.</strong></span> <span class='ocrx_word' id='word_1_123' title='bbox 829 1451 927 1508; x_wconf 85' lang='lat' dir='ltr'><strong>Suavis</strong></span> <span class='ocrx_word' id='word_1_124' title='bbox 942 1452 1073 1506; x_wconf 83' lang='lat' dir='ltr'><strong>Dominus</strong></span> <span class='ocrx_word' id='word_1_125' title='bbox 1087 1451 1146 1505; x_wconf 89' lang='lat' dir='ltr'><strong>uni·</strong></span> <span class='ocrx_word' id='word_1_126' title='bbox 1199 1468 1208 1499; x_wconf 85' lang='grc' dir='ltr'><strong>ι</strong></span> <span class='ocrx_word' id='word_1_127' title='bbox 1221 1448 1317 1505; x_wconf 86' lang='lat' dir='ltr'><strong>Sermo</strong></span> <span class='ocrx_word' id='word_1_128' title='bbox 1331 1450 1414 1506; x_wconf 75' lang='lat' dir='ltr'><strong>durias</strong></span> <span class='ocrx_word' id='word_1_129' title='bbox 1428 1451 1541 1506; x_wconf 87' lang='lat' dir='ltr'><strong>suscitat</strong></span> <span class='ocrx_word' id='word_1_130' title='bbox 1554 1449 1638 1517; x_wconf 87' lang='lat' dir='ltr'><strong>rixas,</strong></span> <span class='ocrx_word' id='word_1_131' title='bbox 1651 1460 1681 1507; x_wconf 93' lang='lat' dir='ltr'><strong>et</strong></span> <span class='ocrx_word' id='word_1_132' title='bbox 1694 1467 1786 1510; x_wconf 80' lang='lat' dir='ltr'><strong>serrae</strong></span> <span class='ocrx_word' id='word_1_133' title='bbox 1799 1454 1872 1511; x_wconf 89' lang='lat' dir='ltr'><strong>lenis</strong></span> <span class='ocrx_word' id='word_1_134' title='bbox 1884 1456 1989 1525; x_wconf 80' lang='lat' dir='ltr'><strong>mitigat</strong></span> 
     </span>
     <span class='ocr_line' id='line_1_11' title="bbox 357 1540 1533 1614; baseline -0.007 -11"><span class='ocrx_word' id='word_1_135' title='bbox 357 1549 454 1614; x_wconf 81' lang='lat' dir='ltr'><strong>rersis,</strong></span> <span class='ocrx_word' id='word_1_136' title='bbox 469 1555 496 1602; x_wconf 88' lang='lat' dir='ltr'><strong>et</strong></span> <span class='ocrx_word' id='word_1_137' title='bbox 509 1544 696 1601; x_wconf 84' lang='lat' dir='ltr'><strong>miserationes</strong></span> <span class='ocrx_word' id='word_1_138' title='bbox 710 1543 769 1613; x_wconf 83' lang='lat' dir='ltr'><strong>ejus</strong></span> <span class='ocrx_word' id='word_1_139' title='bbox 787 1542 969 1613; x_wconf 88' lang='lat' dir='ltr'><strong>superomnia</strong></span> <span class='ocrx_word' id='word_1_140' title='bbox 982 1555 1063 1611; x_wconf 90' lang='lat' dir='ltr'><strong>opera</strong></span> <span class='ocrx_word' id='word_1_141' title='bbox 1075 1540 1144 1611; x_wconf 81' lang='lat' dir='ltr'><strong>eius.</strong></span> <span class='ocrx_word' id='word_1_142' title='bbox 1196 1542 1338 1598; x_wconf 90' lang='lat' dir='ltr'><strong>suscitatas</strong></span> <span class='ocrx_word' id='word_1_143' title='bbox 1350 1541 1441 1614; x_wconf 78' lang='lat' dir='ltr'><strong>(Pron.</strong></span> <span class='ocrx_word' id='word_1_144' title='bbox 1454 1542 1509 1612; x_wconf 79' lang='grc' dir='ltr'>ιι).</span> <span class='ocrx_word' id='word_1_145' title='bbox 1523 1560 1533 1595; x_wconf 86' lang='grc' dir='ltr'><strong>ι</strong></span> 
     </span>
     <span class='ocr_line' id='line_1_12' title="bbox 357 1630 1988 1707; baseline 0.001 -13"><span class='ocrx_word' id='word_1_146' title='bbox 357 1638 476 1695; x_wconf 85' lang='lat' dir='ltr'><strong>Laudem</strong></span> <span class='ocrx_word' id='word_1_147' title='bbox 502 1633 609 1691; x_wconf 92' lang='lat' dir='ltr'><strong>Domini</strong></span> <span class='ocrx_word' id='word_1_148' title='bbox 630 1632 756 1702; x_wconf 82' lang='lat' dir='ltr'><strong>loquetur</strong></span> <span class='ocrx_word' id='word_1_149' title='bbox 778 1646 809 1687; x_wconf 92' lang='lat' dir='ltr'><strong>os</strong></span> <span class='ocrx_word' id='word_1_150' title='bbox 830 1645 937 1695; x_wconf 86' lang='lat' dir='ltr'><strong>meum,</strong></span> <span class='ocrx_word' id='word_1_151' title='bbox 961 1637 990 1685; x_wconf 92' lang='grc' dir='ltr'><strong>ει</strong></span> <span class='ocrx_word' id='word_1_152' title='bbox 1005 1630 1146 1685; x_wconf 84' lang='lat' dir='ltr'><strong>benedicat</strong></span> <span class='ocrx_word' id='word_1_153' title='bbox 1234 1633 1352 1689; x_wconf 77' lang='lat' dir='ltr'><strong>«Nonne</strong></span> <span class='ocrx_word' id='word_1_154' title='bbox 1371 1649 1435 1690; x_wconf 88' lang='lat' dir='ltr'><strong>ecce</strong></span> <span class='ocrx_word' id='word_1_155' title='bbox 1459 1635 1571 1690; x_wconf 76' lang='lat' dir='ltr'><strong>uerbum</strong></span> <span class='ocrx_word' id='word_1_156' title='bbox 1597 1650 1679 1707; x_wconf 88' lang='lat' dir='ltr'><strong>super</strong></span> <span class='ocrx_word' id='word_1_157' title='bbox 1702 1636 1796 1692; x_wconf 89' lang='lat' dir='ltr'><strong>datum</strong></span> <span class='ocrx_word' id='word_1_158' title='bbox 1819 1639 1936 1705; x_wconf 87' lang='lat' dir='ltr'><strong>bonnm,</strong></span> <span class='ocrx_word' id='word_1_159' title='bbox 1961 1650 1988 1695; x_wconf 90' lang='lat' dir='ltr'><strong>et</strong></span> 
     </span>
     <span class='ocr_line' id='line_1_13' title="bbox 358 1718 1988 1803; baseline 0.005 -21"><span class='ocrx_word' id='word_1_160' title='bbox 358 1727 447 1782; x_wconf 90' lang='lat' dir='ltr'><strong>omnis</strong></span> <span class='ocrx_word' id='word_1_161' title='bbox 466 1740 529 1781; x_wconf 88' lang='lat' dir='ltr'><strong>care</strong></span> <span class='ocrx_word' id='word_1_162' title='bbox 548 1737 645 1778; x_wconf 81' lang='lat' dir='ltr'><strong>norrren</strong></span> <span class='ocrx_word' id='word_1_163' title='bbox 669 1729 792 1777; x_wconf 73' lang='lat' dir='ltr'><strong>sarnetum</strong></span> <span class='ocrx_word' id='word_1_164' title='bbox 804 1718 863 1790; x_wconf 85' lang='lat' dir='ltr'><strong>ejus</strong></span> <span class='ocrx_word' id='word_1_165' title='bbox 881 1721 908 1775; x_wconf 93' lang='lat' dir='ltr'><strong>in</strong></span> <span class='ocrx_word' id='word_1_166' title='bbox 921 1727 1062 1782; x_wconf 81' lang='lat' dir='ltr'><strong>aeternum,</strong></span> <span class='ocrx_word' id='word_1_167' title='bbox 1076 1727 1104 1775; x_wconf 93' lang='grc' dir='ltr'><strong>ει</strong></span> <span class='ocrx_word' id='word_1_168' title='bbox 1118 1719 1144 1774; x_wconf 91' lang='lat' dir='ltr'><strong>in</strong></span> <span class='ocrx_word' id='word_1_169' title='bbox 1198 1746 1208 1778; x_wconf 80' lang='grc' dir='ltr'><strong>ι</strong></span> <span class='ocrx_word' id='word_1_170' title='bbox 1226 1737 1340 1798; x_wconf 87' lang='lat' dir='ltr'><strong>utraque</strong></span> <span class='ocrx_word' id='word_1_171' title='bbox 1359 1743 1420 1783; x_wconf 88' lang='lat' dir='ltr'><strong>cum</strong></span> <span class='ocrx_word' id='word_1_172' title='bbox 1441 1728 1550 1784; x_wconf 90' lang='lat' dir='ltr'><strong>bomine</strong></span> <span class='ocrx_word' id='word_1_173' title='bbox 1567 1726 1726 1797; x_wconf 82' lang='lat' dir='ltr'><strong>justificato.</strong></span> <span class='ocrx_word' id='word_1_174' title='bbox 1742 1749 1752 1783; x_wconf 88' lang='grc' dir='ltr'><strong>ι</strong></span> <span class='ocrx_word' id='word_1_175' title='bbox 1778 1730 1858 1803; x_wconf 73' lang='lat' dir='ltr'><strong>Saepe</strong></span> <span class='ocrx_word' id='word_1_176' title='bbox 1876 1734 1988 1789; x_wconf 83' lang='lat' dir='ltr'><strong>verbum</strong></span> 
     </span>
     <span class='ocr_line' id='line_1_14' title="bbox 358 1812 1988 1892; baseline 0.001 -16"><span class='ocrx_word' id='word_1_177' title='bbox 358 1818 485 1876; x_wconf 77' lang='lat' dir='ltr'><strong>seculum</strong></span> <span class='ocrx_word' id='word_1_178' title='bbox 498 1815 588 1872; x_wconf 86' lang='lat' dir='ltr'><strong>saeculi</strong></span> <span class='ocrx_word' id='word_1_179' title='bbox 601 1813 687 1886; x_wconf 72' lang='lat' dir='ltr'><strong>(Pul.</strong></span> <span class='ocrx_word' id='word_1_180' title='bbox 700 1828 784 1878; x_wconf 70' lang='lat' dir='ltr'><strong>ulti.</strong></span> <span class='ocrx_word' id='word_1_181' title='bbox 800 1828 861 1878; x_wconf 69' lang='lat' dir='ltr'>xcv,</span> <span class='ocrx_word' id='word_1_182' title='bbox 874 1812 975 1884; x_wconf 67' lang='lat' dir='ltr'><strong>cmv)-</strong></span> <span class='ocrx_word' id='word_1_183' title='bbox 990 1832 998 1864; x_wconf 75' lang='grc' dir='ltr'><strong>ι</strong></span> <span class='ocrx_word' id='word_1_184' title='bbox 1195 1818 1323 1890; x_wconf 81' lang='lat' dir='ltr'><strong>precedit</strong></span> <span class='ocrx_word' id='word_1_185' title='bbox 1335 1819 1434 1875; x_wconf 83' lang='lat' dir='ltr'><strong>donrrm</strong></span> <span class='ocrx_word' id='word_1_186' title='bbox 1445 1826 1562 1889; x_wconf 90' lang='lat' dir='ltr'><strong>gratum,</strong></span> <span class='ocrx_word' id='word_1_187' title='bbox 1575 1819 1639 1889; x_wconf 91' lang='lat' dir='ltr'><strong>quia</strong></span> <span class='ocrx_word' id='word_1_188' title='bbox 1652 1820 1743 1892; x_wconf 90' lang='lat' dir='ltr'><strong>lingua</strong></span> <span class='ocrx_word' id='word_1_189' title='bbox 1758 1822 1888 1878; x_wconf 88' lang='lat' dir='ltr'><strong>eucharis</strong></span> <span class='ocrx_word' id='word_1_190' title='bbox 1901 1824 1988 1877; x_wconf 88' lang='lat' dir='ltr'><strong>maxi·</strong></span> 
     </span>
     <span class='ocr_line' id='line_1_15' title="bbox 395 1903 1985 1980; baseline 0.003 -19"><span class='ocrx_word' id='word_1_191' title='bbox 395 1929 405 1961; x_wconf 85' lang='grc' dir='ltr'><strong>ι</strong></span> <span class='ocrx_word' id='word_1_192' title='bbox 421 1909 559 1965; x_wconf 86' lang='lat' dir='ltr'><strong>bliseratio</strong></span> <span class='ocrx_word' id='word_1_193' title='bbox 572 1907 689 1963; x_wconf 89' lang='lat' dir='ltr'><strong>bominis</strong></span> <span class='ocrx_word' id='word_1_194' title='bbox 699 1906 771 1963; x_wconf 89' lang='lat' dir='ltr'><strong>circa</strong></span> <span class='ocrx_word' id='word_1_195' title='bbox 783 1906 936 1976; x_wconf 90' lang='lat' dir='ltr'><strong>proximum</strong></span> <span class='ocrx_word' id='word_1_196' title='bbox 951 1919 1045 1970; x_wconf 80' lang='lat' dir='ltr'><strong>suum;</strong></span> <span class='ocrx_word' id='word_1_197' title='bbox 1063 1903 1145 1958; x_wconf 89' lang='lat' dir='ltr'><strong>mise-</strong></span> <span class='ocrx_word' id='word_1_198' title='bbox 1195 1922 1267 1964; x_wconf 89' lang='lat' dir='ltr'><strong>mam</strong></span> <span class='ocrx_word' id='word_1_199' title='bbox 1292 1910 1407 1980; x_wconf 81' lang='lat' dir='ltr'><strong>gratiam</strong></span> <span class='ocrx_word' id='word_1_200' title='bbox 1429 1909 1531 1979; x_wconf 81' lang='lat' dir='ltr'><strong>praebet</strong></span> <span class='ocrx_word' id='word_1_201' title='bbox 1552 1909 1663 1965; x_wconf 86' lang='lat' dir='ltr'><strong>bomini.</strong></span> <span class='ocrx_word' id='word_1_202' title='bbox 1678 1910 1755 1966; x_wconf 87' lang='lat' dir='ltr'><strong>Unde</strong></span> <span class='ocrx_word' id='word_1_203' title='bbox 1775 1910 1905 1967; x_wconf 86' lang='lat' dir='ltr'><strong>Salomon</strong></span> <span class='ocrx_word' id='word_1_204' title='bbox 1930 1914 1985 1968; x_wconf 91' lang='lat' dir='ltr'><strong>ait:</strong></span> 
     </span>
     <span class='ocr_line' id='line_1_16' title="bbox 360 1990 1989 2073; baseline 0.002 -17"><span class='ocrx_word' id='word_1_205' title='bbox 360 1998 503 2055; x_wconf 80' lang='lat' dir='ltr'><strong>‹ricotdia</strong></span> <span class='ocrx_word' id='word_1_206' title='bbox 524 2005 614 2052; x_wconf 90' lang='lat' dir='ltr'><strong>autem</strong></span> <span class='ocrx_word' id='word_1_207' title='bbox 637 1996 683 2051; x_wconf 71' lang='lat' dir='ltr'><strong>Dei</strong></span> <span class='ocrx_word' id='word_1_208' title='bbox 711 2010 794 2066; x_wconf 71' lang='lat' dir='ltr'><strong>supet·</strong></span> <span class='ocrx_word' id='word_1_209' title='bbox 817 2009 925 2050; x_wconf 72' lang='lat' dir='ltr'><strong>omnem</strong></span> <span class='ocrx_word' id='word_1_210' title='bbox 949 2006 1066 2048; x_wconf 58' lang='lat' dir='ltr'><strong>cimem-</strong></span> <span class='ocrx_word' id='word_1_211' title='bbox 1092 1990 1144 2059; x_wconf 65' lang='lat'><strong>0¹¹5</strong></span> <span class='ocrx_word' id='word_1_212' title='bbox 1198 2003 1299 2073; x_wconf 73' lang='lat' dir='ltr'><strong>«Aqua</strong></span> <span class='ocrx_word' id='word_1_213' title='bbox 1314 2001 1446 2073; x_wconf 86' lang='lat' dir='ltr'><strong>profunda</strong></span> <span class='ocrx_word' id='word_1_214' title='bbox 1467 2003 1550 2057; x_wconf 80' lang='lat' dir='ltr'><strong>rerba</strong></span> <span class='ocrx_word' id='word_1_215' title='bbox 1571 2017 1605 2058; x_wconf 89' lang='lat' dir='ltr'><strong>ex</strong></span> <span class='ocrx_word' id='word_1_216' title='bbox 1628 2016 1676 2057; x_wconf 88' lang='lat' dir='ltr'><strong>ore</strong></span> <span class='ocrx_word' id='word_1_217' title='bbox 1695 2002 1759 2069; x_wconf 83' lang='lat' dir='ltr'><strong>riri,</strong></span> <span class='ocrx_word' id='word_1_218' title='bbox 1774 2012 1802 2059; x_wconf 90' lang='grc' dir='ltr'><strong>ει</strong></span> <span class='ocrx_word' id='word_1_219' title='bbox 1819 2012 1930 2059; x_wconf 90' lang='lat' dir='ltr'><strong>torrens</strong></span> <span class='ocrx_word' id='word_1_220' title='bbox 1947 2021 1989 2060; x_wconf 83' lang='lat' dir='ltr'><strong>re·</strong></span> 
     </span>
     <span class='ocr_line' id='line_1_17' title="bbox 360 2081 1987 2165; baseline 0.004 -22"><span class='ocrx_word' id='word_1_221' title='bbox 360 2113 369 2143; x_wconf 83' lang='grc' dir='ltr'><strong>ι</strong></span> <span class='ocrx_word' id='word_1_222' title='bbox 389 2089 602 2147; x_wconf 87' lang='lat' dir='ltr'><strong>misericordiam</strong></span> <span class='ocrx_word' id='word_1_223' title='bbox 615 2088 707 2154; x_wconf 89' lang='lat' dir='ltr'><strong>babet,</strong></span> <span class='ocrx_word' id='word_1_224' title='bbox 721 2088 811 2151; x_wconf 87' lang='lat' dir='ltr'><strong>docet,</strong></span> <span class='ocrx_word' id='word_1_225' title='bbox 822 2092 851 2140; x_wconf 91' lang='lat' dir='ltr'><strong>et</strong></span> <span class='ocrx_word' id='word_1_226' title='bbox 863 2084 952 2139; x_wconf 90' lang='lat' dir='ltr'><strong>erudit</strong></span> <span class='ocrx_word' id='word_1_227' title='bbox 964 2083 1040 2154; x_wconf 91' lang='lat' dir='ltr'><strong>quasi</strong></span> <span class='ocrx_word' id='word_1_228' title='bbox 1052 2091 1143 2153; x_wconf 83' lang='lat' dir='ltr'><strong>pastor</strong></span> <span class='ocrx_word' id='word_1_229' title='bbox 1157 2081 1181 2140; x_wconf 89' lang='lat' dir='ltr'>B</span> <span class='ocrx_word' id='word_1_230' title='bbox 1195 2093 1318 2148; x_wconf 88' lang='lat' dir='ltr'><strong>dundans</strong></span> <span class='ocrx_word' id='word_1_231' title='bbox 1346 2091 1406 2147; x_wconf 90' lang='lat' dir='ltr'><strong>fons</strong></span> <span class='ocrx_word' id='word_1_232' title='bbox 1430 2091 1569 2160; x_wconf 82' lang='lat' dir='ltr'><strong>sapientie</strong></span> <span class='ocrx_word' id='word_1_233' title='bbox 1594 2088 1684 2163; x_wconf 82' lang='lat' dir='ltr'><strong>(Prae.</strong></span> <span class='ocrx_word' id='word_1_234' title='bbox 1703 2092 1793 2165; x_wconf 81' lang='grc' dir='ltr'>ιιιιι).</span> <span class='ocrx_word' id='word_1_235' title='bbox 1809 2112 1819 2145; x_wconf 84' lang='grc' dir='ltr'><strong>ι</strong></span> <span class='ocrx_word' id='word_1_236' title='bbox 1842 2094 1878 2148; x_wconf 78' lang='lat' dir='ltr'><strong>lit</strong></span> <span class='ocrx_word' id='word_1_237' title='bbox 1899 2095 1987 2151; x_wconf 86' lang='lat' dir='ltr'><strong>item:</strong></span> 
     </span>
     <span class='ocr_line' id='line_1_18' title="bbox 360 2174 1989 2256; baseline 0.004 -21"><span class='ocrx_word' id='word_1_238' title='bbox 360 2203 369 2235; x_wconf 81' lang='lat' dir='ltr'><strong>r</strong></span> <span class='ocrx_word' id='word_1_239' title='bbox 387 2197 496 2256; x_wconf 84' lang='lat' dir='ltr'><strong>gregem</strong></span> <span class='ocrx_word' id='word_1_240' title='bbox 510 2197 598 2239; x_wconf 85' lang='lat' dir='ltr'><strong>suum</strong></span> <span class='ocrx_word' id='word_1_241' title='bbox 612 2200 623 2235; x_wconf 88' lang='grc' dir='ltr'><strong>ι</strong></span> <span class='ocrx_word' id='word_1_242' title='bbox 641 2180 712 2235; x_wconf 79' lang='lat' dir='ltr'><strong>tiam</strong></span> <span class='ocrx_word' id='word_1_243' title='bbox 724 2179 860 2234; x_wconf 87' lang='lat' dir='ltr'><strong>invenitur</strong></span> <span class='ocrx_word' id='word_1_244' title='bbox 871 2176 917 2247; x_wconf 92' lang='lat' dir='ltr'><strong>qui</strong></span> <span class='ocrx_word' id='word_1_245' title='bbox 932 2174 1051 2246; x_wconf 77' lang='lat' dir='ltr'><strong>perfecte</strong></span> <span class='ocrx_word' id='word_1_246' title='bbox 1064 2189 1142 2247; x_wconf 82' lang='lat' dir='ltr'><strong>opem</strong></span> <span class='ocrx_word' id='word_1_247' title='bbox 1197 2200 1206 2233; x_wconf 88' lang='grc' dir='ltr'><strong>ι</strong></span> <span class='ocrx_word' id='word_1_248' title='bbox 1225 2181 1275 2248; x_wconf 82' lang='lat' dir='ltr'><strong>Qui</strong></span> <span class='ocrx_word' id='word_1_249' title='bbox 1292 2180 1457 2246; x_wconf 87' lang='lat' dir='ltr'><strong>moderatur,</strong></span> <span class='ocrx_word' id='word_1_250' title='bbox 1478 2182 1574 2252; x_wconf 88' lang='lat' dir='ltr'><strong>inquit,</strong></span> <span class='ocrx_word' id='word_1_251' title='bbox 1590 2198 1730 2239; x_wconf 88' lang='lat' dir='ltr'><strong>sermones</strong></span> <span class='ocrx_word' id='word_1_252' title='bbox 1752 2200 1827 2251; x_wconf 88' lang='lat' dir='ltr'><strong>suos,</strong></span> <span class='ocrx_word' id='word_1_253' title='bbox 1851 2186 1950 2241; x_wconf 89' lang='lat' dir='ltr'><strong>doctus</strong></span> <span class='ocrx_word' id='word_1_254' title='bbox 1962 2197 1989 2242; x_wconf 88' lang='lat' dir='ltr'><strong>et</strong></span> 
     </span>
     <span class='ocr_line' id='line_1_19' title="bbox 358 2267 1984 2348; baseline -0.001 -15"><span class='ocrx_word' id='word_1_255' title='bbox 358 2276 552 2333; x_wconf 74' lang='lat' dir='ltr'><strong>misericordiae</strong></span> <span class='ocrx_word' id='word_1_256' title='bbox 580 2272 716 2343; x_wconf 87' lang='lat' dir='ltr'><strong>impendat</strong></span> <span class='ocrx_word' id='word_1_257' title='bbox 738 2271 765 2326; x_wconf 91' lang='lat' dir='ltr'><strong>in</strong></span> <span class='ocrx_word' id='word_1_258' title='bbox 787 2270 957 2340; x_wconf 88' lang='lat' dir='ltr'><strong>proximum,</strong></span> <span class='ocrx_word' id='word_1_259' title='bbox 983 2275 1014 2321; x_wconf 92' lang='lat' dir='ltr'><strong>at</strong></span> <span class='ocrx_word' id='word_1_260' title='bbox 1036 2267 1142 2323; x_wconf 76' lang='lat' dir='ltr'><strong>Donum</strong></span> <span class='ocrx_word' id='word_1_261' title='bbox 1194 2272 1312 2341; x_wconf 88' lang='lat' dir='ltr'><strong>prudens</strong></span> <span class='ocrx_word' id='word_1_262' title='bbox 1325 2281 1378 2336; x_wconf 90' lang='lat' dir='ltr'><strong>est,</strong></span> <span class='ocrx_word' id='word_1_263' title='bbox 1392 2279 1419 2325; x_wconf 92' lang='lat' dir='ltr'><strong>et</strong></span> <span class='ocrx_word' id='word_1_264' title='bbox 1431 2270 1541 2340; x_wconf 91' lang='lat' dir='ltr'><strong>pretiosi</strong></span> <span class='ocrx_word' id='word_1_265' title='bbox 1561 2272 1672 2343; x_wconf 88' lang='lat' dir='ltr'><strong>spiritus</strong></span> <span class='ocrx_word' id='word_1_266' title='bbox 1688 2273 1731 2328; x_wconf 82' lang='lat' dir='ltr'><strong>vir</strong></span> <span class='ocrx_word' id='word_1_267' title='bbox 1750 2274 1876 2330; x_wconf 89' lang='lat' dir='ltr'><strong>cruditus</strong></span> <span class='ocrx_word' id='word_1_268' title='bbox 1891 2275 1984 2348; x_wconf 75' lang='lat' dir='ltr'><strong>(Prot.</strong></span> 
     </span>
     <span class='ocr_line' id='line_1_20' title="bbox 354 2357 1987 2439; baseline 0.001 -17"><span class='ocrx_word' id='word_1_269' title='bbox 354 2367 443 2439; x_wconf 89' lang='lat' dir='ltr'><strong>pietas</strong></span> <span class='ocrx_word' id='word_1_270' title='bbox 458 2363 630 2420; x_wconf 81' lang='lat' dir='ltr'><strong>redundatia</strong></span> <span class='ocrx_word' id='word_1_271' title='bbox 644 2362 800 2417; x_wconf 84' lang='lat' dir='ltr'><strong>universum</strong></span> <span class='ocrx_word' id='word_1_272' title='bbox 815 2360 979 2423; x_wconf 75' lang='lat' dir='ltr'><strong>mundum«</strong></span> <span class='ocrx_word' id='word_1_273' title='bbox 998 2358 1044 2428; x_wconf 89' lang='lat' dir='ltr'><strong>qni</strong></span> <span class='ocrx_word' id='word_1_274' title='bbox 1059 2357 1143 2413; x_wconf 90' lang='lat' dir='ltr'><strong>solem</strong></span> <span class='ocrx_word' id='word_1_275' title='bbox 1196 2363 1295 2432; x_wconf 81' lang='grc' dir='ltr'>ιιιι),ι</span> <span class='ocrx_word' id='word_1_276' title='bbox 1314 2362 1361 2417; x_wconf 89' lang='lat' dir='ltr'><strong>sed</strong></span> <span class='ocrx_word' id='word_1_277' title='bbox 1387 2368 1511 2431; x_wconf 89' lang='lat' dir='ltr'><strong>utraque,</strong></span> <span class='ocrx_word' id='word_1_278' title='bbox 1533 2363 1584 2418; x_wconf 87' lang='lat' dir='ltr'><strong>boc</strong></span> <span class='ocrx_word' id='word_1_279' title='bbox 1605 2372 1663 2430; x_wconf 92' lang='lat' dir='ltr'><strong>est,</strong></span> <span class='ocrx_word' id='word_1_280' title='bbox 1687 2364 1799 2420; x_wconf 86' lang='lat' dir='ltr'><strong>verbum</strong></span> <span class='ocrx_word' id='word_1_281' title='bbox 1822 2376 1853 2422; x_wconf 87' lang='lat' dir='ltr'><strong>et</strong></span> <span class='ocrx_word' id='word_1_282' title='bbox 1887 2384 1987 2423; x_wconf 82' lang='lat' dir='ltr'><strong>murras</strong></span> 
     </span>
     <span class='ocr_line' id='line_1_21' title="bbox 356 2450 1987 2529; baseline 0.001 -17"><span class='ocrx_word' id='word_1_283' title='bbox 356 2472 434 2513; x_wconf 90' lang='lat' dir='ltr'><strong>suum</strong></span> <span class='ocrx_word' id='word_1_284' title='bbox 448 2455 514 2511; x_wconf 89' lang='lat' dir='ltr'><strong>oriri</strong></span> <span class='ocrx_word' id='word_1_285' title='bbox 527 2453 592 2510; x_wconf 89' lang='lat' dir='ltr'><strong>facit</strong></span> <span class='ocrx_word' id='word_1_286' title='bbox 603 2467 684 2525; x_wconf 88' lang='lat' dir='ltr'><strong>super</strong></span> <span class='ocrx_word' id='word_1_287' title='bbox 698 2452 783 2507; x_wconf 87' lang='lat' dir='ltr'><strong>bonos</strong></span> <span class='ocrx_word' id='word_1_288' title='bbox 795 2459 823 2505; x_wconf 90' lang='grc' dir='ltr'><strong>ει</strong></span> <span class='ocrx_word' id='word_1_289' title='bbox 834 2451 929 2515; x_wconf 89' lang='lat' dir='ltr'><strong>malos,</strong></span> <span class='ocrx_word' id='word_1_290' title='bbox 941 2457 969 2505; x_wconf 90' lang='lat' dir='ltr'><strong>et</strong></span> <span class='ocrx_word' id='word_1_291' title='bbox 985 2450 1145 2521; x_wconf 87' lang='lat' dir='ltr'><strong>pluitsnper</strong></span> <span class='ocrx_word' id='word_1_292' title='bbox 1195 2452 1359 2508; x_wconf 85' lang='lat' dir='ltr'><strong>conveniens</strong></span> <span class='ocrx_word' id='word_1_293' title='bbox 1381 2453 1435 2517; x_wconf 90' lang='lat' dir='ltr'><strong>dat,</strong></span> <span class='ocrx_word' id='word_1_294' title='bbox 1460 2453 1505 2523; x_wconf 89' lang='lat' dir='ltr'><strong>qni</strong></span> <span class='ocrx_word' id='word_1_295' title='bbox 1525 2451 1639 2523; x_wconf 79' lang='lat' dir='ltr'><strong>justitie</strong></span> <span class='ocrx_word' id='word_1_296' title='bbox 1662 2454 1733 2509; x_wconf 84' lang='lat' dir='ltr'><strong>riam</strong></span> <span class='ocrx_word' id='word_1_297' title='bbox 1758 2457 1896 2527; x_wconf 89' lang='lat' dir='ltr'><strong>graditur,</strong></span> <span class='ocrx_word' id='word_1_298' title='bbox 1924 2459 1987 2529; x_wconf 81' lang='lat' dir='ltr'><strong>quia</strong></span> 
     </span>
     <span class='ocr_line' id='line_1_22' title="bbox 353 2538 1986 2618; baseline 0.003 -17"><span class='ocrx_word' id='word_1_299' title='bbox 353 2546 442 2618; x_wconf 84' lang='lat' dir='ltr'><strong>justos</strong></span> <span class='ocrx_word' id='word_1_300' title='bbox 455 2553 482 2601; x_wconf 90' lang='lat' dir='ltr'><strong>et</strong></span> <span class='ocrx_word' id='word_1_301' title='bbox 497 2542 618 2613; x_wconf 82' lang='lat' dir='ltr'><strong>injustos.</strong></span> <span class='ocrx_word' id='word_1_302' title='bbox 634 2560 643 2594; x_wconf 89' lang='grc' dir='ltr'><strong>ι</strong></span> <span class='ocrx_word' id='word_1_303' title='bbox 664 2542 698 2597; x_wconf 83' lang='grc' dir='ltr'><strong>Ει</strong></span> <span class='ocrx_word' id='word_1_304' title='bbox 712 2549 798 2607; x_wconf 84' lang='grc' dir='ltr'>ιεειε,</span> <span class='ocrx_word' id='word_1_305' title='bbox 812 2541 874 2610; x_wconf 84' lang='lat' dir='ltr'><strong>quia</strong></span> <span class='ocrx_word' id='word_1_306' title='bbox 886 2539 1006 2594; x_wconf 91' lang='lat' dir='ltr'><strong>omnium</strong></span> <span class='ocrx_word' id='word_1_307' title='bbox 1022 2538 1145 2594; x_wconf 86' lang='lat' dir='ltr'><strong>conditor</strong></span> <span class='ocrx_word' id='word_1_308' title='bbox 1193 2552 1310 2612; x_wconf 85' lang='lat' dir='ltr'><strong>utraque</strong></span> <span class='ocrx_word' id='word_1_309' title='bbox 1323 2543 1445 2613; x_wconf 85' lang='lat' dir='ltr'><strong>pmximo</strong></span> <span class='ocrx_word' id='word_1_310' title='bbox 1465 2558 1513 2598; x_wconf 87' lang='lat' dir='ltr'><strong>suo</strong></span> <span class='ocrx_word' id='word_1_311' title='bbox 1535 2551 1722 2614; x_wconf 83' lang='lat' dir='ltr'><strong>competenter</strong></span> <span class='ocrx_word' id='word_1_312' title='bbox 1742 2545 1845 2603; x_wconf 80' lang='lat' dir='ltr'><strong>offerre</strong></span> <span class='ocrx_word' id='word_1_313' title='bbox 1865 2548 1986 2606; x_wconf 87' lang='lat' dir='ltr'><strong>molitur.</strong></span> 
     </span>
     <span class='ocr_line' id='line_1_23' title="bbox 355 2630 1986 2711; baseline 0 -15"><span class='ocrx_word' id='word_1_314' title='bbox 355 2649 384 2696; x_wconf 91' lang='grc' dir='ltr'><strong>ει</strong></span> <span class='ocrx_word' id='word_1_315' title='bbox 396 2637 524 2695; x_wconf 82' lang='lat' dir='ltr'><strong>Dominus</strong></span> <span class='ocrx_word' id='word_1_316' title='bbox 545 2635 734 2691; x_wconf 82' lang='lat' dir='ltr'><strong>universorum</strong></span> <span class='ocrx_word' id='word_1_317' title='bbox 748 2633 806 2703; x_wconf 90' lang='lat' dir='ltr'><strong>ipse</strong></span> <span class='ocrx_word' id='word_1_318' title='bbox 825 2640 877 2688; x_wconf 88' lang='lat' dir='ltr'><strong>est.</strong></span> <span class='ocrx_word' id='word_1_319' title='bbox 896 2630 967 2687; x_wconf 85' lang='lat' dir='ltr'><strong>Grex</strong></span> <span class='ocrx_word' id='word_1_320' title='bbox 992 2630 1064 2685; x_wconf 90' lang='lat' dir='ltr'><strong>enim</strong></span> <span class='ocrx_word' id='word_1_321' title='bbox 1091 2630 1144 2686; x_wconf 72' lang='lat' dir='ltr'><strong>Do</strong></span> <span class='ocrx_word' id='word_1_322' title='bbox 1194 2633 1368 2689; x_wconf 81' lang='lat' dir='ltr'><strong>Ecoutrario</strong></span> <span class='ocrx_word' id='word_1_323' title='bbox 1382 2648 1446 2690; x_wconf 86' lang='lat' dir='ltr'><strong>vero</strong></span> <span class='ocrx_word' id='word_1_324' title='bbox 1459 2633 1513 2700; x_wconf 90' lang='lat' dir='ltr'><strong>ille,</strong></span> <span class='ocrx_word' id='word_1_325' title='bbox 1533 2635 1578 2705; x_wconf 90' lang='lat' dir='ltr'><strong>qui</strong></span> <span class='ocrx_word' id='word_1_326' title='bbox 1592 2650 1707 2707; x_wconf 88' lang='lat' dir='ltr'><strong>nequam</strong></span> <span class='ocrx_word' id='word_1_327' title='bbox 1720 2645 1773 2702; x_wconf 87' lang='lat' dir='ltr'><strong>est,</strong></span> <span class='ocrx_word' id='word_1_328' title='bbox 1793 2651 1829 2693; x_wconf 91' lang='lat' dir='ltr'><strong>ca</strong></span> <span class='ocrx_word' id='word_1_329' title='bbox 1847 2639 1986 2711; x_wconf 76' lang='lat' dir='ltr'><strong>facitque</strong></span> 
     </span>
     <span class='ocr_line' id='line_1_24' title="bbox 356 2719 1353 2796; baseline -0.012 -11"><span class='ocrx_word' id='word_1_330' title='bbox 356 2729 424 2785; x_wconf 91' lang='lat' dir='ltr'><strong>mini</strong></span> <span class='ocrx_word' id='word_1_331' title='bbox 446 2726 568 2783; x_wconf 78' lang='lat' dir='ltr'><strong>Ecclesia</strong></span> <span class='ocrx_word' id='word_1_332' title='bbox 588 2733 632 2782; x_wconf 87' lang='lat' dir='ltr'><strong>est</strong></span> <span class='ocrx_word' id='word_1_333' title='bbox 651 2724 785 2781; x_wconf 88' lang='lat' dir='ltr'><strong>catholiea</strong></span> <span class='ocrx_word' id='word_1_334' title='bbox 805 2739 853 2794; x_wconf 87' lang='lat' dir='ltr'><strong>per</strong></span> <span class='ocrx_word' id='word_1_335' title='bbox 872 2730 958 2777; x_wconf 90' lang='lat' dir='ltr'><strong>totum</strong></span> <span class='ocrx_word' id='word_1_336' title='bbox 978 2722 1072 2776; x_wconf 90' lang='lat' dir='ltr'><strong>orbem</strong></span> <span class='ocrx_word' id='word_1_337' title='bbox 1092 2719 1144 2775; x_wconf 89' lang='lat' dir='ltr'><strong>dif·</strong></span> <span class='ocrx_word' id='word_1_338' title='bbox 1195 2734 1353 2796; x_wconf 76' lang='lat' dir='ltr'><strong>sequuntur.</strong></span> 
     </span>
     <span class='ocr_line' id='line_1_25' title="bbox 356 2810 1986 2888; baseline 0 -13"><span class='ocrx_word' id='word_1_339' title='bbox 356 2818 427 2884; x_wconf 88' lang='lat' dir='ltr'><strong>fusa,</strong></span> <span class='ocrx_word' id='word_1_340' title='bbox 443 2815 520 2887; x_wconf 79' lang='lat' dir='ltr'><strong>cuius</strong></span> <span class='ocrx_word' id='word_1_341' title='bbox 531 2823 625 2888; x_wconf 88' lang='lat' dir='ltr'><strong>paster</strong></span> <span class='ocrx_word' id='word_1_342' title='bbox 638 2831 709 2871; x_wconf 89' lang='lat' dir='ltr'><strong>unus</strong></span> <span class='ocrx_word' id='word_1_343' title='bbox 728 2824 780 2881; x_wconf 90' lang='lat' dir='ltr'><strong>est,</strong></span> <span class='ocrx_word' id='word_1_344' title='bbox 800 2814 863 2885; x_wconf 88' lang='lat' dir='ltr'><strong>quia</strong></span> <span class='ocrx_word' id='word_1_345' title='bbox 876 2828 907 2868; x_wconf 89' lang='lat' dir='ltr'><strong>ex</strong></span> <span class='ocrx_word' id='word_1_346' title='bbox 921 2813 1027 2868; x_wconf 88' lang='lat' dir='ltr'><strong>duobus</strong></span> <span class='ocrx_word' id='word_1_347' title='bbox 1039 2810 1145 2882; x_wconf 88' lang='lat' dir='ltr'><strong>populis</strong></span> <span class='ocrx_word' id='word_1_348' title='bbox 1232 2816 1361 2871; x_wconf 75' lang='lat' dir='ltr'><strong>«Stultus</strong></span> <span class='ocrx_word' id='word_1_349' title='bbox 1380 2816 1481 2871; x_wconf 88' lang='lat' dir='ltr'><strong>acriter</strong></span> <span class='ocrx_word' id='word_1_350' title='bbox 1501 2816 1704 2886; x_wconf 88' lang='lat' dir='ltr'><strong>improperabit,</strong></span> <span class='ocrx_word' id='word_1_351' title='bbox 1726 2825 1754 2872; x_wconf 91' lang='grc' dir='ltr'><strong>ει</strong></span> <span class='ocrx_word' id='word_1_352' title='bbox 1773 2818 1856 2874; x_wconf 87' lang='lat' dir='ltr'><strong>datas</strong></span> <span class='ocrx_word' id='word_1_353' title='bbox 1878 2819 1986 2875; x_wconf 89' lang='lat' dir='ltr'><strong>indisci-</strong></span> 
     </span>
     <span class='ocr_line' id='line_1_26' title="bbox 358 2901 1987 2980; baseline -0.003 -13"><span class='ocrx_word' id='word_1_354' title='bbox 358 2925 442 2969; x_wconf 90' lang='lat' dir='ltr'><strong>unum</strong></span> <span class='ocrx_word' id='word_1_355' title='bbox 453 2907 505 2965; x_wconf 91' lang='lat' dir='ltr'><strong>sibl</strong></span> <span class='ocrx_word' id='word_1_356' title='bbox 516 2908 667 2963; x_wconf 86' lang='lat' dir='ltr'><strong>constmxit</strong></span> <span class='ocrx_word' id='word_1_357' title='bbox 677 2905 757 2971; x_wconf 83' lang='lat' dir='ltr'><strong>evile,</strong></span> <span class='ocrx_word' id='word_1_358' title='bbox 774 2914 804 2959; x_wconf 93' lang='lat' dir='ltr'><strong>ut</strong></span> <span class='ocrx_word' id='word_1_359' title='bbox 817 2903 907 2975; x_wconf 87' lang='lat' dir='ltr'><strong>gregis</strong></span> <span class='ocrx_word' id='word_1_360' title='bbox 922 2902 1050 2958; x_wconf 87' lang='lat' dir='ltr'><strong>deminici</strong></span> <span class='ocrx_word' id='word_1_361' title='bbox 1065 2901 1143 2956; x_wconf 84' lang='lat' dir='ltr'><strong>feret</strong></span> <span class='ocrx_word' id='word_1_362' title='bbox 1197 2926 1207 2959; x_wconf 84' lang='grc' dir='ltr'><strong>ι</strong></span> <span class='ocrx_word' id='word_1_363' title='bbox 1223 2906 1317 2977; x_wconf 90' lang='lat' dir='ltr'><strong>plinati</strong></span> <span class='ocrx_word' id='word_1_364' title='bbox 1340 2906 1477 2961; x_wconf 83' lang='lat' dir='ltr'><strong>tabescere</strong></span> <span class='ocrx_word' id='word_1_365' title='bbox 1501 2905 1567 2961; x_wconf 90' lang='lat' dir='ltr'><strong>lacit</strong></span> <span class='ocrx_word' id='word_1_366' title='bbox 1591 2907 1693 2962; x_wconf 90' lang='lat' dir='ltr'><strong>oculos.</strong></span> <span class='ocrx_word' id='word_1_367' title='bbox 1709 2925 1718 2958; x_wconf 91' lang='grc' dir='ltr'><strong>ι</strong></span> <span class='ocrx_word' id='word_1_368' title='bbox 1734 2937 1771 2948; x_wconf 89' lang='grc'>-</span> <span class='ocrx_word' id='word_1_369' title='bbox 1787 2926 1797 2959; x_wconf 78' lang='lat' dir='ltr'><strong>r</strong></span> <span class='ocrx_word' id='word_1_370' title='bbox 1814 2908 1844 2962; x_wconf 92' lang='lat' dir='ltr'><strong>ln</strong></span> <span class='ocrx_word' id='word_1_371' title='bbox 1861 2922 1911 2964; x_wconf 90' lang='lat' dir='ltr'><strong>ore</strong></span> <span class='ocrx_word' id='word_1_372' title='bbox 1925 2923 1987 2980; x_wconf 88' lang='lat' dir='ltr'><strong>erge</strong></span> 
     </span>
     <span class='ocr_line' id='line_1_27' title="bbox 358 2994 1987 3068; baseline 0.001 -14"><span class='ocrx_word' id='word_1_373' title='bbox 358 3012 442 3054; x_wconf 90' lang='lat' dir='ltr'><strong>unum</strong></span> <span class='ocrx_word' id='word_1_374' title='bbox 455 2997 524 3052; x_wconf 79' lang='lat' dir='ltr'><strong>ovile</strong></span> <span class='ocrx_word' id='word_1_375' title='bbox 537 3003 565 3051; x_wconf 90' lang='lat' dir='ltr'><strong>et</strong></span> <span class='ocrx_word' id='word_1_376' title='bbox 578 3002 757 3066; x_wconf 86' lang='lat' dir='ltr'><strong>unuspastor.</strong></span> <span class='ocrx_word' id='word_1_377' title='bbox 1195 2995 1281 3061; x_wconf 88' lang='lat' dir='ltr'><strong>stulti,</strong></span> <span class='ocrx_word' id='word_1_378' title='bbox 1305 2995 1345 3067; x_wconf 89' lang='lat' dir='ltr'><strong>(ut</strong></span> <span class='ocrx_word' id='word_1_379' title='bbox 1361 2994 1425 3049; x_wconf 89' lang='lat' dir='ltr'><strong>alibi</strong></span> <span class='ocrx_word' id='word_1_380' title='bbox 1441 2995 1549 3068; x_wconf 85' lang='lat' dir='ltr'><strong>legitur)</strong></span> <span class='ocrx_word' id='word_1_381' title='bbox 1575 2996 1651 3068; x_wconf 83' lang='lat' dir='ltr'><strong>virga</strong></span> <span class='ocrx_word' id='word_1_382' title='bbox 1674 3006 1717 3052; x_wconf 90' lang='lat' dir='ltr'><strong>est</strong></span> <span class='ocrx_word' id='word_1_383' title='bbox 1737 2998 1944 3067; x_wconf 75' lang='lat' dir='ltr'><strong>contumeliae,r</strong></span> <span class='ocrx_word' id='word_1_384' title='bbox 1961 3007 1987 3055; x_wconf 90' lang='lat' dir='ltr'><strong>et</strong></span> 
     </span>
     <span class='ocr_line' id='line_1_28' title="bbox 397 3082 1987 3158; baseline 0.001 -15"><span class='ocrx_word' id='word_1_385' title='bbox 397 3109 406 3142; x_wconf 87' lang='grc' dir='ltr'><strong>ι</strong></span> <span class='ocrx_word' id='word_1_386' title='bbox 423 3087 565 3143; x_wconf 89' lang='lat' dir='ltr'><strong>lliseretur</strong></span> <span class='ocrx_word' id='word_1_387' title='bbox 575 3086 734 3158; x_wconf 84' lang='lat' dir='ltr'><strong>excipientis</strong></span> <span class='ocrx_word' id='word_1_388' title='bbox 748 3085 897 3141; x_wconf 88' lang='lat' dir='ltr'><strong>doctrinam</strong></span> <span class='ocrx_word' id='word_1_389' title='bbox 912 3082 1105 3147; x_wconf 88' lang='lat' dir='ltr'><strong>miserationis,</strong></span> <span class='ocrx_word' id='word_1_390' title='bbox 1116 3089 1144 3137; x_wconf 90' lang='lat' dir='ltr'><strong>et</strong></span> <span class='ocrx_word' id='word_1_391' title='bbox 1195 3084 1255 3140; x_wconf 87' lang='lat' dir='ltr'><strong>ideo</strong></span> <span class='ocrx_word' id='word_1_392' title='bbox 1267 3085 1367 3140; x_wconf 87' lang='lat' dir='ltr'><strong>donum</strong></span> <span class='ocrx_word' id='word_1_393' title='bbox 1381 3084 1440 3154; x_wconf 87' lang='lat' dir='ltr'><strong>ejus</strong></span> <span class='ocrx_word' id='word_1_394' title='bbox 1450 3093 1541 3141; x_wconf 88' lang='lat' dir='ltr'><strong>exstat</strong></span> <span class='ocrx_word' id='word_1_395' title='bbox 1551 3086 1696 3156; x_wconf 89' lang='lat' dir='ltr'><strong>ingratum,</strong></span> <span class='ocrx_word' id='word_1_396' title='bbox 1708 3088 1770 3157; x_wconf 89' lang='lat' dir='ltr'><strong>quia</strong></span> <span class='ocrx_word' id='word_1_397' title='bbox 1783 3098 1906 3144; x_wconf 88' lang='lat' dir='ltr'><strong>mentem</strong></span> <span class='ocrx_word' id='word_1_398' title='bbox 1919 3090 1987 3145; x_wconf 82' lang='lat' dir='ltr'><strong>arci·</strong></span> 
     </span>
     <span class='ocr_line' id='line_1_29' title="bbox 359 3172 1985 3250; baseline 0.001 -19"><span class='ocrx_word' id='word_1_399' title='bbox 359 3179 432 3250; x_wconf 74' lang='lat' dir='ltr'><strong>«qni</strong></span> <span class='ocrx_word' id='word_1_400' title='bbox 457 3176 566 3234; x_wconf 86' lang='lat' dir='ltr'><strong>festinat</strong></span> <span class='ocrx_word' id='word_1_401' title='bbox 590 3176 617 3232; x_wconf 90' lang='lat' dir='ltr'><strong>in</strong></span> <span class='ocrx_word' id='word_1_402' title='bbox 635 3174 744 3246; x_wconf 79' lang='lat' dir='ltr'><strong>judiciis</strong></span> <span class='ocrx_word' id='word_1_403' title='bbox 764 3176 857 3231; x_wconf 81' lang='lat' dir='ltr'><strong>suis.»</strong></span> <span class='ocrx_word' id='word_1_404' title='bbox 885 3174 1016 3229; x_wconf 84' lang='lat' dir='ltr'><strong>llortatur</strong></span> <span class='ocrx_word' id='word_1_405' title='bbox 1035 3172 1141 3242; x_wconf 89' lang='lat' dir='ltr'><strong>eosqui</strong></span> <span class='ocrx_word' id='word_1_406' title='bbox 1195 3174 1295 3244; x_wconf 89' lang='lat' dir='ltr'><strong>pientis</strong></span> <span class='ocrx_word' id='word_1_407' title='bbox 1317 3174 1463 3228; x_wconf 85' lang='lat' dir='ltr'><strong>exacerbat</strong></span> <span class='ocrx_word' id='word_1_408' title='bbox 1482 3174 1571 3230; x_wconf 80' lang='lat' dir='ltr'><strong>verbis</strong></span> <span class='ocrx_word' id='word_1_409' title='bbox 1594 3174 1727 3246; x_wconf 87' lang='lat' dir='ltr'><strong>malignis.</strong></span> <span class='ocrx_word' id='word_1_410' title='bbox 1755 3176 1872 3248; x_wconf 83' lang='lat' dir='ltr'><strong>llystieo</strong></span> <span class='ocrx_word' id='word_1_411' title='bbox 1896 3186 1985 3235; x_wconf 81' lang='lat' dir='ltr'><strong>autern</strong></span> 
     </span>
     <span class='ocr_line' id='line_1_30' title="bbox 356 3264 1986 3341; baseline -0.002 -14"><span class='ocrx_word' id='word_1_412' title='bbox 356 3271 509 3329; x_wconf 86' lang='lat' dir='ltr'><strong>doctrinam</strong></span> <span class='ocrx_word' id='word_1_413' title='bbox 532 3270 726 3341; x_wconf 79' lang='lat' dir='ltr'><strong>evangelicam,</strong></span> <span class='ocrx_word' id='word_1_414' title='bbox 750 3268 777 3326; x_wconf 94' lang='lat' dir='ltr'><strong>in</strong></span> <span class='ocrx_word' id='word_1_415' title='bbox 797 3283 848 3339; x_wconf 86' lang='lat' dir='ltr'><strong>qrra</strong></span> <span class='ocrx_word' id='word_1_416' title='bbox 864 3267 950 3339; x_wconf 89' lang='lat' dir='ltr'><strong>gmtia</strong></span> <span class='ocrx_word' id='word_1_417' title='bbox 970 3266 1142 3336; x_wconf 86' lang='lat' dir='ltr'><strong>praedicatur,</strong></span> <span class='ocrx_word' id='word_1_418' title='bbox 1195 3279 1275 3320; x_wconf 84' lang='lat' dir='ltr'><strong>sensu</strong></span> <span class='ocrx_word' id='word_1_419' title='bbox 1290 3264 1346 3320; x_wconf 78' lang='lat' dir='ltr'><strong>bec</strong></span> <span class='ocrx_word' id='word_1_420' title='bbox 1358 3265 1493 3320; x_wconf 88' lang='lat' dir='ltr'><strong>sententia</strong></span> <span class='ocrx_word' id='word_1_421' title='bbox 1506 3264 1617 3320; x_wconf 82' lang='lat' dir='ltr'><strong>‹lenotat</strong></span> <span class='ocrx_word' id='word_1_422' title='bbox 1629 3267 1780 3332; x_wconf 75' lang='lat' dir='ltr'><strong>lateretieos,</strong></span> <span class='ocrx_word' id='word_1_423' title='bbox 1797 3269 1845 3339; x_wconf 90' lang='lat' dir='ltr'><strong>qni</strong></span> <span class='ocrx_word' id='word_1_424' title='bbox 1858 3270 1986 3340; x_wconf 84' lang='lat' dir='ltr'><strong>quidquid</strong></span> 
     </span>
     <span class='ocr_line' id='line_1_31' title="bbox 356 3353 1984 3430; baseline -0.002 -14"><span class='ocrx_word' id='word_1_425' title='bbox 356 3362 503 3430; x_wconf 81' lang='lat' dir='ltr'><strong>acciplunt,</strong></span> <span class='ocrx_word' id='word_1_426' title='bbox 516 3368 546 3414; x_wconf 92' lang='lat' dir='ltr'><strong>ut</strong></span> <span class='ocrx_word' id='word_1_427' title='bbox 560 3359 612 3430; x_wconf 90' lang='lat' dir='ltr'><strong>ipsi</strong></span> <span class='ocrx_word' id='word_1_428' title='bbox 627 3357 840 3414; x_wconf 87' lang='lat' dir='ltr'><strong>misericordiam</strong></span> <span class='ocrx_word' id='word_1_429' title='bbox 863 3356 994 3427; x_wconf 86' lang='lat' dir='ltr'><strong>proximis</strong></span> <span class='ocrx_word' id='word_1_430' title='bbox 1016 3355 1073 3411; x_wconf 89' lang='lat' dir='ltr'><strong>suis</strong></span> <span class='ocrx_word' id='word_1_431' title='bbox 1094 3356 1143 3408; x_wconf 92' lang='lat' dir='ltr'><strong>im·</strong></span> <span class='ocrx_word' id='word_1_432' title='bbox 1195 3353 1334 3426; x_wconf 90' lang='lat' dir='ltr'><strong>proferunt</strong></span> <span class='ocrx_word' id='word_1_433' title='bbox 1359 3355 1409 3410; x_wconf 89' lang='lat' dir='ltr'><strong>sub</strong></span> <span class='ocrx_word' id='word_1_434' title='bbox 1431 3356 1539 3411; x_wconf 86' lang='lat' dir='ltr'><strong>virtutis</strong></span> <span class='ocrx_word' id='word_1_435' title='bbox 1559 3357 1658 3425; x_wconf 80' lang='lat' dir='ltr'><strong>specie,</strong></span> <span class='ocrx_word' id='word_1_436' title='bbox 1680 3372 1765 3427; x_wconf 81' lang='lat' dir='ltr'><strong>pravo</strong></span> <span class='ocrx_word' id='word_1_437' title='bbox 1784 3359 1913 3429; x_wconf 89' lang='lat' dir='ltr'><strong>polluunt</strong></span> <span class='ocrx_word' id='word_1_438' title='bbox 1928 3376 1984 3416; x_wconf 87' lang='lat' dir='ltr'><strong>ser-</strong></span> 
     </span>
     <span class='ocr_line' id='line_1_32' title="bbox 357 3423 1985 3522; baseline -0.001 -16"><span class='ocrx_word' id='word_1_439' title='bbox 357 3451 489 3522; x_wconf 87' lang='lat' dir='ltr'><strong>pendant,</strong></span> <span class='ocrx_word' id='word_1_440' title='bbox 503 3459 532 3505; x_wconf 88' lang='lat' dir='ltr'><strong>et</strong></span> <span class='ocrx_word' id='word_1_441' title='bbox 541 3447 669 3505; x_wconf 85' lang='lat' dir='ltr'><strong>festinent</strong></span> <span class='ocrx_word' id='word_1_442' title='bbox 682 3445 776 3516; x_wconf 78' lang='lat' dir='ltr'><strong>iudicii</strong></span> <span class='ocrx_word' id='word_1_443' title='bbox 790 3446 861 3500; x_wconf 88' lang='lat' dir='ltr'><strong>diem</strong></span> <span class='ocrx_word' id='word_1_444' title='bbox 876 3423 1179 3513; x_wconf 74' lang='lat' dir='ltr'><strong>misericordiaeope·C</strong></span> <span class='ocrx_word' id='word_1_445' title='bbox 1195 3460 1285 3511; x_wconf 88' lang='lat' dir='ltr'><strong>mone,</strong></span> <span class='ocrx_word' id='word_1_446' title='bbox 1299 3444 1395 3500; x_wconf 89' lang='lat' dir='ltr'><strong>stultas</strong></span> <span class='ocrx_word' id='word_1_447' title='bbox 1409 3455 1546 3501; x_wconf 81' lang='lat' dir='ltr'><strong>merentes</strong></span> <span class='ocrx_word' id='word_1_448' title='bbox 1557 3447 1729 3517; x_wconf 76' lang='lat' dir='ltr'><strong>questiones,</strong></span> <span class='ocrx_word' id='word_1_449' title='bbox 1744 3457 1772 3503; x_wconf 89' lang='lat' dir='ltr'><strong>et</strong></span> <span class='ocrx_word' id='word_1_450' title='bbox 1783 3451 1985 3517; x_wconf 75' lang='lat' dir='ltr'><strong>contentiones,</strong></span> 
     </span>
     <span class='ocr_line' id='line_1_33' title="bbox 357 3532 1986 3611; baseline -0.001 -15"><span class='ocrx_word' id='word_1_451' title='bbox 357 3542 434 3596; x_wconf 84' lang='lat' dir='ltr'><strong>ribus</strong></span> <span class='ocrx_word' id='word_1_452' title='bbox 446 3539 605 3611; x_wconf 80' lang='lat' dir='ltr'><strong>prevenire,</strong></span> <span class='ocrx_word' id='word_1_453' title='bbox 620 3552 779 3607; x_wconf 83' lang='lat' dir='ltr'><strong>semperque</strong></span> <span class='ocrx_word' id='word_1_454' title='bbox 792 3534 912 3591; x_wconf 83' lang='lat' dir='ltr'><strong>exaltent</strong></span> <span class='ocrx_word' id='word_1_455' title='bbox 929 3532 1144 3589; x_wconf 89' lang='lat' dir='ltr'><strong>misericerdiam</strong></span> <span class='ocrx_word' id='word_1_456' title='bbox 1194 3544 1223 3590; x_wconf 85' lang='lat' dir='ltr'><strong>et</strong></span> <span class='ocrx_word' id='word_1_457' title='bbox 1233 3549 1339 3605; x_wconf 83' lang='lat' dir='ltr'><strong>pugnas</strong></span> <span class='ocrx_word' id='word_1_458' title='bbox 1351 3533 1427 3605; x_wconf 89' lang='lat' dir='ltr'><strong>legis.</strong></span> <span class='ocrx_word' id='word_1_459' title='bbox 1440 3534 1473 3588; x_wconf 81' lang='lat' dir='ltr'><strong>Et</strong></span> <span class='ocrx_word' id='word_1_460' title='bbox 1486 3535 1547 3590; x_wconf 90' lang='lat' dir='ltr'><strong>ideo</strong></span> <span class='ocrx_word' id='word_1_461' title='bbox 1559 3535 1703 3605; x_wconf 77' lang='lat' dir='ltr'><strong>apostotus</strong></span> <span class='ocrx_word' id='word_1_462' title='bbox 1712 3534 1790 3604; x_wconf 85' lang='lat' dir='ltr'><strong>jubet</strong></span> <span class='ocrx_word' id='word_1_463' title='bbox 1805 3553 1858 3594; x_wconf 87' lang='lat' dir='ltr'><strong>uos</strong></span> <span class='ocrx_word' id='word_1_464' title='bbox 1870 3537 1932 3594; x_wconf 91' lang='lat' dir='ltr'><strong>illos</strong></span> <span class='ocrx_word' id='word_1_465' title='bbox 1942 3540 1986 3594; x_wconf 86' lang='lat' dir='ltr'><strong>de·</strong></span> 
     </span>
     <span class='ocr_line' id='line_1_34' title="bbox 356 3622 1983 3702; baseline -0.002 -15"><span class='ocrx_word' id='word_1_466' title='bbox 356 3628 682 3702; x_wconf 79' lang='lat' dir='ltr'><strong>iudicio,quiajudicium</strong></span> <span class='ocrx_word' id='word_1_467' title='bbox 698 3627 793 3681; x_wconf 82' lang='lat' dir='ltr'><strong>cirine</strong></span> <span class='ocrx_word' id='word_1_468' title='bbox 808 3622 1007 3694; x_wconf 81' lang='lat' dir='ltr'><strong>misericordia,</strong></span> <span class='ocrx_word' id='word_1_469' title='bbox 1027 3623 1073 3694; x_wconf 90' lang='lat' dir='ltr'><strong>qui</strong></span> <span class='ocrx_word' id='word_1_470' title='bbox 1088 3637 1143 3678; x_wconf 89' lang='lat' dir='ltr'><strong>nen</strong></span> <span class='ocrx_word' id='word_1_471' title='bbox 1194 3625 1302 3690; x_wconf 79' lang='lat' dir='ltr'><strong>vitare,</strong></span> <span class='ocrx_word' id='word_1_472' title='bbox 1338 3625 1456 3681; x_wconf 89' lang='lat' dir='ltr'><strong>scientes</strong></span> <span class='ocrx_word' id='word_1_473' title='bbox 1484 3626 1547 3695; x_wconf 91' lang='lat' dir='ltr'><strong>quia</strong></span> <span class='ocrx_word' id='word_1_474' title='bbox 1579 3627 1702 3681; x_wconf 73' lang='lat' dir='ltr'><strong>subversi</strong></span> <span class='ocrx_word' id='word_1_475' title='bbox 1733 3636 1799 3683; x_wconf 89' lang='lat' dir='ltr'><strong>sunt</strong></span> <span class='ocrx_word' id='word_1_476' title='bbox 1829 3628 1983 3698; x_wconf 80' lang='lat' dir='ltr'><strong>eiusmodi:</strong></span> 
     </span>
     <span class='ocr_line' id='line_1_35' title="bbox 359 3712 1983 3787; baseline 0.001 -12"><span class='ocrx_word' id='word_1_477' title='bbox 359 3720 426 3776; x_wconf 89' lang='lat' dir='ltr'><strong>fecit</strong></span> <span class='ocrx_word' id='word_1_478' title='bbox 437 3717 661 3775; x_wconf 83' lang='lat' dir='ltr'><strong>misericordiam.</strong></span> <span class='ocrx_word' id='word_1_479' title='bbox 676 3715 775 3770; x_wconf 79' lang='lat' dir='ltr'><strong>«beati</strong></span> <span class='ocrx_word' id='word_1_480' title='bbox 790 3729 856 3786; x_wconf 88' lang='lat' dir='ltr'><strong>ergo</strong></span> <span class='ocrx_word' id='word_1_481' title='bbox 867 3712 1065 3776; x_wconf 84' lang='lat' dir='ltr'><strong>misericordes,</strong></span> <span class='ocrx_word' id='word_1_482' title='bbox 1080 3726 1145 3782; x_wconf 92' lang='lat' dir='ltr'><strong>quo·</strong></span> <span class='ocrx_word' id='word_1_483' title='bbox 1198 3735 1208 3767; x_wconf 80' lang='grc' dir='ltr'><strong>ι</strong></span> <span class='ocrx_word' id='word_1_484' title='bbox 1225 3715 1321 3772; x_wconf 87' lang='lat' dir='ltr'><strong>Sermo</strong></span> <span class='ocrx_word' id='word_1_485' title='bbox 1344 3731 1437 3773; x_wconf 88' lang='lat' dir='ltr'><strong>corum</strong></span> <span class='ocrx_word' id='word_1_486' title='bbox 1452 3726 1481 3770; x_wconf 92' lang='lat' dir='ltr'><strong>ut</strong></span> <span class='ocrx_word' id='word_1_487' title='bbox 1496 3731 1595 3772; x_wconf 89' lang='lat' dir='ltr'><strong>cancer</strong></span> <span class='ocrx_word' id='word_1_488' title='bbox 1608 3734 1623 3774; x_wconf 87' lang='lat' dir='ltr'><strong>s</strong></span> <span class='ocrx_word' id='word_1_489' title='bbox 1634 3717 1708 3787; x_wconf 66' lang='lat' dir='ltr'><strong>epit,</strong></span> <span class='ocrx_word' id='word_1_490' title='bbox 1733 3725 1762 3773; x_wconf 87' lang='lat' dir='ltr'><strong>et</strong></span> <span class='ocrx_word' id='word_1_491' title='bbox 1781 3726 1841 3774; x_wconf 89' lang='lat' dir='ltr'><strong>tota</strong></span> <span class='ocrx_word' id='word_1_492' title='bbox 1863 3722 1983 3777; x_wconf 85' lang='lat' dir='ltr'><strong>doctrina</strong></span> 
     </span>
     <span class='ocr_line' id='line_1_36' title="bbox 358 3800 1984 3880; baseline -0.007 -16"><span class='ocrx_word' id='word_1_493' title='bbox 358 3808 432 3864; x_wconf 89' lang='lat' dir='ltr'><strong>niam</strong></span> <span class='ocrx_word' id='word_1_494' title='bbox 453 3807 502 3877; x_wconf 92' lang='lat' dir='ltr'><strong>ipsi</strong></span> <span class='ocrx_word' id='word_1_495' title='bbox 519 3804 731 3861; x_wconf 88' lang='lat' dir='ltr'><strong>misericordiam</strong></span> <span class='ocrx_word' id='word_1_496' title='bbox 752 3811 953 3872; x_wconf 87' lang='lat' dir='ltr'><strong>consequentur</strong></span> <span class='ocrx_word' id='word_1_497' title='bbox 969 3800 1075 3874; x_wconf 75' lang='lat' dir='ltr'><strong>(Martii.</strong></span> <span class='ocrx_word' id='word_1_498' title='bbox 1089 3801 1141 3871; x_wconf 80' lang='grc' dir='ltr'>ι).ι</span> <span class='ocrx_word' id='word_1_499' title='bbox 1194 3822 1288 3862; x_wconf 67' lang='lat' dir='ltr'><strong>eorum</strong></span> <span class='ocrx_word' id='word_1_500' title='bbox 1299 3807 1398 3864; x_wconf 62' lang='lat'><strong>(101021</strong></span> <span class='ocrx_word' id='word_1_501' title='bbox 1408 3808 1548 3862; x_wconf 62' lang='lat' dir='ltr'><strong>piendam«)</strong></span> <span class='ocrx_word' id='word_1_502' title='bbox 1558 3807 1636 3878; x_wconf 68' lang='lat' dir='ltr'><strong>plena</strong></span> <span class='ocrx_word' id='word_1_503' title='bbox 1647 3808 1779 3863; x_wconf 63' lang='lat' dir='ltr'><strong>ver-actm</strong></span> <span class='ocrx_word' id='word_1_504' title='bbox 1789 3808 1984 3880; x_wconf 61' lang='lat' dir='ltr'><strong>impmpefqffln</strong></span> 
     </span>
     <span class='ocr_line' id='line_1_37' title="bbox 400 3892 1985 3971; baseline 0.003 -20"><span class='ocrx_word' id='word_1_505' title='bbox 400 3897 481 3963; x_wconf 77' lang='lat' dir='ltr'><strong>«fili,</strong></span> <span class='ocrx_word' id='word_1_506' title='bbox 495 3899 522 3953; x_wconf 90' lang='lat' dir='ltr'><strong>in</strong></span> <span class='ocrx_word' id='word_1_507' title='bbox 535 3897 613 3952; x_wconf 84' lang='lat' dir='ltr'><strong>lonis</strong></span> <span class='ocrx_word' id='word_1_508' title='bbox 625 3912 677 3952; x_wconf 90' lang='lat' dir='ltr'><strong>non</strong></span> <span class='ocrx_word' id='word_1_509' title='bbox 691 3894 899 3966; x_wconf 82' lang='lat' dir='ltr'><strong>desqnerelant‚</strong></span> <span class='ocrx_word' id='word_1_510' title='bbox 912 3894 980 3950; x_wconf 92' lang='lat' dir='ltr'><strong>etin</strong></span> <span class='ocrx_word' id='word_1_511' title='bbox 995 3894 1070 3950; x_wconf 82' lang='lat' dir='ltr'><strong>onrui</strong></span> <span class='ocrx_word' id='word_1_512' title='bbox 1081 3892 1144 3947; x_wconf 89' lang='lat' dir='ltr'><strong>dato</strong></span> <span class='ocrx_word' id='word_1_513' title='bbox 1195 3907 1237 3955; x_wconf 88' lang='lat' dir='ltr'><strong>est</strong></span> <span class='ocrx_word' id='word_1_514' title='bbox 1255 3897 1297 3970; x_wconf 89' lang='lat' dir='ltr'><strong>(ll</strong></span> <span class='ocrx_word' id='word_1_515' title='bbox 1310 3898 1377 3951; x_wconf 77' lang='lat' dir='ltr'><strong>Tim.</strong></span> <span class='ocrx_word' id='word_1_516' title='bbox 1394 3899 1434 3967; x_wconf 92' lang='grc' dir='ltr'>ιι).</span> <span class='ocrx_word' id='word_1_517' title='bbox 1449 3917 1458 3949; x_wconf 88' lang='grc' dir='ltr'><strong>ι</strong></span> <span class='ocrx_word' id='word_1_518' title='bbox 1473 3896 1619 3968; x_wconf 86' lang='lat' dir='ltr'><strong>Propterea</strong></span> <span class='ocrx_word' id='word_1_519' title='bbox 1633 3897 1716 3953; x_wconf 91' lang='lat' dir='ltr'><strong>dicit:</strong></span> <span class='ocrx_word' id='word_1_520' title='bbox 1735 3916 1745 3950; x_wconf 85' lang='grc' dir='ltr'><strong>ι</strong></span> <span class='ocrx_word' id='word_1_521' title='bbox 1758 3899 1930 3971; x_wconf 80' lang='lat' dir='ltr'><strong>lrnproperia</strong></span> <span class='ocrx_word' id='word_1_522' title='bbox 1940 3916 1985 3955; x_wconf 81' lang='lat' dir='ltr'><strong>ex·</strong></span> 
     </span>
     <span class='ocr_line' id='line_1_38' title="bbox 361 3983 1991 4060; baseline -0.007 -10"><span class='ocrx_word' id='word_1_523' title='bbox 361 4003 441 4044; x_wconf 80' lang='grc' dir='ltr'>ιιιοιι</span> <span class='ocrx_word' id='word_1_524' title='bbox 458 3988 506 4044; x_wconf 72' lang='lat' dir='ltr'><strong>des</strong></span> <span class='ocrx_word' id='word_1_525' title='bbox 520 3987 655 4043; x_wconf 85' lang='lat' dir='ltr'><strong>tristitiam</strong></span> <span class='ocrx_word' id='word_1_526' title='bbox 677 3987 753 4042; x_wconf 73' lang='lat' dir='ltr'><strong>verbi</strong></span> <span class='ocrx_word' id='word_1_527' title='bbox 773 3986 846 4041; x_wconf 64' lang='lat' dir='ltr'><strong>meli·</strong></span> <span class='ocrx_word' id='word_1_528' title='bbox 863 4005 873 4038; x_wconf 75' lang='grc' dir='ltr'><strong>ι</strong></span> <span class='ocrx_word' id='word_1_529' title='bbox 900 3983 985 4039; x_wconf 64' lang='lat' dir='ltr'><strong>Recte</strong></span> <span class='ocrx_word' id='word_1_530' title='bbox 1007 3983 1098 4049; x_wconf 67' lang='grc' dir='ltr'>ιΙθθθῑι</span> <span class='ocrx_word' id='word_1_531' title='bbox 1115 3990 1145 4037; x_wconf 74' lang='lat' dir='ltr'><strong>ul</strong></span> <span class='ocrx_word' id='word_1_532' title='bbox 1194 3987 1381 4059; x_wconf 88' lang='lat' dir='ltr'><strong>probrantium</strong></span> <span class='ocrx_word' id='word_1_533' title='bbox 1394 3988 1442 4046; x_wconf 93' lang='lat' dir='ltr'><strong>tibi</strong></span> <span class='ocrx_word' id='word_1_534' title='bbox 1455 3987 1612 4043; x_wconf 88' lang='lat' dir='ltr'><strong>oeciderunt</strong></span> <span class='ocrx_word' id='word_1_535' title='bbox 1626 4003 1706 4057; x_wconf 90' lang='lat' dir='ltr'><strong>super</strong></span> <span class='ocrx_word' id='word_1_536' title='bbox 1719 4004 1762 4044; x_wconf 92' lang='lat' dir='ltr'><strong>me</strong></span> <span class='ocrx_word' id='word_1_537' title='bbox 1773 3987 1991 4060; x_wconf 63' lang='lat' dir='ltr'><strong>(Paetmxsrtrip</strong></span> 
     </span>
     <span class='ocr_line' id='line_1_39' title="bbox 360 4072 1985 4150; baseline 0.001 -15"><span class='ocrx_word' id='word_1_538' title='bbox 360 4080 439 4135; x_wconf 90' lang='lat' dir='ltr'><strong>bonis</strong></span> <span class='ocrx_word' id='word_1_539' title='bbox 457 4079 584 4150; x_wconf 90' lang='lat' dir='ltr'><strong>operibus</strong></span> <span class='ocrx_word' id='word_1_540' title='bbox 596 4093 650 4133; x_wconf 92' lang='lat' dir='ltr'><strong>non</strong></span> <span class='ocrx_word' id='word_1_541' title='bbox 665 4077 899 4133; x_wconf 78' lang='lat' dir='ltr'><strong>intemtisceamus</strong></span> <span class='ocrx_word' id='word_1_542' title='bbox 915 4074 997 4129; x_wconf 80' lang='lat' dir='ltr'><strong>uerba</strong></span> <span class='ocrx_word' id='word_1_543' title='bbox 1010 4072 1144 4143; x_wconf 86' lang='lat' dir='ltr'><strong>imprope·</strong></span> <span class='ocrx_word' id='word_1_544' title='bbox 1195 4093 1309 4149; x_wconf 83' lang='lat' dir='ltr'><strong>quorum</strong></span> <span class='ocrx_word' id='word_1_545' title='bbox 1334 4087 1423 4133; x_wconf 87' lang='lat' dir='ltr'><strong>tamen</strong></span> <span class='ocrx_word' id='word_1_546' title='bbox 1447 4077 1508 4134; x_wconf 81' lang='lat' dir='ltr'><strong>finis</strong></span> <span class='ocrx_word' id='word_1_547' title='bbox 1529 4078 1666 4143; x_wconf 88' lang='lat' dir='ltr'><strong>interitus,</strong></span> <span class='ocrx_word' id='word_1_548' title='bbox 1680 4087 1708 4133; x_wconf 90' lang='lat' dir='ltr'><strong>et</strong></span> <span class='ocrx_word' id='word_1_549' title='bbox 1723 4079 1843 4148; x_wconf 86' lang='lat' dir='ltr'><strong>procella</strong></span> <span class='ocrx_word' id='word_1_550' title='bbox 1858 4081 1985 4137; x_wconf 81' lang='lat' dir='ltr'><strong>tenebra·</strong></span> 
     </span>
     <span class='ocr_line' id='line_1_40' title="bbox 357 4153 2017 4239; baseline 0.002 -16"><span class='ocrx_word' id='word_1_551' title='bbox 357 4170 410 4235; x_wconf 94' lang='lat' dir='ltr'><strong>rii,</strong></span> <span class='ocrx_word' id='word_1_552' title='bbox 435 4185 523 4239; x_wconf 90' lang='lat' dir='ltr'><strong>neque</strong></span> <span class='ocrx_word' id='word_1_553' title='bbox 545 4167 713 4223; x_wconf 85' lang='lat' dir='ltr'><strong>maculemus</strong></span> <span class='ocrx_word' id='word_1_554' title='bbox 735 4168 835 4222; x_wconf 90' lang='lat' dir='ltr'><strong>bonum</strong></span> <span class='ocrx_word' id='word_1_555' title='bbox 856 4166 949 4220; x_wconf 90' lang='lat' dir='ltr'><strong>datum</strong></span> <span class='ocrx_word' id='word_1_556' title='bbox 971 4163 1143 4222; x_wconf 84' lang='lat' dir='ltr'><strong>sermonibus</strong></span> <span class='ocrx_word' id='word_1_557' title='bbox 1195 4187 1256 4226; x_wconf 91' lang='lat' dir='ltr'><strong>rum</strong></span> <span class='ocrx_word' id='word_1_558' title='bbox 1270 4171 1296 4226; x_wconf 91' lang='lat' dir='ltr'><strong>in</strong></span> <span class='ocrx_word' id='word_1_559' title='bbox 1312 4178 1442 4225; x_wconf 81' lang='lat' dir='ltr'><strong>aeternum</strong></span> <span class='ocrx_word' id='word_1_560' title='bbox 1456 4171 1497 4225; x_wconf 91' lang='lat' dir='ltr'><strong>eis</strong></span> <span class='ocrx_word' id='word_1_561' title='bbox 1510 4180 1617 4225; x_wconf 86' lang='lat' dir='ltr'><strong>serrata</strong></span> <span class='ocrx_word' id='word_1_562' title='bbox 1631 4178 1684 4225; x_wconf 82' lang='lat' dir='ltr'><strong>est.</strong></span> <span class='ocrx_word' id='word_1_563' title='bbox 1701 4169 1777 4228; x_wconf 88' lang='lat' dir='ltr'><strong>Unde</strong></span> <span class='ocrx_word' id='word_1_564' title='bbox 1792 4171 1924 4227; x_wconf 88' lang='lat' dir='ltr'><strong>admonet</strong></span> <span class='ocrx_word' id='word_1_565' title='bbox 1939 4186 1984 4226; x_wconf 86' lang='lat' dir='ltr'><strong>au·</strong></span> <span class='ocrx_word' id='word_1_566' title='bbox 2009 4153 2017 4169; x_wconf 69' lang='lat'><em>⁶</em></span> 
     </span>
     <span class='ocr_line' id='line_1_41' title="bbox 356 4252 1984 4335; baseline 0.004 -22"><span class='ocrx_word' id='word_1_567' title='bbox 356 4260 515 4333; x_wconf 84' lang='lat' dir='ltr'><strong>perversis:</strong></span> <span class='ocrx_word' id='word_1_568' title='bbox 533 4259 596 4328; x_wconf 89' lang='lat' dir='ltr'><strong>quia</strong></span> <span class='ocrx_word' id='word_1_569' title='bbox 619 4263 818 4327; x_wconf 79' lang='lat' dir='ltr'><strong>«mrrumpuul</strong></span> <span class='ocrx_word' id='word_1_570' title='bbox 840 4270 931 4311; x_wconf 77' lang='lat' dir='ltr'><strong>mores</strong></span> <span class='ocrx_word' id='word_1_571' title='bbox 957 4255 1043 4311; x_wconf 75' lang='lat' dir='ltr'><strong>bonos</strong></span> <span class='ocrx_word' id='word_1_572' title='bbox 1061 4252 1145 4310; x_wconf 75' lang='lat'>00110·</span> <span class='ocrx_word' id='word_1_573' title='bbox 1196 4263 1297 4317; x_wconf 90' lang='lat' dir='ltr'><strong>ditores</strong></span> <span class='ocrx_word' id='word_1_574' title='bbox 1313 4277 1377 4318; x_wconf 87' lang='lat' dir='ltr'><strong>suos</strong></span> <span class='ocrx_word' id='word_1_575' title='bbox 1391 4262 1533 4332; x_wconf 89' lang='lat' dir='ltr'><strong>sapientia,</strong></span> <span class='ocrx_word' id='word_1_576' title='bbox 1557 4271 1587 4317; x_wconf 92' lang='lat' dir='ltr'><strong>ut</strong></span> <span class='ocrx_word' id='word_1_577' title='bbox 1599 4263 1764 4332; x_wconf 80' lang='lat' dir='ltr'><strong>praevideant</strong></span> <span class='ocrx_word' id='word_1_578' title='bbox 1782 4264 1836 4320; x_wconf 92' lang='lat' dir='ltr'><strong>sibi</strong></span> <span class='ocrx_word' id='word_1_579' title='bbox 1851 4264 1880 4320; x_wconf 91' lang='lat' dir='ltr'><strong>in</strong></span> <span class='ocrx_word' id='word_1_580' title='bbox 1893 4272 1984 4335; x_wconf 78' lang='lat' dir='ltr'><strong>poste·</strong></span> 
     </span>
     <span class='ocr_line' id='line_1_42' title="bbox 357 4344 1984 4424; baseline -0.004 -19"><span class='ocrx_word' id='word_1_581' title='bbox 357 4351 421 4421; x_wconf 89' lang='lat' dir='ltr'><strong>quia</strong></span> <span class='ocrx_word' id='word_1_582' title='bbox 438 4350 506 4405; x_wconf 90' lang='lat' dir='ltr'><strong>mala</strong></span> <span class='ocrx_word' id='word_1_583' title='bbox 519 4348 543 4420; x_wconf 72' lang='lat' dir='ltr'><strong>ql</strong></span> <span class='ocrx_word' id='word_1_584' title='bbox 559 4348 620 4404; x_wconf 78' lang='lat' dir='ltr'><strong>Cor.</strong></span> <span class='ocrx_word' id='word_1_585' title='bbox 636 4347 692 4417; x_wconf 83' lang='lat' dir='ltr'><strong>xv),</strong></span> <span class='ocrx_word' id='word_1_586' title='bbox 704 4366 714 4399; x_wconf 88' lang='grc' dir='ltr'><strong>ι</strong></span> <span class='ocrx_word' id='word_1_587' title='bbox 728 4358 757 4403; x_wconf 90' lang='grc' dir='ltr'><strong>ει</strong></span> <span class='ocrx_word' id='word_1_588' title='bbox 768 4347 902 4418; x_wconf 84' lang='lat' dir='ltr'><strong>ingratum</strong></span> <span class='ocrx_word' id='word_1_589' title='bbox 920 4344 1025 4400; x_wconf 86' lang='lat' dir='ltr'><strong>faciunt</strong></span> <span class='ocrx_word' id='word_1_590' title='bbox 1044 4346 1143 4401; x_wconf 90' lang='lat' dir='ltr'><strong>bonum</strong></span> <span class='ocrx_word' id='word_1_591' title='bbox 1197 4372 1267 4421; x_wconf 64' lang='lat' dir='ltr'><strong>rum,</strong></span> <span class='ocrx_word' id='word_1_592' title='bbox 1293 4365 1321 4411; x_wconf 58' lang='grc' dir='ltr'><strong>οι</strong></span> <span class='ocrx_word' id='word_1_593' title='bbox 1342 4353 1376 4410; x_wconf 66' lang='lat' dir='ltr'><strong>qe</strong></span> <span class='ocrx_word' id='word_1_594' title='bbox 1399 4353 1497 4410; x_wconf 67' lang='lat' dir='ltr'><strong>fusuris</strong></span> <span class='ocrx_word' id='word_1_595' title='bbox 1518 4354 1701 4424; x_wconf 64' lang='lat' dir='ltr'><strong>pmcogtrenr,</strong></span> <span class='ocrx_word' id='word_1_596' title='bbox 1729 4354 1848 4424; x_wconf 61' lang='lat' dir='ltr'><strong>quanm</strong></span> <span class='ocrx_word' id='word_1_597' title='bbox 1868 4356 1984 4411; x_wconf 53' lang='lat' dir='ltr'><strong>evadant</strong></span> 
     </span>
     <span class='ocr_line' id='line_1_43' title="bbox 356 4432 1982 4517; baseline -0.004 -11"><span class='ocrx_word' id='word_1_598' title='bbox 356 4442 456 4498; x_wconf 75' lang='lat' dir='ltr'><strong>«baum</strong></span> <span class='ocrx_word' id='word_1_599' title='bbox 480 4440 563 4497; x_wconf 61' lang='lat' dir='ltr'><strong>verba</strong></span> <span class='ocrx_word' id='word_1_600' title='bbox 583 4436 722 4507; x_wconf 80' lang='lat' dir='ltr'><strong>irijuriesa.</strong></span> <span class='ocrx_word' id='word_1_601' title='bbox 738 4436 808 4493; x_wconf 58' lang='lat' dir='ltr'><strong>Dicit</strong></span> <span class='ocrx_word' id='word_1_602' title='bbox 821 4436 893 4491; x_wconf 62' lang='lat' dir='ltr'><strong>‘ssim</strong></span> <span class='ocrx_word' id='word_1_603' title='bbox 904 4432 1022 4492; x_wconf 63' lang='lat' dir='ltr'>J²C⁰¹J1¹⁸</span> <span class='ocrx_word' id='word_1_604' title='bbox 1036 4442 1145 4505; x_wconf 68' lang='lat' dir='ltr'><strong>³ll0⁵l⁰·</strong></span> <span class='ocrx_word' id='word_1_605' title='bbox 1196 4462 1305 4517; x_wconf 72' lang='lat' dir='ltr'><strong>poenam</strong></span> <span class='ocrx_word' id='word_1_606' title='bbox 1318 4444 1454 4511; x_wconf 76' lang='lat' dir='ltr'><strong>vindicte,</strong></span> <span class='ocrx_word' id='word_1_607' title='bbox 1468 4454 1498 4501; x_wconf 90' lang='lat' dir='ltr'><strong>et</strong></span> <span class='ocrx_word' id='word_1_608' title='bbox 1512 4444 1724 4501; x_wconf 90' lang='lat' dir='ltr'><strong>misericordiam</strong></span> <span class='ocrx_word' id='word_1_609' title='bbox 1738 4445 1879 4502; x_wconf 76' lang='lat' dir='ltr'><strong>inveniant</strong></span> <span class='ocrx_word' id='word_1_610' title='bbox 1891 4462 1982 4503; x_wconf 80' lang='lat' dir='ltr'><strong>coram</strong></span> 
     </span>
     <span class='ocr_line' id='line_1_44' title="bbox 357 4525 1355 4601; baseline -0.007 -14"><span class='ocrx_word' id='word_1_611' title='bbox 357 4534 402 4587; x_wconf 94' lang='lat' dir='ltr'><strong>lus</strong></span> <span class='ocrx_word' id='word_1_612' title='bbox 414 4532 448 4587; x_wconf 90' lang='lat' dir='ltr'><strong>de</strong></span> <span class='ocrx_word' id='word_1_613' title='bbox 465 4532 523 4601; x_wconf 86' lang='lat' dir='ltr'><strong>ipso</strong></span> <span class='ocrx_word' id='word_1_614' title='bbox 537 4530 668 4588; x_wconf 89' lang='lat' dir='ltr'><strong>Domino:</strong></span> <span class='ocrx_word' id='word_1_615' title='bbox 684 4528 753 4595; x_wconf 76' lang='lat' dir='ltr'><strong>«Qut</strong></span> <span class='ocrx_word' id='word_1_616' title='bbox 768 4528 814 4583; x_wconf 90' lang='lat' dir='ltr'><strong>dat</strong></span> <span class='ocrx_word' id='word_1_617' title='bbox 826 4526 950 4585; x_wconf 81' lang='lat' dir='ltr'><strong>primibus</strong></span> <span class='ocrx_word' id='word_1_618' title='bbox 966 4525 1106 4581; x_wconf 84' lang='lat' dir='ltr'><strong>affluenter</strong></span> <span class='ocrx_word' id='word_1_619' title='bbox 1117 4532 1146 4580; x_wconf 88' lang='lat' dir='ltr'><strong>et</strong></span> <span class='ocrx_word' id='word_1_620' title='bbox 1197 4535 1282 4591; x_wconf 71' lang='lat' dir='ltr'><strong>ocutis</strong></span> <span class='ocrx_word' id='word_1_621' title='bbox 1296 4534 1355 4591; x_wconf 73' lang='lat' dir='ltr'><strong>bei,</strong></span> 
     </span>
     <span class='ocr_line' id='line_1_45' title="bbox 357 4616 1983 4695; baseline 0.002 -19"><span class='ocrx_word' id='word_1_622' title='bbox 357 4638 412 4678; x_wconf 90' lang='lat' dir='ltr'><strong>non</strong></span> <span class='ocrx_word' id='word_1_623' title='bbox 425 4621 617 4692; x_wconf 89' lang='lat' dir='ltr'><strong>improperabit</strong></span> <span class='ocrx_word' id='word_1_624' title='bbox 628 4618 731 4692; x_wconf 80' lang='lat' dir='ltr'><strong>(laced.</strong></span> <span class='ocrx_word' id='word_1_625' title='bbox 753 4621 805 4689; x_wconf 88' lang='grc' dir='ltr'>ι).ι</span> <span class='ocrx_word' id='word_1_626' title='bbox 825 4617 900 4673; x_wconf 90' lang='lat' dir='ltr'><strong>Unde</strong></span> <span class='ocrx_word' id='word_1_627' title='bbox 910 4618 1035 4683; x_wconf 89' lang='lat' dir='ltr'><strong>decet,ut</strong></span> <span class='ocrx_word' id='word_1_628' title='bbox 1054 4616 1145 4672; x_wconf 83' lang='lat' dir='ltr'><strong>datum</strong></span> <span class='ocrx_word' id='word_1_629' title='bbox 1235 4645 1244 4677; x_wconf 85' lang='grc' dir='ltr'><strong>ι</strong></span> <span class='ocrx_word' id='word_1_630' title='bbox 1261 4625 1332 4680; x_wconf 88' lang='lat' dir='ltr'><strong>llnte</strong></span> <span class='ocrx_word' id='word_1_631' title='bbox 1347 4623 1478 4693; x_wconf 85' lang='lat' dir='ltr'><strong>judicium</strong></span> <span class='ocrx_word' id='word_1_632' title='bbox 1491 4638 1555 4694; x_wconf 92' lang='lat' dir='ltr'><strong>para</strong></span> <span class='ocrx_word' id='word_1_633' title='bbox 1571 4623 1702 4695; x_wconf 83' lang='lat' dir='ltr'><strong>justitiam</strong></span> <span class='ocrx_word' id='word_1_634' title='bbox 1719 4624 1778 4688; x_wconf 85' lang='lat' dir='ltr'><strong>tibi,</strong></span> <span class='ocrx_word' id='word_1_635' title='bbox 1793 4631 1820 4678; x_wconf 94' lang='lat' dir='ltr'><strong>et</strong></span> <span class='ocrx_word' id='word_1_636' title='bbox 1839 4633 1983 4694; x_wconf 84' lang='lat' dir='ltr'><strong>antequam</strong></span> 
     </span>
     <span class='ocr_line' id='line_1_46' title="bbox 356 4709 1984 4812; baseline -0.001 -41"><span class='ocrx_word' id='word_1_637' title='bbox 356 4715 458 4771; x_wconf 90' lang='lat' dir='ltr'><strong>bonum</strong></span> <span class='ocrx_word' id='word_1_638' title='bbox 482 4713 560 4770; x_wconf 87' lang='lat' dir='ltr'><strong>bonis</strong></span> <span class='ocrx_word' id='word_1_639' title='bbox 582 4711 802 4768; x_wconf 89' lang='lat' dir='ltr'><strong>commendemus</strong></span> <span class='ocrx_word' id='word_1_640' title='bbox 822 4710 1013 4772; x_wconf 86' lang='lat' dir='ltr'><strong>sermonibus:</strong></span> <span class='ocrx_word' id='word_1_641' title='bbox 1030 4709 1146 4763; x_wconf 79' lang='lat' dir='ltr'><strong>‹Deatus</strong></span> <span class='ocrx_word' id='word_1_642' title='bbox 1161 4754 1185 4812; x_wconf 73' lang='grc' dir='ltr'><strong>υ</strong></span> <span class='ocrx_word' id='word_1_643' title='bbox 1201 4737 1210 4768; x_wconf 80' lang='grc' dir='ltr'><strong>ι</strong></span> <span class='ocrx_word' id='word_1_644' title='bbox 1227 4716 1356 4785; x_wconf 85' lang='lat' dir='ltr'><strong>loquaris,</strong></span> <span class='ocrx_word' id='word_1_645' title='bbox 1377 4716 1467 4781; x_wconf 90' lang='lat' dir='ltr'><strong>disce;</strong></span> <span class='ocrx_word' id='word_1_646' title='bbox 1488 4726 1552 4770; x_wconf 88' lang='lat' dir='ltr'><strong>ante</strong></span> <span class='ocrx_word' id='word_1_647' title='bbox 1570 4714 1728 4786; x_wconf 88' lang='lat' dir='ltr'><strong>languorem</strong></span> <span class='ocrx_word' id='word_1_648' title='bbox 1750 4714 1849 4770; x_wconf 92' lang='lat' dir='ltr'><strong>adbibe</strong></span> <span class='ocrx_word' id='word_1_649' title='bbox 1872 4714 1984 4771; x_wconf 86' lang='lat' dir='ltr'><strong>medici-</strong></span> 
     </span>
     <span class='ocr_line' id='line_1_47' title="bbox 358 4798 1985 4875; baseline 0 -15"><span class='ocrx_word' id='word_1_650' title='bbox 358 4806 440 4861; x_wconf 90' lang='lat' dir='ltr'><strong>bomo</strong></span> <span class='ocrx_word' id='word_1_651' title='bbox 451 4804 496 4875; x_wconf 91' lang='lat' dir='ltr'><strong>qui</strong></span> <span class='ocrx_word' id='word_1_652' title='bbox 508 4818 561 4859; x_wconf 90' lang='lat' dir='ltr'><strong>non</strong></span> <span class='ocrx_word' id='word_1_653' title='bbox 576 4810 671 4873; x_wconf 84' lang='lat' dir='ltr'><strong>peccat</strong></span> <span class='ocrx_word' id='word_1_654' title='bbox 683 4802 709 4855; x_wconf 93' lang='lat' dir='ltr'><strong>in</strong></span> <span class='ocrx_word' id='word_1_655' title='bbox 720 4801 810 4871; x_wconf 88' lang='lat' dir='ltr'><strong>lingua</strong></span> <span class='ocrx_word' id='word_1_656' title='bbox 823 4816 871 4856; x_wconf 92' lang='lat' dir='ltr'><strong>sua</strong></span> <span class='ocrx_word' id='word_1_657' title='bbox 886 4798 989 4872; x_wconf 78' lang='lat' dir='ltr'><strong>(Jacob.</strong></span> <span class='ocrx_word' id='word_1_658' title='bbox 1007 4798 1058 4872; x_wconf 84' lang='lat' dir='ltr'><strong>in).</strong></span> <span class='ocrx_word' id='word_1_659' title='bbox 1072 4819 1082 4852; x_wconf 88' lang='grc' dir='ltr'><strong>ι</strong></span> <span class='ocrx_word' id='word_1_660' title='bbox 1094 4798 1144 4867; x_wconf 81' lang='lat' dir='ltr'><strong>Qui</strong></span> <span class='ocrx_word' id='word_1_661' title='bbox 1200 4828 1209 4858; x_wconf 82' lang='grc' dir='ltr'><strong>ι</strong></span> <span class='ocrx_word' id='word_1_662' title='bbox 1226 4823 1301 4873; x_wconf 85' lang='lat' dir='ltr'><strong>nam,</strong></span> <span class='ocrx_word' id='word_1_663' title='bbox 1320 4815 1349 4862; x_wconf 90' lang='lat' dir='ltr'><strong>et</strong></span> <span class='ocrx_word' id='word_1_664' title='bbox 1365 4814 1427 4861; x_wconf 89' lang='lat' dir='ltr'><strong>ante</strong></span> <span class='ocrx_word' id='word_1_665' title='bbox 1444 4805 1576 4875; x_wconf 84' lang='lat' dir='ltr'><strong>judicium</strong></span> <span class='ocrx_word' id='word_1_666' title='bbox 1596 4805 1733 4875; x_wconf 85' lang='lat' dir='ltr'><strong>interroga</strong></span> <span class='ocrx_word' id='word_1_667' title='bbox 1751 4805 1880 4875; x_wconf 83' lang='lat' dir='ltr'><strong>teipsum,</strong></span> <span class='ocrx_word' id='word_1_668' title='bbox 1907 4816 1937 4861; x_wconf 86' lang='lat' dir='ltr'><strong>et</strong></span> <span class='ocrx_word' id='word_1_669' title='bbox 1958 4805 1985 4860; x_wconf 86' lang='lat' dir='ltr'><strong>iu</strong></span> 
     </span>
     <span class='ocr_line' id='line_1_48' title="bbox 358 4890 1985 4967; baseline -0.001 -16"><span class='ocrx_word' id='word_1_670' title='bbox 358 4906 449 4952; x_wconf 91' lang='lat' dir='ltr'><strong>autem</strong></span> <span class='ocrx_word' id='word_1_671' title='bbox 464 4912 516 4952; x_wconf 93' lang='lat' dir='ltr'><strong>non</strong></span> <span class='ocrx_word' id='word_1_672' title='bbox 527 4894 639 4950; x_wconf 81' lang='lat' dir='ltr'><strong>olierrdit</strong></span> <span class='ocrx_word' id='word_1_673' title='bbox 651 4893 744 4958; x_wconf 79' lang='lat' dir='ltr'><strong>serbo,</strong></span> <span class='ocrx_word' id='word_1_674' title='bbox 758 4893 802 4947; x_wconf 91' lang='lat' dir='ltr'><strong>bic</strong></span> <span class='ocrx_word' id='word_1_675' title='bbox 815 4892 951 4963; x_wconf 90' lang='lat' dir='ltr'><strong>perfectus</strong></span> <span class='ocrx_word' id='word_1_676' title='bbox 963 4901 1005 4947; x_wconf 90' lang='lat' dir='ltr'><strong>est</strong></span> <span class='ocrx_word' id='word_1_677' title='bbox 1019 4891 1071 4945; x_wconf 90' lang='grc' dir='ltr'>ιιι.</span> <span class='ocrx_word' id='word_1_678' title='bbox 1092 4890 1146 4946; x_wconf 92' lang='lat' dir='ltr'><strong>Sed</strong></span> <span class='ocrx_word' id='word_1_679' title='bbox 1200 4917 1209 4949; x_wconf 81' lang='grc' dir='ltr'><strong>ι</strong></span> <span class='ocrx_word' id='word_1_680' title='bbox 1226 4903 1371 4967; x_wconf 88' lang='lat' dir='ltr'><strong>conspectu</strong></span> <span class='ocrx_word' id='word_1_681' title='bbox 1386 4895 1433 4951; x_wconf 91' lang='lat' dir='ltr'><strong>Dei</strong></span> <span class='ocrx_word' id='word_1_682' title='bbox 1448 4896 1569 4950; x_wconf 76' lang='lat' dir='ltr'><strong>inuenies</strong></span> <span class='ocrx_word' id='word_1_683' title='bbox 1584 4895 1815 4965; x_wconf 83' lang='lat' dir='ltr'><strong>propitiationem.</strong></span> <span class='ocrx_word' id='word_1_684' title='bbox 1836 4894 1911 4951; x_wconf 76' lang='lat' dir='ltr'><strong>Ante</strong></span> <span class='ocrx_word' id='word_1_685' title='bbox 1930 4895 1985 4950; x_wconf 82' lang='lat' dir='ltr'><strong>ian·</strong></span> 
     </span>
     <span class='ocr_line' id='line_1_49' title="bbox 359 4979 1985 5058; baseline -0.006 -16"><span class='ocrx_word' id='word_1_686' title='bbox 359 4995 423 5042; x_wconf 88' lang='lat' dir='ltr'><strong>sunt</strong></span> <span class='ocrx_word' id='word_1_687' title='bbox 436 4986 557 5044; x_wconf 81' lang='lat' dir='ltr'><strong>nonnulli</strong></span> <span class='ocrx_word' id='word_1_688' title='bbox 574 4984 618 5054; x_wconf 92' lang='lat' dir='ltr'><strong>qui</strong></span> <span class='ocrx_word' id='word_1_689' title='bbox 633 4998 696 5038; x_wconf 85' lang='lat' dir='ltr'><strong>mox</strong></span> <span class='ocrx_word' id='word_1_690' title='bbox 709 4989 739 5036; x_wconf 90' lang='lat' dir='ltr'><strong>ut</strong></span> <span class='ocrx_word' id='word_1_691' title='bbox 753 4981 787 5036; x_wconf 90' lang='lat' dir='ltr'><strong>ab</strong></span> <span class='ocrx_word' id='word_1_692' title='bbox 799 4981 893 5053; x_wconf 86' lang='lat' dir='ltr'><strong>egenis</strong></span> <span class='ocrx_word' id='word_1_693' title='bbox 905 4979 1033 5035; x_wconf 87' lang='lat' dir='ltr'><strong>fratribus</strong></span> <span class='ocrx_word' id='word_1_694' title='bbox 1045 4979 1147 5035; x_wconf 88' lang='lat' dir='ltr'><strong>fuerint</strong></span> <span class='ocrx_word' id='word_1_695' title='bbox 1200 5006 1209 5038; x_wconf 82' lang='grc' dir='ltr'><strong>ι</strong></span> <span class='ocrx_word' id='word_1_696' title='bbox 1225 5001 1336 5058; x_wconf 78' lang='lat' dir='ltr'><strong>guorem</strong></span> <span class='ocrx_word' id='word_1_697' title='bbox 1352 4984 1463 5041; x_wconf 74' lang='lat' dir='ltr'><strong>humilia</strong></span> <span class='ocrx_word' id='word_1_698' title='bbox 1482 4985 1608 5055; x_wconf 79' lang='lat' dir='ltr'><strong>teipsum,</strong></span> <span class='ocrx_word' id='word_1_699' title='bbox 1625 4992 1653 5038; x_wconf 88' lang='grc' dir='ltr'><strong>ει</strong></span> <span class='ocrx_word' id='word_1_700' title='bbox 1666 4984 1827 5054; x_wconf 83' lang='lat' dir='ltr'><strong>intempore</strong></span> <span class='ocrx_word' id='word_1_701' title='bbox 1841 4984 1985 5039; x_wconf 70' lang='lat' dir='ltr'><strong>infirmita·</strong></span> 
     </span>
     <span class='ocr_line' id='line_1_50' title="bbox 359 5072 1984 5147; baseline -0.002 -13"><span class='ocrx_word' id='word_1_702' title='bbox 359 5079 513 5135; x_wconf 88' lang='lat' dir='ltr'><strong>necessaria</strong></span> <span class='ocrx_word' id='word_1_703' title='bbox 537 5076 681 5147; x_wconf 88' lang='lat' dir='ltr'><strong>postulati,</strong></span> <span class='ocrx_word' id='word_1_704' title='bbox 705 5082 766 5144; x_wconf 86' lang='lat' dir='ltr'><strong>post</strong></span> <span class='ocrx_word' id='word_1_705' title='bbox 792 5073 861 5129; x_wconf 92' lang='lat' dir='ltr'><strong>dona</strong></span> <span class='ocrx_word' id='word_1_706' title='bbox 886 5072 1022 5143; x_wconf 82' lang='lat' dir='ltr'><strong>largituri,</strong></span> <span class='ocrx_word' id='word_1_707' title='bbox 1046 5072 1073 5125; x_wconf 92' lang='lat' dir='ltr'><strong>in</strong></span> <span class='ocrx_word' id='word_1_708' title='bbox 1099 5086 1146 5127; x_wconf 89' lang='lat' dir='ltr'><strong>ees</strong></span> <span class='ocrx_word' id='word_1_709' title='bbox 1200 5079 1262 5133; x_wconf 82' lang='lat' dir='ltr'><strong>rtis</strong></span> <span class='ocrx_word' id='word_1_710' title='bbox 1288 5076 1400 5132; x_wconf 91' lang='lat' dir='ltr'><strong>ostende</strong></span> <span class='ocrx_word' id='word_1_711' title='bbox 1426 5077 1656 5130; x_wconf 79' lang='lat' dir='ltr'><strong>conversationem</strong></span> <span class='ocrx_word' id='word_1_712' title='bbox 1683 5083 1793 5130; x_wconf 74' lang='lat' dir='ltr'><strong>tuam·</strong></span> <span class='ocrx_word' id='word_1_713' title='bbox 1821 5072 1888 5130; x_wconf 76' lang='lat' dir='ltr'><strong>llaec</strong></span> <span class='ocrx_word' id='word_1_714' title='bbox 1914 5077 1984 5131; x_wconf 88' lang='lat' dir='ltr'><strong>enim</strong></span> 
     </span>
     <span class='ocr_line' id='line_1_51' title="bbox 358 5160 1984 5240; baseline -0.006 -18"><span class='ocrx_word' id='word_1_715' title='bbox 358 5169 434 5240; x_wconf 90' lang='lat' dir='ltr'><strong>prius</strong></span> <span class='ocrx_word' id='word_1_716' title='bbox 444 5167 636 5224; x_wconf 88' lang='lat' dir='ltr'><strong>contumeliosa</strong></span> <span class='ocrx_word' id='word_1_717' title='bbox 647 5164 727 5220; x_wconf 75' lang='lat' dir='ltr'><strong>verita</strong></span> <span class='ocrx_word' id='word_1_718' title='bbox 736 5163 900 5235; x_wconf 84' lang='lat' dir='ltr'><strong>jaculantur,</strong></span> <span class='ocrx_word' id='word_1_719' title='bbox 913 5163 958 5231; x_wconf 92' lang='lat' dir='ltr'><strong>qui</strong></span> <span class='ocrx_word' id='word_1_720' title='bbox 968 5162 1083 5216; x_wconf 82' lang='lat' dir='ltr'><strong>atrebas</strong></span> <span class='ocrx_word' id='word_1_721' title='bbox 1096 5160 1145 5215; x_wconf 92' lang='lat' dir='ltr'><strong>mi·</strong></span> <span class='ocrx_word' id='word_1_722' title='bbox 1197 5168 1289 5224; x_wconf 71' lang='lat' dir='ltr'><strong>omnia</strong></span> <span class='ocrx_word' id='word_1_723' title='bbox 1301 5168 1335 5221; x_wconf 77' lang='lat' dir='ltr'><strong>ad</strong></span> <span class='ocrx_word' id='word_1_724' title='bbox 1351 5166 1484 5222; x_wconf 69' lang='lat' dir='ltr'><strong>cautelam</strong></span> <span class='ocrx_word' id='word_1_725' title='bbox 1503 5166 1623 5222; x_wconf 73' lang='lat' dir='ltr'><strong>fidelium</strong></span> <span class='ocrx_word' id='word_1_726' title='bbox 1646 5167 1717 5224; x_wconf 76' lang='lat' dir='ltr'><strong>dicta</strong></span> <span class='ocrx_word' id='word_1_727' title='bbox 1739 5173 1814 5231; x_wconf 76' lang='lat' dir='ltr'><strong>sunt,</strong></span> <span class='ocrx_word' id='word_1_728' title='bbox 1832 5176 1864 5221; x_wconf 76' lang='lat' dir='ltr'><strong>ur</strong></span> <span class='ocrx_word' id='word_1_729' title='bbox 1878 5183 1984 5239; x_wconf 63' lang='lat' dir='ltr'><strong>semper</strong></span> 
     </span>
     <span class='ocr_line' id='line_1_52' title="bbox 360 5251 1985 5331; baseline 0.001 -20"><span class='ocrx_word' id='word_1_730' title='bbox 360 5256 502 5311; x_wconf 91' lang='lat' dir='ltr'><strong>nisterium</strong></span> <span class='ocrx_word' id='word_1_731' title='bbox 521 5255 630 5324; x_wconf 89' lang='lat' dir='ltr'><strong>pietatis</strong></span> <span class='ocrx_word' id='word_1_732' title='bbox 648 5253 800 5324; x_wconf 87' lang='lat' dir='ltr'><strong>perficiunt,</strong></span> <span class='ocrx_word' id='word_1_733' title='bbox 822 5253 912 5308; x_wconf 84' lang='lat' dir='ltr'><strong>verbis</strong></span> <span class='ocrx_word' id='word_1_734' title='bbox 928 5260 1018 5306; x_wconf 88' lang='lat' dir='ltr'><strong>tamen</strong></span> <span class='ocrx_word' id='word_1_735' title='bbox 1030 5251 1144 5323; x_wconf 89' lang='lat' dir='ltr'><strong>gratiam</strong></span> <span class='ocrx_word' id='word_1_736' title='bbox 1198 5260 1284 5331; x_wconf 69' lang='lat' dir='ltr'><strong>parari</strong></span> <span class='ocrx_word' id='word_1_737' title='bbox 1304 5259 1368 5323; x_wconf 78' lang='lat' dir='ltr'><strong>sint,</strong></span> <span class='ocrx_word' id='word_1_738' title='bbox 1392 5267 1419 5312; x_wconf 90' lang='lat' dir='ltr'><strong>et</strong></span> <span class='ocrx_word' id='word_1_739' title='bbox 1439 5273 1577 5328; x_wconf 90' lang='lat' dir='ltr'><strong>nunquam</strong></span> <span class='ocrx_word' id='word_1_740' title='bbox 1593 5256 1744 5327; x_wconf 85' lang='lat' dir='ltr'><strong>perniciosa</strong></span> <span class='ocrx_word' id='word_1_741' title='bbox 1759 5257 1912 5314; x_wconf 84' lang='lat' dir='ltr'><strong>securitate</strong></span> <span class='ocrx_word' id='word_1_742' title='bbox 1924 5260 1985 5315; x_wconf 84' lang='lat' dir='ltr'><strong>sibi-</strong></span> 
     </span>
     <span class='ocr_line' id='line_1_53' title="bbox 361 5345 1985 5420; baseline 0.002 -20"><span class='ocrx_word' id='word_1_743' title='bbox 361 5346 520 5401; x_wconf 90' lang='lat' dir='ltr'><strong>bumilitatis</strong></span> <span class='ocrx_word' id='word_1_744' title='bbox 540 5346 663 5415; x_wconf 86' lang='lat' dir='ltr'><strong>perdunt.</strong></span> <span class='ocrx_word' id='word_1_745' title='bbox 686 5345 725 5400; x_wconf 88' lang='lat' dir='ltr'><strong>lta</strong></span> <span class='ocrx_word' id='word_1_746' title='bbox 745 5346 905 5415; x_wconf 89' lang='lat' dir='ltr'><strong>plerumque</strong></span> <span class='ocrx_word' id='word_1_747' title='bbox 927 5346 1042 5413; x_wconf 88' lang='lat' dir='ltr'><strong>videtur,</strong></span> <span class='ocrx_word' id='word_1_748' title='bbox 1075 5345 1146 5415; x_wconf 92' lang='lat' dir='ltr'><strong>quod</strong></span> <span class='ocrx_word' id='word_1_749' title='bbox 1199 5349 1319 5420; x_wconf 87' lang='lat' dir='ltr'><strong>metipsis</strong></span> <span class='ocrx_word' id='word_1_750' title='bbox 1341 5347 1522 5413; x_wconf 88' lang='lat' dir='ltr'><strong>blandiantur,</strong></span> <span class='ocrx_word' id='word_1_751' title='bbox 1544 5348 1591 5403; x_wconf 92' lang='lat' dir='ltr'><strong>sed</strong></span> <span class='ocrx_word' id='word_1_752' title='bbox 1607 5347 1680 5402; x_wconf 90' lang='lat' dir='ltr'><strong>omni</strong></span> <span class='ocrx_word' id='word_1_753' title='bbox 1698 5347 1985 5405; x_wconf 84' lang='lat' dir='ltr'><strong>uisuiuserritioDei</strong></span> 
     </span>
     <span class='ocr_line' id='line_1_54' title="bbox 362 5435 1986 5516; baseline 0.001 -24"><span class='ocrx_word' id='word_1_754' title='bbox 362 5438 445 5493; x_wconf 81' lang='lat' dir='ltr'><strong>illatae</strong></span> <span class='ocrx_word' id='word_1_755' title='bbox 456 5436 512 5506; x_wconf 82' lang='lat' dir='ltr'><strong>jam</strong></span> <span class='ocrx_word' id='word_1_756' title='bbox 530 5435 634 5502; x_wconf 77' lang='lat' dir='ltr'><strong>injurie</strong></span> <span class='ocrx_word' id='word_1_757' title='bbox 651 5435 864 5516; x_wconf 83' lang='lat' dir='ltr'><strong>satisfactionem</strong></span> <span class='ocrx_word' id='word_1_758' title='bbox 877 5436 992 5501; x_wconf 84' lang='lat' dir='ltr'><strong>solvant,</strong></span> <span class='ocrx_word' id='word_1_759' title='bbox 1008 5451 1069 5491; x_wconf 90' lang='lat' dir='ltr'><strong>cum</strong></span> <span class='ocrx_word' id='word_1_760' title='bbox 1087 5446 1148 5505; x_wconf 91' lang='lat' dir='ltr'><strong>post</strong></span> <span class='ocrx_word' id='word_1_761' title='bbox 1200 5439 1328 5509; x_wconf 89' lang='lat' dir='ltr'><strong>usquead</strong></span> <span class='ocrx_word' id='word_1_762' title='bbox 1341 5438 1422 5492; x_wconf 87' lang='lat' dir='ltr'><strong>linem</strong></span> <span class='ocrx_word' id='word_1_763' title='bbox 1436 5437 1499 5492; x_wconf 78' lang='lat' dir='ltr'><strong>vitae</strong></span> <span class='ocrx_word' id='word_1_764' title='bbox 1516 5452 1572 5492; x_wconf 82' lang='lat' dir='ltr'><strong>suae</strong></span> <span class='ocrx_word' id='word_1_765' title='bbox 1590 5437 1714 5492; x_wconf 86' lang='lat' dir='ltr'><strong>laborare</strong></span> <span class='ocrx_word' id='word_1_766' title='bbox 1724 5437 1910 5503; x_wconf 86' lang='lat' dir='ltr'><strong>contendant,</strong></span> <span class='ocrx_word' id='word_1_767' title='bbox 1925 5448 1986 5493; x_wconf 85' lang='lat' dir='ltr'><strong>aute</strong></span> 
     </span>
     <span class='ocr_line' id='line_1_55' title="bbox 362 5524 1985 5597; baseline -0.001 -13"><span class='ocrx_word' id='word_1_768' title='bbox 362 5524 540 5584; x_wconf 87' lang='lat' dir='ltr'><strong>contumelias</strong></span> <span class='ocrx_word' id='word_1_769' title='bbox 553 5525 624 5580; x_wconf 88' lang='lat' dir='ltr'><strong>dona</strong></span> <span class='ocrx_word' id='word_1_770' title='bbox 635 5525 795 5595; x_wconf 87' lang='lat' dir='ltr'><strong>largiuntur,</strong></span> <span class='ocrx_word' id='word_1_771' title='bbox 817 5539 869 5580; x_wconf 89' lang='lat' dir='ltr'><strong>nec</strong></span> <span class='ocrx_word' id='word_1_772' title='bbox 886 5525 976 5595; x_wconf 90' lang='lat' dir='ltr'><strong>magni</strong></span> <span class='ocrx_word' id='word_1_773' title='bbox 989 5535 1031 5580; x_wconf 91' lang='lat' dir='ltr'><strong>est</strong></span> <span class='ocrx_word' id='word_1_774' title='bbox 1045 5525 1145 5594; x_wconf 90' lang='lat' dir='ltr'><strong>operis,</strong></span> <span class='ocrx_word' id='word_1_775' title='bbox 1195 5525 1290 5595; x_wconf 82' lang='lat' dir='ltr'><strong>judicii</strong></span> <span class='ocrx_word' id='word_1_776' title='bbox 1306 5535 1412 5597; x_wconf 91' lang='lat' dir='ltr'><strong>tempus</strong></span> <span class='ocrx_word' id='word_1_777' title='bbox 1425 5536 1454 5581; x_wconf 92' lang='grc' dir='ltr'><strong>ει</strong></span> <span class='ocrx_word' id='word_1_778' title='bbox 1463 5527 1535 5582; x_wconf 88' lang='lat' dir='ltr'><strong>diem</strong></span> <span class='ocrx_word' id='word_1_779' title='bbox 1545 5526 1629 5590; x_wconf 89' lang='lat' dir='ltr'><strong>illum,</strong></span> <span class='ocrx_word' id='word_1_780' title='bbox 1644 5541 1698 5596; x_wconf 89' lang='lat' dir='ltr'><strong>quc</strong></span> <span class='ocrx_word' id='word_1_781' title='bbox 1708 5528 1897 5597; x_wconf 89' lang='lat' dir='ltr'><strong>uuusquisque</strong></span> <span class='ocrx_word' id='word_1_782' title='bbox 1910 5528 1985 5584; x_wconf 79' lang='lat' dir='ltr'><strong>debet</strong></span> 
     </span>
     <span class='ocr_line' id='line_1_56' title="bbox 362 5613 1987 5689; baseline 0.001 -17"><span class='ocrx_word' id='word_1_783' title='bbox 362 5616 433 5687; x_wconf 92' lang='lat' dir='ltr'><strong>quod</strong></span> <span class='ocrx_word' id='word_1_784' title='bbox 445 5614 577 5687; x_wconf 88' lang='lat' dir='ltr'><strong>postulata</strong></span> <span class='ocrx_word' id='word_1_785' title='bbox 593 5615 724 5679; x_wconf 88' lang='lat' dir='ltr'><strong>tribuunt,</strong></span> <span class='ocrx_word' id='word_1_786' title='bbox 741 5614 806 5684; x_wconf 86' lang='lat' dir='ltr'><strong>quia</strong></span> <span class='ocrx_word' id='word_1_787' title='bbox 820 5614 878 5685; x_wconf 86' lang='lat' dir='ltr'><strong>ipso</strong></span> <span class='ocrx_word' id='word_1_788' title='bbox 891 5613 1009 5669; x_wconf 89' lang='lat' dir='ltr'><strong>dationis</strong></span> <span class='ocrx_word' id='word_1_789' title='bbox 1020 5629 1075 5669; x_wconf 83' lang='lat' dir='ltr'><strong>suar</strong></span> <span class='ocrx_word' id='word_1_790' title='bbox 1089 5631 1148 5669; x_wconf 92' lang='lat' dir='ltr'><strong>mu·</strong></span> <span class='ocrx_word' id='word_1_791' title='bbox 1198 5632 1249 5687; x_wconf 92' lang='lat' dir='ltr'><strong>pm</strong></span> <span class='ocrx_word' id='word_1_792' title='bbox 1262 5632 1291 5672; x_wconf 91' lang='lat' dir='ltr'><strong>se</strong></span> <span class='ocrx_word' id='word_1_793' title='bbox 1305 5617 1436 5672; x_wconf 89' lang='lat' dir='ltr'><strong>rationem</strong></span> <span class='ocrx_word' id='word_1_794' title='bbox 1450 5615 1506 5672; x_wconf 90' lang='lat' dir='ltr'><strong>Deo</strong></span> <span class='ocrx_word' id='word_1_795' title='bbox 1517 5616 1640 5673; x_wconf 88' lang='lat' dir='ltr'><strong>reddere.</strong></span> <span class='ocrx_word' id='word_1_796' title='bbox 1656 5616 1701 5672; x_wconf 91' lang='lat' dir='ltr'><strong>lllc</strong></span> <span class='ocrx_word' id='word_1_797' title='bbox 1712 5615 1794 5672; x_wconf 87' lang='lat' dir='ltr'><strong>discit</strong></span> <span class='ocrx_word' id='word_1_798' title='bbox 1809 5626 1895 5689; x_wconf 85' lang='lat' dir='ltr'><strong>atque</strong></span> <span class='ocrx_word' id='word_1_799' title='bbox 1909 5616 1987 5689; x_wconf 62' lang='lat' dir='ltr'><strong>iusti⁴</strong></span> 
     </span>
    </p>
   </div>
   <div class='ocr_carea' id='block_1_3' title="bbox 363 5704 1987 6056">
    <p class='ocr_par' dir='ltr' id='par_1_3' title="bbox 363 5704 1987 6056">
     <span class='ocr_line' id='line_1_57' title="bbox 363 5704 1986 5778; baseline -0.002 -12"><span class='ocrx_word' id='word_1_800' title='bbox 363 5723 428 5766; x_wconf 91' lang='lat' dir='ltr'><strong>nere</strong></span> <span class='ocrx_word' id='word_1_801' title='bbox 443 5707 486 5762; x_wconf 88' lang='grc' dir='ltr'><strong>ιιι</strong></span> <span class='ocrx_word' id='word_1_802' title='bbox 501 5706 625 5762; x_wconf 91' lang='lat' dir='ltr'><strong>cumdem</strong></span> <span class='ocrx_word' id='word_1_803' title='bbox 643 5719 784 5761; x_wconf 84' lang='lat' dir='ltr'><strong>excessum</strong></span> <span class='ocrx_word' id='word_1_804' title='bbox 806 5704 940 5761; x_wconf 89' lang='lat' dir='ltr'><strong>sermonis</strong></span> <span class='ocrx_word' id='word_1_805' title='bbox 963 5712 1067 5775; x_wconf 88' lang='lat' dir='ltr'><strong>tegunt,</strong></span> <span class='ocrx_word' id='word_1_806' title='bbox 1090 5706 1149 5775; x_wconf 90' lang='lat' dir='ltr'><strong>qui·</strong></span> <span class='ocrx_word' id='word_1_807' title='bbox 1199 5707 1265 5763; x_wconf 73' lang='lat' dir='ltr'><strong>bam</strong></span> <span class='ocrx_word' id='word_1_808' title='bbox 1282 5705 1333 5761; x_wconf 85' lang='lat' dir='ltr'><strong>sibi</strong></span> <span class='ocrx_word' id='word_1_809' title='bbox 1356 5713 1501 5777; x_wconf 73' lang='lat' dir='ltr'><strong>praeparat,</strong></span> <span class='ocrx_word' id='word_1_810' title='bbox 1522 5707 1568 5775; x_wconf 93' lang='lat' dir='ltr'><strong>qui</strong></span> <span class='ocrx_word' id='word_1_811' title='bbox 1588 5707 1711 5777; x_wconf 90' lang='lat' dir='ltr'><strong>quotidie</strong></span> <span class='ocrx_word' id='word_1_812' title='bbox 1732 5707 1858 5772; x_wconf 78' lang='lat' dir='ltr'><strong>rimabar,</strong></span> <span class='ocrx_word' id='word_1_813' title='bbox 1875 5708 1941 5778; x_wconf 90' lang='lat' dir='ltr'><strong>quid</strong></span> <span class='ocrx_word' id='word_1_814' title='bbox 1955 5707 1986 5762; x_wconf 85' lang='lat' dir='ltr'><strong>dc</strong></span> 
     </span>
     <span class='ocr_line' id='line_1_58' title="bbox 363 5781 1986 5869; baseline -0.002 -17"><span class='ocrx_word' id='word_1_815' title='bbox 363 5796 415 5853; x_wconf 90' lang='lat' dir='ltr'><strong>bus</strong></span> <span class='ocrx_word' id='word_1_816' title='bbox 433 5798 502 5852; x_wconf 92' lang='lat' dir='ltr'><strong>bene</strong></span> <span class='ocrx_word' id='word_1_817' title='bbox 522 5796 574 5852; x_wconf 87' lang='lat' dir='ltr'><strong>boe</strong></span> <span class='ocrx_word' id='word_1_818' title='bbox 593 5795 652 5851; x_wconf 91' lang='lat' dir='ltr'><strong>loco</strong></span> <span class='ocrx_word' id='word_1_819' title='bbox 670 5795 788 5851; x_wconf 91' lang='lat' dir='ltr'><strong>dicitur:</strong></span> <span class='ocrx_word' id='word_1_820' title='bbox 806 5781 945 5850; x_wconf 75' lang='lat' dir='ltr'><strong>«inomni</strong></span> <span class='ocrx_word' id='word_1_821' title='bbox 958 5796 1021 5851; x_wconf 91' lang='lat' dir='ltr'><strong>dato</strong></span> <span class='ocrx_word' id='word_1_822' title='bbox 1033 5812 1086 5852; x_wconf 89' lang='lat' dir='ltr'><strong>non</strong></span> <span class='ocrx_word' id='word_1_823' title='bbox 1102 5799 1148 5854; x_wconf 89' lang='lat' dir='ltr'><strong>dcs</strong></span> <span class='ocrx_word' id='word_1_824' title='bbox 1199 5798 1404 5854; x_wconf 88' lang='lat' dir='ltr'><strong>conversatione</strong></span> <span class='ocrx_word' id='word_1_825' title='bbox 1425 5813 1473 5852; x_wconf 89' lang='lat' dir='ltr'><strong>sua</strong></span> <span class='ocrx_word' id='word_1_826' title='bbox 1496 5805 1524 5852; x_wconf 91' lang='grc' dir='ltr'><strong>ει</strong></span> <span class='ocrx_word' id='word_1_827' title='bbox 1545 5798 1649 5853; x_wconf 87' lang='lat' dir='ltr'><strong>actibus</strong></span> <span class='ocrx_word' id='word_1_828' title='bbox 1674 5798 1731 5854; x_wconf 89' lang='lat' dir='ltr'><strong>Dee</strong></span> <span class='ocrx_word' id='word_1_829' title='bbox 1752 5797 1872 5868; x_wconf 66' lang='lat' dir='ltr'><strong>placem,</strong></span> <span class='ocrx_word' id='word_1_830' title='bbox 1891 5797 1986 5869; x_wconf 85' lang='lat' dir='ltr'><strong>quidrc</strong></span> 
     </span>
     <span class='ocr_line' id='line_1_59' title="bbox 363 5886 1987 5961; baseline -0.002 -17"><span class='ocrx_word' id='word_1_831' title='bbox 363 5888 503 5944; x_wconf 91' lang='lat' dir='ltr'><strong>tristitiam</strong></span> <span class='ocrx_word' id='word_1_832' title='bbox 539 5887 614 5944; x_wconf 82' lang='lat' dir='ltr'><strong>rcrbi</strong></span> <span class='ocrx_word' id='word_1_833' title='bbox 632 5886 712 5953; x_wconf 84' lang='lat' dir='ltr'><strong>mali;</strong></span> <span class='ocrx_word' id='word_1_834' title='bbox 728 5905 738 5939; x_wconf 88' lang='grc' dir='ltr'><strong>ι</strong></span> <span class='ocrx_word' id='word_1_835' title='bbox 759 5895 786 5941; x_wconf 89' lang='lat' dir='ltr'><strong>et</strong></span> <span class='ocrx_word' id='word_1_836' title='bbox 798 5886 878 5957; x_wconf 90' lang='lat' dir='ltr'><strong>paule</strong></span> <span class='ocrx_word' id='word_1_837' title='bbox 890 5894 961 5957; x_wconf 91' lang='lat' dir='ltr'><strong>post,</strong></span> <span class='ocrx_word' id='word_1_838' title='bbox 985 5887 1073 5944; x_wconf 80' lang='lat' dir='ltr'><strong>«Ecce</strong></span> <span class='ocrx_word' id='word_1_839' title='bbox 1088 5904 1148 5944; x_wconf 84' lang='lat' dir='ltr'><strong>rer·</strong></span> <span class='ocrx_word' id='word_1_840' title='bbox 1199 5888 1352 5958; x_wconf 89' lang='lat' dir='ltr'><strong>displiceat,</strong></span> <span class='ocrx_word' id='word_1_841' title='bbox 1366 5888 1445 5942; x_wconf 90' lang='lat' dir='ltr'><strong>etita</strong></span> <span class='ocrx_word' id='word_1_842' title='bbox 1464 5903 1559 5959; x_wconf 90' lang='lat' dir='ltr'><strong>seper</strong></span> <span class='ocrx_word' id='word_1_843' title='bbox 1577 5888 1794 5959; x_wconf 86' lang='lat' dir='ltr'><strong>compunctionis</strong></span> <span class='ocrx_word' id='word_1_844' title='bbox 1812 5888 1949 5961; x_wconf 73' lang='lat' dir='ltr'><strong>berymas</strong></span> <span class='ocrx_word' id='word_1_845' title='bbox 1960 5893 1987 5940; x_wconf 86' lang='lat' dir='ltr'><strong>et</strong></span> 
     </span>
     <span class='ocr_line' id='line_1_60' title="bbox 364 5976 1984 6056; baseline 0.003 -20"><span class='ocrx_word' id='word_1_846' title='bbox 364 5979 428 6036; x_wconf 85' lang='lat' dir='ltr'><strong>bem</strong></span> <span class='ocrx_word' id='word_1_847' title='bbox 445 5991 526 6053; x_wconf 88' lang='lat' dir='ltr'><strong>super</strong></span> <span class='ocrx_word' id='word_1_848' title='bbox 546 5977 638 6036; x_wconf 90' lang='lat' dir='ltr'><strong>datum</strong></span> <span class='ocrx_word' id='word_1_849' title='bbox 651 5976 761 6045; x_wconf 80' lang='lat' dir='ltr'><strong>bonum¹</strong></span> <span class='ocrx_word' id='word_1_850' title='bbox 776 5983 804 6033; x_wconf 88' lang='lat' dir='ltr'><strong>et</strong></span> <span class='ocrx_word' id='word_1_851' title='bbox 818 5984 933 6051; x_wconf 87' lang='lat' dir='ltr'><strong>utraque</strong></span> <span class='ocrx_word' id='word_1_852' title='bbox 954 5993 1015 6035; x_wconf 90' lang='lat' dir='ltr'><strong>cum</strong></span> <span class='ocrx_word' id='word_1_853' title='bbox 1038 5979 1146 6036; x_wconf 90' lang='lat' dir='ltr'><strong>bomine</strong></span> <span class='ocrx_word' id='word_1_854' title='bbox 1199 5980 1403 6054; x_wconf 82' lang='lat' dir='ltr'><strong>castigationem</strong></span> <span class='ocrx_word' id='word_1_855' title='bbox 1422 5980 1553 6056; x_wconf 88' lang='lat' dir='ltr'><strong>corporis,</strong></span> <span class='ocrx_word' id='word_1_856' title='bbox 1575 5979 1815 6042; x_wconf 84' lang='lat' dir='ltr'><strong>studetadelictis</strong></span> <span class='ocrx_word' id='word_1_857' title='bbox 1834 5980 1984 6041; x_wconf 77' lang='lat' dir='ltr'><strong>mundam.</strong></span> 
     </span>
    </p>
   </div>
   <div class='ocr_carea' id='block_1_4' title="bbox 0 0 2365 6756">
    <p class='ocr_par' dir='ltr' id='par_1_4' title="bbox 0 0 2365 6756">
     <span class='ocr_line' id='line_1_61' title="bbox 0 0 2365 6756; baseline 0 0"><span class='ocrx_word' id='word_1_858' title='bbox 0 0 2365 6756; x_wconf 95' lang='lat' dir='ltr'><strong> </strong></span> 
     </span>
    </p>
   </div>
  </div>
 </body>
</html>
