4709 6767
397 662 432 731 8⁸1
552 705 555 710 -
715 672 745 727 Β.
767 660 893 725 nebant
910 667 1020 724 bactu
1038 667 1197 724 attctltsr.
1219 668 1373 729 NOGUNT.
1391 668 1533 728 oesttctt
1552 668 1641 727 cittis
1660 672 1680 727 l.
1986 677 2023 735 88

398 772 472 840 tione
489 783 589 854 agitur,
605 780 743 838 inclinatio
754 768 811 851 ip'sa
830 778 995 835 iorhtudiuis
1009 794 1090 834 casus
1102 785 1181 850 puta·
1195 784 1221 842 Α
1237 798 1246 831 a
1268 780 1345 850 quasi
1358 782 1382 837 si
1396 768 1512 839 studetur
1526 799 1595 840 uotis
1610 785 1644 842 dc
1654 786 1757 843 scurris
1775 804 1782 841 :
1801 807 1811 842 ι
1827 791 1952 859 protinus
1971 808 2023 850 au.

398 882 442 929 tur
455 872 596 942 imperitis.
1236 869 1323 926 divit:
1348 891 1358 925 i
1374 865 1476 929 Lndam
1491 883 1553 930 ante
1571 871 1734 943 Dominum,
1757 878 1804 948 qui
1821 878 1902 952 elegit
1916 896 1960 938 me
1974 898 2024 954 po-

432 962 508 1020 Unde
521 970 551 1017 et
566 956 685 1016 nonnulli
700 957 800 1014 subditi
819 966 915 1015 contra
932 958 1001 1013 hanc
1014 969 1124 1012 manum
1142 971 1185 1011 re·
1237 978 1247 1012 r
1270 959 1334 1024 tius,
1348 975 1430 1031 qnam
1445 970 1549 1033 patrem
1564 971 1651 1020 tunm.
1668 965 1732 1022 ahc
1745 965 1826 1038 pa'ulo
1839 976 1921 1039 post:
1944 971 2024 1030 th.

394 1053 581 1125 prehensionis
600 1053 722 1116 mittunt,
742 1049 789 1105 sed
811 1066 827 1105 a
846 1050 900 1105 vita
915 1045 1038 1120 protinus
1053 1045 1112 1120 ipsa
1134 1064 1183 1104 sua
1237 1068 1247 1103 c
1269 1049 1330 1105 dam
1345 1059 1373 1107 et
1386 1053 1465 1108 vilior
1483 1053 1545 1109 bam
1563 1056 1705 1126 plusquam
1726 1055 1899 1125 lestussum,
1920 1075 2024 1131 eroque

396 1144 548 1200 temeritate
563 1141 701 1197 deficiunt.
725 1139 833 1196 Levites
846 1154 927 1211 erqo,
945 1130 1022 1210 quasi
1035 1130 1182 1207 adjuvans,
1236 1162 1245 1195 i
1268 1137 1378 1200 hutnilis
1397 1146 1425 1200 in
1441 1146 1529 1202 oculis
1541 1148 1617 1203 mels.
1637 1168 1646 1201 r
1665 1150 1705 1206 hc
1721 1150 1852 1221 sinposia
1868 1151 1940 1208 dim
1954 1170 1962 1209 :
1976 1155 2018 1210 pq.

396 1249 508 1289 uranum
534 1230 658 1297 tetendit,
684 1230 732 1286 sed
752 1229 912 1299 delinquens
938 1228 1021 1284 vitam
1042 1227 1181 1299 perdidit:
1232 1231 1439 1292 lescereccram
1459 1237 1614 1295 hominihus
1636 1242 2023 1312 appeto,quiaservaromih1

393 1317 457 1395 qula
481 1324 545 1379 dum
566 1322 668 1378 iulirmi
681 1321 781 1393 quique
801 1319 910 1376 lortium
928 1318 999 1375 laeta
1022 1317 1180 1390 corripiunt,
1231 1335 1324 1378 eoram
1345 1323 1459 1381 Domino
1479 1325 1624 1398 ingenuum
1641 1336 1690 1401 per
1711 1331 1893 1388 humililatem
1916 1344 2021 1404 quaero.

392 1414 444 1482 ipsi
457 1413 632 1469 rviventium
646 1420 721 1468 sorte
732 1410 920 1481 reprobantur.
935 1407 1086 1478 Aliquando
1098 1407 1182 1463 etiam
1232 1413 1302 1469 Sum
1312 1430 1378 1471 vem
1390 1418 1509 1473 nonnum
1524 1460 1532 1483 ‚
1554 1421 1599 1490 quq
1618 1422 1651 1477 de
1665 1423 1817 1493 semetipsis
1830 1423 1942 1481 humma
1960 1441 2024 1482 sen·

392 1503 479 1558 sancti
494 1502 545 1559 viri
557 1501 681 1572 quadam
690 1499 808 1555 minimis
820 1497 1068 1555 condescendentes
1078 1498 1181 1563 dicunt,
1232 1501 1312 1570 tiunt,
1324 1504 1369 1574 qui
1389 1505 1417 1561 in
1434 1507 1581 1565 honoribus
1592 1511 1671 1581 positi
1688 1512 1755 1568 nibil
1768 1529 1798 1569 se
1810 1529 1881 1581 esse,
1893 1515 1945 1572 nisi
1960 1516 2024 1588 pui-

391 1597 514 1666 quadam
542 1604 608 1651 vero
638 1609 742 1650 summa
769 1587 1002 1663 contemplantes,
1028 1591 1180 1662 proterunt.
1231 1605 1322 1648 rerem
1345 1589 1517 1668 favillamque
1543 1603 1731 1672 perpendunt,
1749 1605 1796 1659 sed
1815 1612 1904 1661 tomen
1925 1621 2021 1664 coram

391 1688 514 1757 bustaque
530 1686 585 1740 vim
599 1685 640 1741 vcl
655 1680 899 1750 condescensionis,
912 1681 1114 1739 velaltitudlnis
1134 1698 1182 1738 nc·
1230 1683 1385 1741 huminibus
1397 1687 1464 1743 viles
1484 1705 1615 1759 apparere
1632 1691 1784 1764 refugiunt,
1804 1704 1832 1750 et
1850 1705 1945 1752 contra
1966 1699 2019 1755 hoe

390 1774 496 1842 sciunt,
521 1774 659 1830 audaciter
674 1774 732 1830 haee
748 1774 824 1829 stulti
839 1773 1049 1846 reprehendunt.
1067 1767 1100 1827 Et
1116 1774 1181 1843 quid
1230 1772 1351 1841 quotide
1369 1791 1401 1832 sc
1414 1776 1528 1834 interius
1543 1780 1676 1851 cogitant,
1695 1783 1771 1853 quasi
1789 1784 1875 1857 rigida
1896 1789 2022 1845 exterius

391 1858 546 1936 estiustum
569 1865 601 1920 de
622 1880 671 1922 sua
696 1864 925 1921 eondcsecnsionc
944 1864 1012 1919 velle
1032 1864 1179 1937 corrigere,
1229 1870 1372 1921 venustate
1391 1866 1544 1936 palliantur.
1564 1870 1598 1925 Et
1614 1881 1679 1927 sunt
1693 1873 1812 1929 nonnulli
1829 1875 1876 1949 qui
1893 1877 1960 1933 viles
1979 1879 2022 1934 ri·

390 1957 442 2014 nisi
459 1955 613 2013 inclinatam
625 1972 715 2011 aream
730 1957 846 2028 superba
859 1955 1077 2027 reprehensionis
1098 1966 1180 2011 manu
1230 1954 1288 2011 deri
1300 1956 1336 2011 ah
1346 1955 1500 2016 hominibus
1514 1970 1653 2033 appetunt,
1669 1972 1750 2036 atque
1762 1981 1842 2022 omne
1859 1970 1931 2038 quod
1944 1979 2018 2038 sunt,

390 2049 525 2106 relevaret
539 2049 608 2118 Quid
622 2057 664 2104 est
672 2046 777 2118 justum
791 2048 825 2104 de
840 2047 977 2119 incognita
993 2046 1127 2103 locutione
1139 2060 1180 2101 re
1231 2045 1349 2115 dejectos
1367 2063 1397 2107 se
1409 2051 1561 2109 exhibendo
1571 2063 1760 2123 contemnunt,
1775 2059 1822 2114 sed
1838 2066 1928 2116 maren
1947 2063 2020 2133 apud

389 2143 571 2216 prehendere,
594 2141 647 2198 nisi
670 2147 759 2198 nictus
773 2138 831 2211 cius
855 2137 1056 2205 fortitudinem,
1076 2138 1180 2195 erroris
1195 2142 1215 2202 Β
1229 2155 1259 2197 se
1269 2139 1414 2210 introrsus,
1429 2145 1506 2215 qumi
1522 2155 1556 2202 er
1571 2146 1629 2219 ipso
1640 2147 1737 2206 meritc
1751 2154 1867 2207 ostensae
1881 2151 2017 2222 utilitatis,

390 2224 495 2304 lapsum
508 2233 622 2306 putarel
634 2231 688 2289 Scd
700 2231 791 2305 perdit
807 2230 892 2287 vitam
905 2231 951 2301 qni
966 2243 1058 2288 arcam
1076 2226 1124 2287 bei
1137 2239 1181 2286 tn·
1230 2224 1424 2301 intumescant,
1443 2244 1472 2292 et
1495 2245 1571 2294 tanto
1593 2240 1678 2311 maqis
1701 2241 1729 2296 in
1754 2242 1835 2299 corde
1854 2243 1916 2301 elati
1943 2251 2020 2315 eunt,

389 2324 462 2381 mide
474 2323 610 2390 sublevat;
621 2324 684 2395 qnia
696 2337 867 2395 nequaquam
879 2318 939 2394 quis
951 2330 1107 2378 sanctorum
1119 2332 1181 2377 eor·
1229 2331 1329 2395 quanto
1348 2327 1463 2398 amplius
1478 2322 1504 2383 in
1524 2330 1614 2400 specie
1635 2326 1782 2389 elabonem
1795 2344 1931 2405 premunt.
1951 2335 2019 2405 Quas

389 2419 479 2490 ripere
503 2428 578 2475 recta
601 2424 795 2489 presumeret,
817 2416 870 2472 nisi
888 2416 921 2473 de
938 2430 968 2472 se
980 2416 1056 2486 prius
1068 2414 1179 2471 meliora
1228 2421 1343 2484 utraque
1356 2415 1435 2471 unlus
1450 2416 1576 2474 clationis
1590 2419 1674 2484 bella,
1693 2431 1789 2493 magna
1803 2420 1886 2478 llavid
1898 2424 2017 2482 circum-

388 2508 528 2565 undsset.
546 2505 622 2564 linde
642 2515 670 2563 et
683 2506 791 2563 Levites
811 2505 882 2561 idem
897 2511 970 2561 recte
982 2502 1038 2561 Ora
1056 2503 1177 2559 dieitur:
1228 2499 1367 2576 spectione
1379 2508 1572 2579 deprehendit,
1585 2511 1654 2566 mira
1667 2511 1768 2569 virtute
1784 2515 1932 2583 superavit.
1947 2514 2017 2585 Quia

387 2597 460 2670 qnod
475 2595 598 2654 videlieet
613 2596 734 2652 anianae
757 2595 865 2651 bomini
886 2595 1089 2664 interpretatur.
1110 2590 1180 2660 Quia
1228 2594 1301 2651 enim
1315 2595 1349 2651 de
1363 2598 1508 2669 semetipso
1524 2595 1597 2656 intus
1610 2601 1722 2656 humilia
1739 2602 1868 2670 sentiens,
1885 2604 2016 2663 honorem

387 2700 599 2766 praesumptores
620 2690 734 2762 quique,
753 2689 806 2745 nisi
825 2687 921 2745 audaci
943 2695 1035 2743 mente
1053 2685 1180 2742 robustos
1228 2686 1348 2742 exterius
1363 2688 1539 2759 conquerit,
1554 2689 1674 2746 insinuat
1696 2690 1812 2749 dicens:
1838 2711 1848 2745 r
1872 2688 1975 2750 laudam
1988 2700 2017 2752 et

386 2798 418 2839 se
429 2783 457 2838 in
470 2781 584 2837 bumirro
597 2779 750 2843 crederent,
766 2791 938 2848 nequaquam
952 2775 1092 2832 meliorum
1107 2774 1179 2832 lacta
1228 2776 1309 2834 vilior
1323 2778 1396 2835 bam.
1416 2799 1426 2831 ι
1452 2779 1486 2835 Et
1496 2780 1558 2850 quia
1572 2795 1621 2851 per
1634 2782 1705 2849 hoe,
1720 2783 1791 2855 quod
1804 2781 1883 2839 rilem
1898 2799 1928 2840 se
1941 2796 2017 2842 exte·

387 2872 431 2929 cel
441 2872 523 2938 dicta,
534 2871 608 2926 velut
619 2868 737 2934 inllrma,
747 2866 912 2939 judicarent.
1228 2869 1285 2926 rius
1299 2872 1424 2942 praebuit,
1439 2886 1611 2943 nequaquam
1623 2874 1736 2931 interius
1747 2876 1910 2942 intumescit,
1922 2873 2017 2946 adiun-

427 2978 437 3013 ι
454 2960 577 3034 ingressa
586 2958 682 3016 Nicbol
694 2956 747 3014 nna
757 2956 823 3014 Saul
832 2959 859 3013 in
870 2972 1013 3013 occursum
1024 2957 1117 3022 David,
1129 2958 1177 3013 ait:
1228 2960 1268 3032 git
1284 2972 1291 3016 :
1307 2979 1317 3013 ι
1335 2961 1442 3032 Eroque
1455 2962 1564 3017 humilis
1579 2964 1606 3018 in
1621 2964 1706 3020 oculis
1717 2966 1794 3020 meis.
1814 2985 1823 3018 ι
1835 2966 1874 3022 hc
1887 2967 1910 3023 si
1924 2976 2016 3039 aperte

391 3072 402 3107 a
424 3054 511 3124 Quam
522 3054 656 3126 gloriosus
665 3050 803 3107 luithodie
812 3065 859 3105 rex
870 3048 961 3112 lsrael,
976 3048 1179 3119 discooperiens
1228 3052 1318 3108 dicat:
1333 3052 1444 3121 Qualem
1456 3068 1500 3109 me
1508 3055 1627 3111 exterius
1637 3055 1787 3126 despiciens
1795 3056 1921 3123 exhibeo,
1935 3058 2017 3114 talem

391 3167 401 3200 ¹
423 3162 453 3203 ⁸0
466 3153 530 3202 ³⁰20
546 3142 658 3202 311ῦῦ133
679 3157 820 3201 servolum
841 3153 971 3208 sucrum,
998 3158 1008 3193 l
1029 3146 1081 3196 ele·
1101 3140 1179 3208 Quod
1228 3159 1272 3201 me
1289 3144 1403 3201 interius
1416 3146 1536 3203 attendo·
1554 3144 1623 3213 Quid
1637 3162 1703 3216 ergo
1713 3147 1800 3202 acturi
1811 3155 1874 3202 sunt
1885 3163 1954 3218 quos
1968 3139 2017 3203 do-

386 3229 473 3294 bario
486 3235 551 3292 dum
564 3250 655 3293 arcam
669 3233 774 3290 Domini
790 3227 942 3288 ierusalem
957 3230 1080 3287 saltando
1099 3229 1179 3287 redu·
1228 3235 1315 3291 ctrina
1328 3234 1426 3303 eierat,
1447 3235 1470 3293 st
1491 3235 1575 3296 nario
1595 3254 1628 3294 ex
1643 3253 1724 3294 erne
1735 3254 1782 3295 sua
1802 3248 1946 3295 venturum
1961 3239 2016 3297 ne-

388 3327 473 3392 cerel,
487 3342 502 3381 a
518 3319 627 3392 llichol,
639 3322 694 3380 illia
706 3320 781 3389 Saul,
800 3336 886 3378 rasore
902 3335 951 3377 sua
967 3319 1064 3376 irrisus
1075 3326 1127 3386 est,
1139 3319 1179 3374 in·
1229 3324 1395 3396 demptorem
1420 3337 1561 3393 moverat,
1584 3327 1697 3400 eiusque
1716 3329 1812 3401 gaudis
1831 3329 2017 3400 prophetando

387 3419 459 3474 tueri
470 3417 536 3474 libet
548 3425 650 3489 quanta
665 3412 798 3472 virtutum
817 3428 930 3470 munera
947 3412 1032 3468 David
1044 3412 1101 3483 ipse
1113 3427 1177 3484 pcr-
1228 3415 1386 3471 nuntiabat?
1404 3424 1432 3472 et
1457 3425 1547 3473 tamen
1571 3418 1598 3473 iu
1621 3418 1766 3489 semetipso
1781 3419 1914 3474 cervicem
1926 3418 2017 3475 cordls

387 3515 509 3580 ceperat,
520 3515 601 3580 atque
613 3506 641 3562 in
653 3505 697 3562 his
707 3505 832 3561 omnibus
844 3519 924 3575 quam
940 3502 1036 3559 iontem
1047 3516 1077 3557 sc
1090 3502 1177 3557 humi·
1190 3489 1213 3554 C
1228 3501 1316 3559 valida
1332 3503 1514 3574 despectionis
1526 3505 1600 3561 calce
1613 3506 1780 3577 deprimebat
1792 3506 1885 3564 dicem
1896 3524 1903 3563 ι
1921 3525 1930 3560 r
1948 3507 2017 3563 Ero·

385 3591 465 3651 litate
479 3596 614 3651 servabat.
630 3592 716 3661 Quem
729 3593 802 3650 enim
813 3607 866 3649 non
882 3591 1039 3658 extolleret,
1055 3606 1103 3649 ora
1123 3591 1179 3649 leo·
1229 3608 1282 3667 que
1294 3592 1404 3653 humilis
1420 3594 1447 3651 in
1461 3595 1547 3652 oculis
1559 3595 1637 3652 meis.
1660 3611 1670 3649 ι

388 3700 453 3740 num
467 3682 604 3757 frangere,
622 3697 747 3740 ursorum
759 3683 871 3739 brachia
882 3682 1024 3754 dissipare,
1042 3678 1179 3753 despectis

387 3774 512 3847 pluribus
523 3773 652 3831 fratribus
662 3773 734 3846 eligi,
753 3772 898 3843 reprobato
912 3788 976 3844 repe
990 3772 1023 3827 ad
1040 3771 1117 3844 requi
1127 3786 1177 3844 gu-
1525 3732 1711 3836 CAPUUH·
1876 3774 1881 3780 ‘

387 3861 534 3952 eme
554 3864 630 3938 uis
649 3864 796 3922 nna
823 3864 938 3929 cuca
1025 3859 1177 3932 ohe
1229 3821 1872 3963 belensemattonitas
1889 3825 2017 3965 tcta

388 3953 456 4014 trau
470 3962 608 4023 semare,
623 3967 640 4015 a
654 3971 717 4028 reae
733 3955 870 4029 pronuba
888 3954 1015 4010 extinctis
1030 3951 1177 4025 nttopnym
1264 3961 1471 4035 piscacione
1491 3962 1665 4035 conponam
1688 3971 1764 4028 eser,
1786 3962 1833 4017 oss
1851 3934 2015 4033 plancam

389 4063 534 4106 numerosa
555 4045 687 4121 preputia
708 4055 865 4119 reportare,
885 4046 1047 4117 promissum
1067 4044 1177 4101 tandem
1263 4034 1425 4106 ditrocecle·

388 4155 501 4213 minum
510 4141 658 4213 percipere,
672 4137 1039 4209 lussllumbussifiillllfflffl
1049 4135 1179 4207 populum
1263 4143 1339 4217 (cn.
1352 4143 1414 4216 vta.)
1436 4162 1446 4196 ι
1466 4137 1579 4199 Factum
1601 4152 1642 4199 est
1655 4152 1815 4200 auternenm
1825 4141 1941 4200 sedisset
1961 4157 2009 4199 ren

387 4232 447 4289 ⁸1⁰0
461 4231 515 4289 ὼ
535 4230 746 4289 wnlrcdlcllocc
764 4219 919 4300 postlder'e?
943 4227 977 4284 El
1000 4236 1090 4283 lemen
1114 4241 1176 4282 cum
1230 4257 1240 4288 c
1263 4236 1290 4291 iu
1305 4232 1386 4293 domo
1399 4250 1458 4301 sua,
1471 4244 1498 4290 et
1512 4234 1642 4290 Dominus
1657 4234 1774 4290 dedisset
1786 4234 1810 4289 ei
1831 4234 1951 4305 requiem
1961 4250 2015 4291 un·

390 4338 481 4380 fflm
494 4322 543 4380 Del
557 4320 707 4379 lefflfflltlm
724 4327 850 4385 temeti,
873 4318 949 4390 (lucil
970 4317 1070 4374 oblilut
1082 4314 1178 4387 illaela·
1230 4344 1240 4379 r
1262 4326 1343 4398 dique
1355 4327 1389 4381 ab
1408 4324 1544 4382 universis
1557 4324 1673 4380 inimicis
1686 4325 1754 4390 suis,
1770 4324 1838 4378 dixit
1859 4323 1893 4378 ad
1905 4322 2014 4379 Nathan

387 4419 446 4470 lum
460 4428 490 4469 ὅθ
505 4412 647 4479 munibus,
664 4410 805 4481 ”liumus
818 4409 923 4482 il⁰i¹¹¹lis
935 4415 999 4463 ⁸⁰¹0
1014 4421 1106 4463 ’ΝΜ
1121 4405 1176 4461 ⁸²¹·
1230 4434 1240 4468 v
1261 4417 1420 4487 prophetam
1437 4429 1445 4470 t
1463 4413 1580 4470 videsne
1594 4415 1665 4484 quod
1680 4429 1730 4485 eqo
1749 4414 1870 4470 habitem
1886 4415 1913 4469 in
1933 4414 2015 4470 domo

388 4507 439 4563 ω·
463 4504 497 4559 m
508 4503 570 4575 qua
592 4517 684 4560 coram
704 4516 766 4558 arca
781 4501 896 4566 saltare,
912 4507 944 4554 ut
960 4499 1090 4563 ceditur,
1102 4496 1176 4568 vulsi
1230 4523 1240 4557 a
1262 4503 1381 4571 sanna,
1396 4511 1425 4561 et
1445 4519 1508 4559 are
1523 4504 1569 4559 ner
1586 4504 1674 4575 posia
1688 4504 1724 4558 sn
1738 4504 1765 4558 tn
1784 4504 1873 4559 meon
1885 4502 2015 4574 pellium!

387 4594 558 4661 tnosluerat,
580 4609 628 4650 rex
647 4607 678 4651 se
698 4593 726 4649 in
740 4593 830 4649 divino
843 4592 973 4663 obsequio
986 4601 1035 4661 per
1046 4589 1174 4646 saltatum
1229 4617 1239 4651 r
1262 4597 1387 4669 pisisque
1413 4595 1518 4652 Nathan
1543 4597 1577 4652 ad
1601 4610 1693 4665 regem
1711 4592 1816 4651 :Omne
1829 4596 1902 4667 quod
1924 4603 1967 4650 est
1985 4594 2015 4650 in

387 4692 470 4744 ¹⁰⁸³&
488 4686 562 4741 ΕΜ
571 4698 653 4754 quem
666 4682 796 4739 ⁰⁰¹¹¹ll¹¹¹⁸
807 4683 911 4738 cimelii
924 4679 1095 4752 Sillssulililssr
1107 4691 1177 4748 pm·
1229 4706 1239 4741 c
1261 4688 1343 4743 corde
1355 4695 1411 4753 tuo,
1422 4687 1502 4752 rade,
1515 4684 1775 4757 iae‚quiaDominns
1790 4693 1880 4740 tectam
1893 4693 1945 4740 est.
1961 4684 2016 4740 Fa-

389 4777 461 4845 tulit,
473 4791 504 4834 se
516 4791 624 4849 quoque
635 4775 685 4832 sub
696 4775 819 4841 homino,
834 4782 860 4830 et
870 4773 1035 4843 exaequando
1045 4770 1175 4832 minimis,
1231 4793 1240 4830 a
1262 4788 1337 4833 aum
1351 4784 1392 4833 est
1414 4785 1505 4833 surm
1525 4778 1554 4832 tn
1566 4784 1645 4832 1100oe
1659 4774 1714 4842 tha,
1729 4790 1793 4831 eoos
1804 4789 1896 4831 sermo
1906 4774 2015 4831 bomiri

388 4873 532 4944 etahjeete
543 4872 695 4929 exhibendo
711 4871 868 4927 contemnit.
886 4869 946 4925 Non
961 4876 1082 4939 potestas
1099 4867 1175 4938 requi
1188 4832 1215 4893 D
1230 4888 1240 4922 ι
1262 4869 1296 4924 ad
1309 4868 1427 4934 Nathan,
1444 4868 1536 4924 dicens
1555 4885 1562 4921 :
1580 4866 1654 4921 liade
1676 4872 1704 4921 et
1724 4865 1835 4934 loquere
1853 4861 1886 4918 ad
1905 4878 2014 4921 servum

388 4965 424 5020 ad
444 4964 603 5019 memoriam
628 4961 778 5027 reducitur,
802 4976 855 5015 non
880 4958 1062 5031 subiectorum
1089 4959 1176 5015 oculis
1228 4974 1351 5014 «meum
1375 4957 1470 5013 David.
1492 4956 1556 5013 llaec
1579 4956 1645 5012 dicit
1668 4956 1798 5011 Dominus
1815 4972 1822 5009 :
1837 4954 1964 5024 Nunquid
1986 4963 2015 5009 tu

386 5055 509 5114 saltando
522 5053 653 5111 vilescere
675 5052 778 5119 metuit,
803 5066 856 5108 non
876 5066 906 5108 se
920 5049 1174 5120 honorepraelatnm
1229 5068 1239 5101 a
1260 5047 1406 5104 ediccahis
1427 5047 1494 5102 mibi
1515 5045 1624 5101 domum
1641 5044 1676 5100 ad
1699 5043 1897 5100 habitandum!
1922 5042 2015 5112 Neque

387 5147 493 5204 ceteris
505 5153 568 5202 aute
579 5143 639 5217 ep'us
653 5157 755 5211 aream,
766 5141 814 5215 qni
826 5143 956 5199 honorem
967 5139 1089 5207 dederat,
1102 5155 1176 5196 reco-
1229 5156 1239 5190 ι
1260 5138 1333 5194 enlm
1346 5137 1464 5192 habitavi
1473 5137 1501 5192 in
1514 5137 1634 5192 damoex
1644 5135 1688 5191 dle
1699 5149 1752 5205 qua
1761 5134 1842 5189 eduxi
1855 5132 2016 5190 tilloslsracl

387 5236 504 5310 quescit.
517 5234 615 5294 Coram
630 5231 687 5291 lico
697 5234 754 5307 epit
765 5232 863 5290 debilia
875 5232 918 5289 vel
934 5238 1067 5297 extrema,
1086 5239 1116 5287 ut
1129 5230 1174 5286 illa
1229 5247 1239 5281 r
1260 5230 1293 5286 de
1307 5237 1379 5285 terra
1391 5227 1514 5300 mmo,
1525 5242 1611 5297 usque
1626 5227 1652 5283 in
1665 5225 1736 5281 diem
1752 5226 1833 5290 hane,
1853 5226 1901 5280 md
1915 5225 2013 5281 ambu-

387 5343 423 5386 ex
434 5323 584 5383 humilitate
597 5324 735 5390 solidaret,
746 5337 806 5397 que
816 5340 906 5381 coram
919 5322 1074 5380 bominibus
1084 5337 1175 5394 pesse·
1228 5338 1238 5373 a
1262 5320 1350 5376 labam
1371 5321 1400 5374 in
1412 5317 1587 5374 tabernaculo
1610 5325 1638 5373 et
1661 5317 1689 5372 in
1707 5315 1823 5371 catomo
1844 5329 1895 5386 per
1915 5324 2015 5372 cuncta

388 5423 433 5476 rat
452 5412 542 5475 lortia.
567 5414 637 5485 Quid
662 5413 771 5483 deeius
792 5411 871 5470 iactb
895 5412 929 5468 ab
952 5411 1013 5467 aliis
1030 5411 1174 5477 sentiatur,
1228 5410 1331 5475 aben,
1352 5424 1413 5481 que
1436 5407 1549 5463 transiri
1572 5422 1634 5463 cum
1659 5407 1784 5462 omnibus
1809 5404 1872 5459 liliis
1892 5402 2012 5467 lsrael.»

388 5501 493 5582 iqnmo.
513 5501 570 5579 ligo
589 5501 673 5561 David
687 5503 830 5561 saltantem
843 5503 904 5573 plus
919 5509 1014 5575 stupeo
1031 5517 1112 5573 quam
1125 5515 1176 5572 pu-
1225 5513 1279 5560 etc.
1303 5501 1379 5571 Quod
1405 5499 1542 5570 Propheta
1568 5500 1750 5571 interrogatus
1776 5512 1792 5552 a
1820 5511 1883 5567 repe
1903 5510 2015 5563 respon·

389 5605 526 5674 quantem.
552 5595 699 5670 Pugnando
717 5596 816 5668 quippe
836 5594 942 5651 hostem
964 5592 1099 5658 subdidit,
1120 5591 1176 5649 sal·
1226 5594 1265 5650 dit
1279 5606 1287 5647 r
1304 5611 1314 5645 ι
1330 5592 1426 5658 Omne,
1440 5591 1512 5662 quod
1522 5599 1563 5647 est
1578 5591 1607 5648 in
1618 5588 1701 5646 eorde
1713 5599 1769 5656 tuo,
1785 5590 1861 5651 rade,
1878 5585 1938 5649 lac;
1962 5593 2014 5641 ret

388 5688 470 5746 modu
479 5694 570 5745 autem
583 5700 674 5744 coram
687 5686 802 5742 Domino
813 5686 988 5755 semetipsum
998 5683 1074 5740 vicit.
1089 5682 1175 5751 Quem
1227 5693 1320 5757 postea
1333 5700 1349 5739 a
1371 5684 1485 5740 ὓοιιιίιιο
1503 5683 1657 5739 admonitus
1672 5670 1766 5736 eadem
1791 5677 1931 5749 prohibuit
1955 5690 2016 5745 quae

388 5774 487 5840 ltichut
501 5780 555 5837 iilia
568 5777 634 5836 Saul
648 5777 737 5834 adhuc
753 5793 787 5834 ea
805 5785 909 5834 tumore
923 5777 990 5848 regii
1005 5776 1112 5848 pcnerls
1132 5775 1173 5831 in·
1228 5780 1291 5829 ante
1309 5771 1453 5836 concessit,
1476 5778 1552 5841 patet
1571 5768 1706 5840 prolecto,
1719 5768 1792 5838 qnod
1803 5765 1951 5838 prophetiae
1961 5762 2017 5832 spi·

390 5887 467 5941 tana,
480 5888 541 5931 cum
560 5869 740 5928 humilitatem
760 5868 911 5940 despiceret
930 5869 1022 5925 diceus
1038 5886 1046 5923 ε
1064 5885 1074 5920 a
1089 5868 1176 5936 Quam
1227 5862 1491 5933 ritusprophetarum
1502 5868 1607 5916 mentes
1616 5873 1671 5913 non
1684 5856 1927 5928 semperirradiat,
1938 5854 2015 5924 quia,

392 5982 403 6017 a
425 5962 560 6037 gloriosus
576 5960 628 6018 luit
649 5960 730 6018 bodie
751 5971 799 6017 rex
819 5958 901 6015 lsrael
924 5957 1124 6031 discooperiens
1145 5973 1176 6015 se
1228 5955 1298 6011 sicut
1311 5955 1344 6011 de
1358 5953 1461 6026 Spiritu
1472 5960 1567 6007 sancto
1576 5950 1706 6021 scripturn
1720 5959 1782 6004 est:
1799 5947 1868 6002 rubi
1880 5944 1948 6008 vult,
1959 5941 2017 6013 spi·

395 6061 490 6112 canu
505 6051 617 6111 ancillas
634 6064 773 6109 serv'omm
795 6061 917 6117 suorum,
937 6057 965 6106 ct
985 6047 1102 6106 nudatas
1121 6056 1174 6117 est,
1229 6053 1272 6104 rat
1288 6044 1379 6120 (lora.
1394 6043 1447 6118 nr).
1465 6061 1475 6097 ι
1496 6042 1565 6100 ilinc
1579 6039 1709 6098 estcnim
1731 6036 1804 6112 qood
1818 6037 1931 6095 illisam
1950 6047 2013 6091 eunt
