4709 6767
360 626 424 680 tall

785 624 962 681 COMMENT.
984 627 1017 681 ΙΝ
1038 624 1343 682 nectusrnsttcun.
1364 654 1395 663 —
1418 624 1483 678 Llll.
1505 622 1571 679 l'll'r.

1925 633 1992 689 llllss

355 738 436 810 primi
449 734 566 791 bominis
579 734 696 804 lapsum,
710 736 755 805 qni
771 748 984 808 presumptuose
1004 748 1154 807 transgrcs·
1167 739 1192 797 Α
1206 736 1296 805 populi
1317 735 1374 797 bei,
1391 736 1563 805 postmodum
1590 735 1655 787 frain
1680 734 1777 791 fratres
1793 746 1821 792 et
1841 747 1994 800 conmeatus

355 845 403 884 sns
417 838 458 883 est
474 828 599 881 mandata
617 828 684 889 Dei;
706 829 777 882 unde
798 837 853 883 tam
869 831 919 883 sibl
933 846 1012 897 <prmo
1028 830 1153 882 universo

354 919 448 988 generi
461 917 649 971 suoeonscixit
664 916 771 978 omnam
782 919 868 973 exsilii
879 920 1018 981 etmortis,
1031 919 1115 972 ‹loaee
1127 918 1152 971 ln

355 1018 479 1063 extremo
491 1022 616 1059 examine
629 1007 709 1074 pulex
722 1008 843 1062 uixmum
855 1019 882 1062 et
894 1018 1061 1062 mortuorum
1074 1008 1154 1061 faciet

354 1100 487 1171 judicium
507 1098 594 1167 plebis
610 1114 675 1160 arne,
691 1107 719 1151 et
733 1098 879 1153 oblectabit
890 1098 979 1167 justos
1000 1100 1153 1152 nriscrieor-

356 1191 474 1251 diosna,
491 1187 656 1242 transferens
676 1188 784 1243 illosad
809 1204 919 1259 regnum
941 1191 1036 1260 patris,
1058 1190 1104 1244 ubi
1125 1190 1152 1242 in

357 1281 584 1350 contemplatione
597 1280 686 1334 miltus
698 1283 739 1335 sui
752 1283 831 1337 beate
844 1284 965 1337 niventes
977 1282 1153 1336 delectatione

356 1372 483 1427 fruentur
498 1381 637 1441 perpetua.

667 1479 780 1535 capul
796 1482 838 1533 l'l.

413 1570 566 1641 Deprecatio
580 1570 615 1623 od
631 1571 714 1622 Oeam
725 1580 749 1622 et
763 1569 820 1624 laris
836 1572 1024 1624 misericordie
1037 1570 1094 1624 bet.

399 1700 408 1733 ι
431 1681 559 1751 Speciosa
572 1678 760 1735 misericordia
788 1681 832 1734 llci
861 1681 1019 1750 intempore
1041 1681 1152 1735 tribula-

363 1792 372 1824 ι
395 1773 487 1836 tionis,
502 1771 578 1839 quasi
594 1772 679 1825 nubes
692 1771 789 1839 pluviae
803 1771 828 1824 in
846 1780 966 1839 tempore
981 1772 1121 1825 siccitatis.
1140 1794 1148 1825 r

360 1862 438 1917 Sient
452 1863 611 1930 intempore
625 1862 757 1915 siccitatis
777 1862 860 1916 nubes
880 1862 996 1931 pluviam
1013 1871 1092 1916 terrm
1103 1879 1152 1933 op-

352 1948 504 2023 portunam
520 1952 635 2017 confert,
649 1952 688 2006 sic
700 1961 727 2006 et
740 1954 923 2006 misericordia
935 1953 982 2007 llei
999 1955 1152 2008 necessario

360 2042 486 2096 immane
500 2043 620 2096 occurrit
639 2041 792 2096 infirmitati
810 2044 836 2096 in
861 2052 981 2112 tempore
998 2045 1190 2138 tribulatio·B

361 2135 414 2197 nis,
435 2135 497 2203 quia
522 2134 571 2188 soli
599 2134 635 2188 illi
664 2136 795 2204 competit
821 2150 903 2204 opere
930 2152 980 2190 suo
1005 2138 1152 2193 multifario

361 2226 487 2280 conferre
513 2240 592 2293 opcm
606 2226 790 2281 miserationis
806 2229 919 2291 sareda
944 2245 998 2299 qno
1021 2231 1152 2299 scriptum

360 2329 421 2373 est:
440 2318 561 2372 «Suavis
586 2320 714 2373 Dominus
739 2320 884 2385 universis,
912 2330 939 2376 ct
964 2324 1152 2379 miserationes

361 2414 420 2482 ejus
433 2413 612 2484 superomnia
626 2428 708 2480 opera
721 2411 778 2480 ejus
789 2410 876 2482 (Paul.
893 2414 992 2469 cxxxvl.

660 2522 774 2579 CAPUT
798 2524 854 2578 llll.

624 2610 716 2666 Oratio
737 2612 888 2685 Sapientiae.

398 2720 472 2793 (Car.
489 2722 592 2793 xxxvi.)
611 2742 620 2772 ι
638 2722 766 2778 Miserere
780 2726 875 2790 nostri,
889 2725 961 2780 Deus
980 2728 1112 2794 omnium,
1124 2737 1152 2785 et

363 2833 372 2863 ι
395 2815 498 2882 respice
510 2829 570 2877 nos,
587 2821 613 2867 ct
627 2815 740 2868 ostende
756 2815 832 2868 nobis
844 2815 930 2870 lacem
946 2818 1151 2874 miserationum

364 2926 373 2956 ι
394 2914 521 2970 tuarum;
538 2916 565 2959 ct
579 2906 694 2960 immitte
721 2906 846 2960 timorem
868 2916 943 2963 tuum
964 2922 1152 2980 supergeutes

363 3015 372 3045 ι
393 3011 453 3065 que
476 3012 529 3049 non
544 2995 730 3064 exquisierant
745 3005 782 3061 te,
798 3005 825 3049 et
839 3007 1005 3067 cognoscant
1023 3002 1151 3069 quianon

363 3103 372 3136 ι
393 3094 434 3139 ιιι
450 3086 520 3139 lleas
536 3086 586 3139 nisi
604 3094 642 3150 tu,
672 3094 701 3138 at
715 3096 843 3140 enarrent
863 3088 997 3155 magnalia
1014 3097 1069 3142 tua.
1085 3109 1094 3141 ι
1112 3089 1151 3143 Ex

359 3192 476 3247 persona
505 3175 623 3230 fidelium
649 3177 780 3246 sapientia
813 3177 904 3248 dirigit
940 3181 1093 3235 orationem
1117 3180 1151 3235 ad

360 3268 457 3331 Deum,
471 3275 501 3320 ut
513 3267 623 3320 dextera
653 3282 708 3320 snae
732 3268 860 3335 potentiae
885 3268 1011 3351 defendat
1038 3271 1109 3337 illos,
1124 3281 1151 3326 ct

360 3355 480 3413 inimicis
505 3358 561 3410 suis
583 3356 678 3411 reddat
695 3359 900 3413 retributionem
920 3360 1000 3430 justae
1013 3361 1149 3429 uindictae,

1206 826 1281 895 regni
1299 824 1428 878 coelestis.

1243 916 1372 968 ‹limoua
1400 915 1485 984 signa,
1511 924 1538 968 et
1556 924 1668 969 animata
1695 917 1839 972 mirabilia.
1868 920 1994 976 Gloriflca

1208 1024 1218 1055 ι
1237 1022 1346 1059 manum
1366 1016 1394 1060 et
1416 1006 1555 1060 brachium
1579 1008 1715 1061 dextrum.
1741 1007 1836 1062 Excita
1861 1009 1993 1077 furorem,

1208 1115 1217 1148 ι
1236 1108 1263 1151 ιι
1278 1097 1384 1151 effunde
1407 1098 1485 1151 iram.
1503 1098 1577 1151 Tolle
1592 1099 1789 1165 adversarium,
1803 1109 1830 1153 et
1841 1099 1929 1168 alllige
1944 1102 1995 1156 ini-

1208 1190 1347 1242 ‹micnm
1373 1189 1482 1243 festina
1513 1197 1628 1259 tempus.
1658 1200 1685 1245 et
1709 1201 1844 1246 memento
1866 1191 1938 1257 farris,
1966 1202 1995 1247 ut

1208 1298 1217 1330 ι
1236 1289 1366 1334 enarrent
1380 1280 1515 1334 mirabilia
1537 1290 1594 1334 tna.
1613 1302 1622 1333 r
1640 1281 1696 1335 lloc
1713 1292 1772 1336 urat
1786 1291 1817 1336 ut
1832 1284 1921 1337 dixina
1935 1298 1993 1336 ma-

1201 1370 1285 1437 jestas
1311 1387 1359 1440 per
1381 1387 1491 1424 manum
1507 1382 1533 1426 et
1545 1373 1685 1426 brachium
1714 1374 1848 1437 dextrum,
1875 1375 1926 1427 boe
1939 1382 1990 1434 est,

1205 1463 1347 1516 llonrinum
1370 1463 1505 1517 Christum
1533 1465 1663 1518 miracula
1687 1481 1746 1534 qum
1761 1466 1910 1536 antiquitus
1935 1464 1996 1521 fue-

1206 1563 1268 1605 runt
1294 1551 1362 1605 facta
1389 1553 1498 1606 innovet
1525 1555 1691 1622 temporibus
1713 1557 1815 1624 gratim,
1841 1557 1954 1610 ntidem
1969 1567 1995 1611 rt

1205 1658 1273 1696 unus
1289 1642 1356 1712 legis
1372 1645 1472 1698 veteris
1486 1653 1512 1699 et
1536 1661 1612 1699 norae
1638 1646 1806 1716 intedigatur
1828 1662 1888 1701 esse
1911 1649 1992 1714 Dens,

1205 1733 1339 1787 mediator
1355 1734 1480 1788 uidelicet
1503 1736 1550 1790 Dei
1568 1737 1761 1806 borninumqne
1775 1738 1857 1791 bomo
1870 1737 1995 1793 Christus

1204 1819 1292 1886 lesus,
1306 1824 1351 1891 qui
1365 1839 1426 1877 eum
1443 1825 1523 1877 Patre
1534 1832 1562 1877 ct
1576 1825 1678 1892 Spiritu
1694 1834 1789 1879 sancto
1803 1834 1867 1880 tune
1882 1836 1909 1880 ct
1925 1843 1995 1882 trane

1206 1911 1270 1965 facit
1281 1914 1417 1967 mirabilia
1432 1915 1517 1969 solus.
1534 1915 1611 1981 Quod
1626 1924 1716 1969 autern
1743 1917 1861 1986 postulat
1874 1920 1995 1973 excitare

1206 2000 1325 2056 furorem
1337 2012 1365 2056 ιι
1376 2003 1515 2058 effundere
1532 2005 1612 2068 iram,
1625 2015 1655 2059 ut
1666 2006 1812 2059 extollatur
1824 2007 1995 2063 adversarius

1205 2098 1232 2146 et
1248 2090 1382 2161 aflligatnr
1393 2093 1530 2157 inimicas,
1545 2096 1596 2148 huc
1609 2096 1763 2164 significare
1787 2098 1853 2159 uult,
1869 2100 1940 2166 qtrod
1951 2114 1995 2152 ne-

1204 2181 1323 2235 cessario
1346 2196 1395 2249 per
1408 2181 1552 2236 adrentum
1576 2183 1676 2237 Christi
1701 2183 1823 2238 anfcrtnr
1843 2186 1995 2242 diabulnsa

1204 2275 1331 2328 cordibus
1358 2274 1517 2336 infidelium,
1545 2291 1578 2330 ne
1601 2277 1702 2331 diutins
1719 2293 1767 2333 eus
1782 2278 1808 2332 in
1821 2295 1914 2336 errore
1925 2289 1953 2336 ct
1967 2282 1994 2336 in

1205 2363 1356 2417 idololatria
1373 2374 1464 2419 teneat
1491 2367 1621 2435 captivos,
1648 2368 1719 2436 quod
1742 2371 1845 2440 etipse
1872 2371 1996 2427 Salvator

1204 2454 1230 2507 ia
1246 2453 1392 2523 Evangelio
1404 2456 1547 2524 expressit,
1563 2458 1677 2511 dicens:
1696 2477 1704 2508 r
1723 2458 1790 2512 Cum
1809 2459 1887 2515 fortis
1903 2477 1995 2516 arma-

1205 2552 1247 2599 tus
1260 2544 1377 2599 custodit
1391 2546 1491 2599 atrium
1512 2561 1602 2611 suum,
1617 2549 1643 2601 in
1658 2563 1725 2618 pare
1737 2559 1800 2604 sunt
1810 2566 1840 2605 ea
1853 2566 1914 2620 qliae
1933 2568 1992 2621 pos·

1203 2636 1282 2691 sidet.
1298 2635 1326 2690 Si
1340 2647 1430 2691 autem
1446 2637 1541 2693 fortier
1554 2639 1599 2692 illo
1612 2642 1805 2709 superveniens
1819 2642 1992 2704 riceritenm,

1204 2727 1329 2782 universa
1345 2742 1419 2781 arma
1446 2729 1504 2798 ejus
1520 2728 1609 2783 artfert
1624 2730 1649 2783 in
1667 2730 1765 2799 quibus
1788 2731 1952 2795 confidebat,
1968 2743 1994 2787 et

1204 2817 1288 2887 spolia
1300 2816 1357 2884 ejus
1372 2819 1509 2873 distribuit
1524 2819 1600 2888 (Luc.
1617 2818 1666 2889 xx).
1686 2840 1695 2872 ι
1712 2820 1759 2875 llle
1773 2830 1815 2875 est
1828 2822 1899 2876 enim
1914 2837 1995 2877 verus

1205 2910 1329 2964 inimicus
1350 2919 1378 2963 ct
1390 2911 1477 2964 hostis
1502 2911 1591 2980 populi
1606 2910 1665 2975 Dei,
1693 2927 1774 2981 super
1786 2928 1866 2981 quem
1892 2914 1932 2967 ira
1948 2914 1995 2968 bet

1204 2996 1355 3052 effundetur
1370 3014 1454 3068 usque
1469 3001 1502 3054 ad
1523 3000 1613 3060 daem,
1643 3016 1692 3055 nec
1705 3011 1747 3056 est
1771 3002 1900 3057 sanabilis
1916 3004 1994 3072 plaga

1202 3088 1271 3157 ejus.
1286 3087 1362 3153 Quod
1387 3097 1477 3143 antem
1494 3088 1579 3142 dicit:
1596 3107 1604 3139 ι
1624 3089 1731 3144 Festina
1754 3099 1868 3162 tempus,
1884 3102 1910 3147 ct
1936 3109 1994 3148 me-

1204 3187 1295 3232 mento
1315 3178 1395 3233 fmis:
1416 3199 1424 3231 ι
1444 3180 1495 3233 boc
1510 3188 1561 3244 est,
1577 3180 1649 3248 quod
1671 3180 1806 3249 Propheta
1830 3183 1857 3235 io
1881 3182 1995 3237 Psalmis

1203 3272 1237 3325 ad
1253 3272 1336 3326 Deum
1347 3272 1404 3325 ait:
1423 3289 1431 3321 ι
1451 3271 1490 3325 Τιι
1511 3286 1670 3341 exsurgens,
1683 3271 1807 3336 Domine,
1824 3274 1995 3328 misereberis

1204 3363 1281 3428 Sion,
1294 3363 1357 3431 quia
1371 3363 1446 3418 verrit
1459 3371 1563 3431 tempus
1579 3364 1725 3417 miserendi
1737 3364 1796 3432 eius
1812 3359 1901 3434 (Psoi.
1916 3364 1963 3435 cr).
1981 3384 1990 3415 ι

360 3457 496 3516 quatenus
519 3462 568 3516 pcr
583 3448 654 3502 bane
671 3446 744 3519 digni
771 3451 888 3519 correpti
904 3462 1052 3520 agnoscant
1067 3470 1149 3509 unum
1164 3425 1188 3490 C
1203 3453 1260 3508 lloc
1275 3463 1345 3517 orat,
1362 3461 1391 3506 ut
1412 3453 1476 3521 quia
1506 3460 1612 3521 tempus
1638 3462 1679 3507 est
1701 3452 1856 3507 novissimae
1870 3455 1953 3517 horae,
1968 3461 1996 3506 et

360 3552 456 3591 verum
471 3536 567 3602 Derion,
583 3540 781 3594 ctdescrcntes
809 3540 879 3595 idola
905 3540 984 3607 falsa,
1010 3543 1062 3597 soli
1089 3560 1152 3601 rero

361 3634 418 3688 beo
429 3632 575 3687 exhibeant
588 3634 688 3688 cultum
703 3636 753 3705 piat
771 3636 918 3707 religionis.
935 3639 1089 3696 Notandum
1103 3658 1152 3695 au-

361 3733 416 3779 tem
431 3726 502 3794 quod
518 3727 605 3780 sancti
621 3727 682 3791 uiri,
699 3732 807 3799 quarndo
821 3731 946 3786 videntur
964 3733 991 3788 in
1002 3735 1083 3789 dictis
1097 3738 1153 3790 suis

359 3829 443 3869 orare
470 3824 564 3869 contra
586 3818 756 3874 adversarius
783 3835 855 3881 suos,
874 3831 920 3876 aut
938 3823 989 3878 boc
1004 3824 1151 3893 deprecan-

359 3914 416 3968 tur,
437 3913 465 3957 ιιι
480 3904 545 3973 ipsis
557 3903 670 3977 flagellis
685 3910 785 3964 eruditi
809 3911 937 3966 deserant
963 3915 1110 3969 vanitatem
1125 3925 1153 3969 et

357 3993 456 4047 sordes
470 4004 654 4063 peccatorum,
669 4006 696 4051 ct
710 4008 905 4055 convertantur
915 4002 948 4057 ad
959 4011 1061 4057 rectam
1072 4004 1153 4059 ddcm

358 4091 386 4137 et
404 4097 486 4152 opera
505 4086 633 4153 pietatis;
655 4096 702 4141 aut
727 4090 780 4143 boc
808 4092 847 4145 eis
873 4092 1031 4161 prophetico
1053 4095 1152 4163 praedi-

359 4182 427 4226 cunt
439 4174 545 4243 spiritu,
562 4177 634 4245 quod
649 4179 714 4248 ipsis
728 4180 841 4235 omnino
857 4181 883 4235 in
911 4184 1008 4237 merita
1034 4184 1151 4239 vindicta

359 4274 471 4321 constat
485 4282 544 4324 esse
564 4268 693 4325 futurum.
711 4271 777 4327 Orat
792 4275 865 4327 enim
888 4275 1006 4330 Ecclesia
1023 4292 1072 4346 pro
1087 4292 1150 4345 per-

358 4357 531 4412 secutoribus
543 4361 606 4421 suis.
624 4372 654 4415 ut
668 4364 718 4433 ipsi
731 4373 923 4419 convertantur
938 4367 971 4421 ab
983 4382 1076 4420 errore
1092 4381 1149 4433 sno,

336 4440 339 4447 ’
356 4456 387 4503 ιι
416 4457 497 4517 agant
519 4451 706 4519 paenitentiam
732 4455 898 4525 depereatis
918 4457 983 4509 suia.
1007 4455 1151 4510 Odeside-

357 4548 431 4601 rium
444 4558 545 4602 sanctae
558 4546 656 4602 mentis
671 4546 817 4600 eximium!
845 4546 911 4613 Quis
935 4548 1007 4600 eninr
1023 4547 1049 4600 in
1070 4562 1150 4601 cansa

356 4654 407 4693 sua
424 4637 539 4707 amplius
554 4647 645 4706 petere
670 4639 767 4707 potuit,
782 4653 864 4705 oriam
892 4639 943 4692 ista
961 4654 1010 4707 pro
1034 4639 1151 4693 inimicis

1204 3544 1267 3599 finis
1280 3544 1373 3599 mundi
1384 3543 1592 3613 appropinquat,
1608 3544 1699 3596 veniat
1711 3543 1755 3596 ille
1776 3544 1822 3611 qni
1845 3545 1995 3612 promissus

1203 3644 1254 3699 est,
1283 3618 1311 3688 et
1333 3634 1493 3688 misereatur
1520 3634 1640 3686 humano
1672 3633 1776 3703 generi,
1805 3633 1867 3702 quia
1885 3633 1943 3703 ipse
1954 3642 1996 3688 est

1203 3729 1371 3799 exspectatio
1385 3728 1514 3796 gentium.

1242 3839 1251 3873 ι
1271 3821 1301 3874 ln
1326 3821 1366 3873 ira
1380 3819 1496 3873 flammas
1520 3819 1667 3874 devoretur
1694 3818 1739 3887 qul
1762 3818 1891 3880 salvatur,
1908 3820 1995 3887 etqui

1206 3930 1216 3961 r
1234 3912 1383 3982 pessimant
1399 3908 1503 3979 plebem
1519 3918 1604 3971 tuam,
1622 3907 1762 3962 inveniant
1777 3908 1967 3977 perditionem.
1983 3929 1993 3961 ι

1203 4002 1260 4057 lloe
1271 4001 1404 4071 praedicit,
1417 3999 1490 4067 quod
1503 3999 1530 4052 bi
1548 3999 1594 4067 qui
1607 4004 1699 4051 amant
1713 3997 1817 4050 animas
1827 4011 1891 4051 suas
1905 3998 1931 4051 in
1948 4013 1995 4052 vo-

1203 4096 1304 4164 luptatc
1318 4094 1379 4147 ritae
1391 4092 1478 4154 istius,
1497 4106 1546 4144 nec
1567 4103 1614 4145 eas
1633 4104 1682 4158 pro
1697 4088 1806 4143 Christe
1828 4102 1929 4158 ponere
1944 4103 1993 4143 vo·

1204 4187 1271 4248 lant,
1285 4187 1339 4239 imo
1351 4190 1552 4253 persequuntur
1577 4180 1681 4250 plebem
1698 4180 1872 4245 catholicam,
1886 4189 1913 4235 et
1927 4179 1995 4234 dde-

1203 4281 1242 4334 les
1257 4278 1304 4333 Dei
1318 4276 1495 4331 internecioni
1522 4273 1641 4337 traduat,
1658 4274 1684 4326 in
1701 4272 1741 4326 ira
1757 4271 1873 4325 dannnae
1897 4271 1995 4326 futurae

1203 4370 1378 4431 devorentur,
1392 4374 1420 4420 ιι
1431 4378 1559 4420 aeternam
1576 4364 1602 4418 in
1624 4365 1686 4434 igne
1705 4363 1835 4433 gehennae
1856 4362 1995 4416 inveniant

1203 4459 1393 4529 perditionem.

1243 4568 1251 4599 ι
1269 4549 1384 4603 Contere
1400 4556 1481 4616 caput
1495 4545 1646 4614 principum
1663 4543 1832 4597 inimicorum
1848 4542 1994 4596 dicentium

1207 4660 1216 4692 ι
1235 4657 1287 4695 non
1302 4651 1343 4694 est
1355 4640 1424 4693 alius
1438 4647 1536 4706 praeter
1551 4652 1610 4690 nos.
1628 4654 1637 4687 r
1655 4633 1741 4703 Caput
1753 4634 1874 4687 oxnnium
1889 4633 1995 4701 inirpm·

356 4729 416 4784 suis
440 4730 581 4784 acerrimis
605 4728 772 4798 postulavit?
786 4729 889 4782 Talium
910 4729 1000 4798 imque
1022 4730 1190 4828 llominasD
1208 4747 1267 4785 rum
1289 4738 1317 4785 et
1331 4728 1486 4790 infidelium,
1504 4726 1626 4780 diabolus
1643 4736 1695 4779 est.
1720 4723 1775 4777 lloc
1803 4733 1880 4792 rogat
1900 4722 1993 4803 Eccle-

357 4819 516 4885 miseretnr,
540 4822 584 4890 qui
602 4822 797 4876 misericordiae
825 4833 960 4876 momenta
989 4837 1041 4876 nou
1066 4822 1151 4892 negli-

354 4918 438 4981 gunt,
449 4911 520 4965 sieut
533 4912 559 4964 in
575 4912 721 4981 Evangelio
749 4913 878 4981 scriptum
894 4922 935 4967 est
951 4932 957 4965 ;
976 4932 985 4962 ι
1004 4914 1077 4967 Beati
1101 4915 1151 4967 mi-

355 5002 522 5065 sericordes,
541 5006 668 5075 <proniani
685 5006 737 5074 ipsi
751 5004 970 5060 misericordiam
984 5020 1151 5075 consequeu-

356 5103 404 5148 lur
419 5092 526 5165 (Mittit.
542 5097 579 5166 v).
603 5115 612 5147 r

348 5250 349 5253 Ἴ
397 5204 407 5235 ι
425 5185 519 5239 Allexa
539 5203 648 5242 manum
675 5196 748 5242 tuam
765 5204 846 5257 snper
871 5196 966 5258 gentes
992 5188 1105 5252 alienas,
1121 5198 1150 5241 ut

358 5293 368 5326 ι
388 5274 501 5329 rideant
519 5279 665 5346 potentiam
691 5286 774 5331 tuam.
794 5278 870 5332 Sicut
896 5279 968 5331 enim
987 5279 1012 5332 in
1031 5293 1148 5347 conspe·

358 5387 369 5417 ι
391 5375 437 5419 ctu
448 5382 540 5421 eurum
554 5370 737 5424 sarrctifrcatus
751 5385 781 5423 es
802 5368 927 5431 innubis
945 5369 985 5423 sic
999 5370 1026 5423 in
1037 5384 1152 5437 currspe-

358 5479 369 5509 ι
389 5467 434 5515 ctu
447 5468 540 5513 nostro
562 5460 778 5531 rrragnifrcaberis
794 5462 820 5513 in
836 5460 889 5514 illis
905 5478 911 5512 z
933 5469 963 5513 ut
987 5468 1152 5530 cognoscant

359 5571 368 5603 ι
391 5559 419 5605 ιι
431 5552 539 5605 sicutet
553 5567 602 5606 nos
615 5553 800 5622 eognovimus,
816 5553 946 5621 quoniam
960 5568 1012 5607 non
1026 5562 1067 5606 cst
1079 5552 1151 5606 fleus

359 5664 368 5694 ι
390 5651 491 5712 praeter
506 5653 540 5705 te,
563 5643 685 5715 floridae.
708 5664 717 5694 r
742 5643 844 5698 Gentes
858 5643 1148 5705 alienmsuntctlmici‚

356 5734 471 5807 quidde
486 5747 513 5791 ct
531 5737 603 5791 cultu
618 5754 632 5791 a
649 5736 802 5791 Christiana
821 5736 951 5806 religione
979 5746 1042 5790 sunt
1058 5736 1149 5789 alieni.

356 5826 466 5881 Allevat
493 5828 566 5881 enim
594 5828 723 5880 bolislaus
750 5841 830 5896 super
853 5841 900 5881 eas
926 5842 1035 5879 manum
1062 5841 1150 5890 suam,

356 5921 469 5989 girando
492 5935 540 5976 eas
553 5920 744 5991 predicatione
766 5920 945 5975 eturiraeulis
969 5920 1101 5974 convertit
1117 5919 1151 5972 ad

359 6012 455 6077 tidem,
466 6020 496 6067 ut
508 6013 555 6084 q'ui
568 6012 644 6083 prius
671 6011 782 6068 fuerunt
798 6012 901 6069 inimici
923 6019 950 6067 et
962 6018 1151 6081 persecutores

1203 4825 1253 4888 sia,
1277 4832 1307 4876 nt
1322 4823 1378 4891 ipse
1393 4828 1561 4883 conteratur,
1586 4818 1633 4886 qui
1646 4816 1772 4886 princeps
1791 4823 1833 4870 est
1847 4815 1926 4868 istius
1943 4829 1995 4868 sa·
2022 4813 2025 4818 ’

1201 4917 1265 4980 culi,
1281 4924 1309 4970 et
1323 4913 1477 4968 idololatras
1492 4911 1593 4965 excitat
1607 4909 1632 4963 in
1645 4908 1849 4978 persecutiones
1863 4904 1995 4959 Clrristia·

1203 5025 1310 5071 uorum,
1339 5008 1479 5061 dicentes:
1501 5024 1510 5056 ι
1531 5004 1589 5058 Non
1611 5011 1654 5056 est
1678 5001 1747 5054 alius
1772 5006 1871 5069 prmtrr
1893 5013 1991 5051 nos:x

1201 5101 1266 5170 qnia
1290 5115 1319 5153 se
1338 5097 1410 5152 solos
1425 5098 1452 5149 in
1476 5097 1577 5150 mundo
1599 5094 1765 5147 arbitrantur
1784 5090 1930 5152 dominari,
1946 5102 1995 5143 nec

1201 5191 1296 5258 subjici
1311 5190 1402 5243 volunt
1419 5198 1528 5242 aeterum
1540 5187 1585 5239 llei
1600 5184 1738 5255 potestati.

1241 5300 1250 5332 ι
1272 5282 1411 5349 congrega
1443 5292 1537 5331 onmes
1563 5276 1651 5331 tribus
1679 5272 1773 5338 Jacob,
1788 5283 1818 5326 ut
1832 5278 1995 5340 cognoscant

1206 5391 1215 5423 ι
1234 5371 1297 5439 quia
1319 5385 1373 5423 uon
1394 5376 1436 5423 est
1451 5366 1523 5421 Deus
1539 5366 1592 5420 nisi
1620 5374 1658 5429 tn,
1673 5375 1703 5417 ut
1715 5370 1845 5418 enarrent
1862 5360 1994 5431 magnalia

1206 5470 1290 5523 «tua,
1318 5467 1347 5513 et
1369 5457 1541 5512 hereditabis
1567 5470 1615 5510 eos
1640 5455 1712 5508 sicut
1727 5454 1762 5507 ab
1790 5452 1876 5506 initio.
1896 5472 1905 5502 r
1922 5451 1994 5504 l’ost·

1203 5568 1285 5623 quarn
1300 5551 1450 5606 orationem
1474 5548 1593 5619 explerit
1607 5556 1701 5602 contra
1719 5554 1885 5616 peccatores,
1900 5552 1927 5595 ct
1947 5556 1991 5595 ca-

1203 5653 1251 5714 put
1265 5659 1358 5699 eorum
1372 5641 1518 5705 diabolum,
1544 5648 1621 5710 rogat
1649 5639 1781 5708 sapientia
1805 5650 1854 5705 pro
1869 5631 1994 5685 Ecclesiae

1203 5745 1286 5798 statu,
1311 5742 1339 5788 et
1363 5734 1449 5787 salute
1463 5732 1640 5786 credentium.
1663 5730 1732 5795 Quid
1746 5734 1810 5781 suot
1823 5724 1894 5777 enim
1909 5720 1994 5774 tribus

1203 5828 1298 5890 Jacob,
1324 5826 1377 5879 nisi
1391 5822 1519 5878 Ecclesiae
1544 5839 1576 5875 ex
1590 5821 1714 5890 gentibus
1727 5821 1906 5884 corrgregate.
1920 5811 1993 5880 lpsas

1204 5918 1277 5972 enim
1292 5914 1476 5985 praefiguravit
1496 5912 1584 5965 minor
1600 5910 1671 5963 filius
1682 5908 1727 5976 qui
1740 5905 1888 5959 fraternam
1902 5901 1992 5956 subri-

1203 6008 1260 6078 puit
1275 6004 1499 6063 benedictionem.
1522 6001 1577 6054 llos
1591 5999 1663 6054 enlm
1677 5995 1835 6067 congregari
1848 5996 1926 6065 petit,
1940 5992 1992 6048 boc
