4709 6767
261 580 265 586 ⁴
354 613 407 673 stt
691 604 722 658 n.
742 594 870 656 uantur
888 589 998 649 nsunt
1017 584 1177 645 suuntur.
1197 582 1353 642 uocum.
1373 579 1518 640 orsnun
1536 575 1626 635 nans
1643 575 1666 631 r.
1938 571 1993 629 sas

355 726 532 798 Etangeliurn
545 727 668 781 testatur,
684 710 876 768 tribulationes
890 705 968 772 tales,
986 702 1081 775 quales
1091 692 1147 757 nou
1161 702 1185 762 Α
1197 698 1245 769 uari
1260 696 1337 753 exuti
1356 692 1532 751 terrestribus
1546 691 1630 757 curis,
1645 696 1675 746 et
1691 686 1840 744 carnalium
1856 684 1998 744 illeoobr'ts

356 818 466 873 luerunt
489 812 524 868 ab
552 810 630 865 iuitlo
655 812 798 867 creaturos,
822 814 904 872 uuam
932 796 1053 853 condidit
1077 794 1150 850 heus
1198 787 1440 857 uoluptatumcum
1452 780 1683 852 sposrotooteere
1693 784 1827 848 posnani:
1843 794 1853 829 r
1871 774 1999 834 hearne

356 923 442 980 trsqrre
457 920 537 969 nuno,
552 913 641 970 neque
656 898 731 953 hent.
747 896 781 949 Et
791 894 843 949 nisi
855 891 1005 949 breviasset
1017 888 1149 945 Dominus
1198 889 1290 935 auum
1310 876 1481 933 ambulantes
1506 889 1561 929 nou
1586 870 1735 927 secuudum
1753 882 1867 926 caman
1895 866 1999 935 milita-

356 1002 413 1055 dies
428 997 498 1060 illos,
513 1007 566 1048 non
580 990 676 1045 luisset
689 986 763 1042 saiva
778 984 869 1042 omnis
888 996 964 1045 caro,
978 980 1025 1036 sed
1037 985 1150 1049 propter
1199 989 1270 1039 mas,
1287 982 1315 1029 et
1338 978 1432 1027 nostra
1452 966 1628 1026 conuersatio
1646 965 1675 1021 in
1700 963 1780 1021 coelis
1804 970 1859 1019 est.
1878 957 2000 1021 Undest

356 1091 466 1151 clectos,
480 1099 548 1157 quos
570 1081 661 1152 elegit,
676 1076 809 1133 breviavit
835 1074 901 1131 dics.
918 1071 997 1128 Unde
1013 1070 1047 1126 de
1064 1069 1150 1124 histo-
1200 1064 1369 1121 Salinatorem
1402 1069 1523 1116 nostrum
1549 1063 1741 1127 exsmtaurus
1770 1052 1921 1109 Dominum
1949 1066 2000 1110 na-

357 1182 413 1238 rico
428 1177 574 1234 iioiolcrne
587 1170 725 1242 subjungit
738 1169 881 1239 Scriptura
897 1166 1009 1222 dieensr
1201 1167 1288 1214 sturm
1301 1154 1394 1211 iesum
1414 1152 1564 1216 Christum,
1578 1150 1624 1219 nui
1653 1146 1812 1204 reformarit
1835 1161 1940 1218 eorpus
1951 1146 2002 1204 ho·

394 1268 606 1336 absconditque
622 1262 713 1319 uinaria
737 1258 849 1315 castella
874 1270 969 1312 corum
990 1262 1018 1310 et
1032 1252 1150 1309 obtinuit
1201 1246 1325 1303 militatis
1355 1252 1457 1301 nostrae
1487 1240 1686 1312 configuratum
1719 1237 1828 1308 corpori
1862 1235 2000 1294 clarinti!

360 1377 496 1419 «omnem
508 1358 698 1420 munitionem,
717 1374 727 1405 r
746 1352 782 1408 [lt
795 1350 876 1422 typici
892 1346 1046 1403 ilololemis
1060 1346 1151 1415 expri-
1201 1355 1295 1420 suae,r
1317 1352 1372 1394 nun
1400 1343 1537 1392 terrentur
1564 1331 1685 1388 bostium
1713 1328 1854 1401 temporali
1872 1342 2000 1401 persecu·

306 1458 311 1468 '
356 1451 560 1510 rnatnrsacvitia
584 1458 664 1519 atque
678 1442 840 1507 crudelitas,
863 1455 914 1511 pcr
934 1436 1025 1495 omniu
1038 1436 1149 1492 castella
1202 1431 1285 1495 tione,
1304 1429 1352 1484 scd
1374 1426 1488 1484 eleuatis
1518 1421 1603 1480 oculis
1633 1422 1734 1478 uaeutis
1754 1420 1941 1492 propinquum
1955 1417 2000 1489 iu·

356 1541 489 1607 aseendit,
504 1548 532 1595 et
545 1538 650 1592 obtinet
664 1547 769 1590 omnem
798 1529 987 1592 munitionem,
1011 1541 1073 1582 cum
1087 1523 1148 1596 plc-
1201 1522 1271 1579 dicis
1288 1522 1331 1577 sui
1350 1528 1378 1575 et
1392 1516 1574 1589 redemptoris
1598 1513 1744 1570 laetabundi
1768 1517 1933 1583 exspectant
1947 1511 1998 1567 ad·

357 1648 458 1705 rosque
484 1645 517 1686 ex
543 1629 585 1683 bis
605 1625 651 1696 qui
673 1623 838 1678 ridebantur
863 1620 966 1675 habere
991 1599 1150 1671 tirmita'teor
1201 1620 1323 1670 ventum.

358 1724 422 1780 ildei
435 1721 602 1779 etvirtutum
617 1714 804 1773 excellentiam
827 1710 926 1781 partim
953 1707 1025 1772 dolo,
1052 1705 1150 1776 partim
1514 1696 1628 1754 caput
1646 1694 1689 1751 ili.

358 1816 441 1871 illim
460 1818 553 1883 aperta
581 1807 759 1870 5⁰⁸⁰⁰¹¹²l⁰¹¹⁰2
776 1803 809 1875 de
830 1809 901 1858 mm
916 1815 988 1855 *emi
1012 1797 1151 1871 ΓθῙῙΒῙθῦῙθ
1202 1814 1253 1871 Ubi
1274 1812 1430 1883 Holofernes
1453 1810 1601 1881 prouincias
1618 1807 1756 1861 decurtans
1777 1805 1944 1860 cinnanos
1961 1821 1999 1860 rc·

358 1897 552 1972 praecipitando
568 1895 667 1965 deiecit
687 1901 768 1963 atque
796 1890 957 1962 prosternit.
987 1888 1021 1942 Et
1050 1885 1151 1958 lrangit
1237 1888 1345 1957 gronam
1369 1883 1467 1953 legator
1489 1879 1524 1961 ud
1543 1895 1570 1934 re
1590 1879 1684 1932 nrisaor
1709 1875 1833 1958 sucepit,
1856 1875 1905 1947 qui
1927 1892 1960 1958 ss·
1975 1884 1998 1929 tt

359 2005 455 2047 omnes
466 1989 589 2045 civitates
603 1984 734 2049 excelsas,
748 1982 811 2053 quia
825 1981 859 2036 de
872 1979 973 2035 uostris
984 1977 1149 2049 pastoribus,
1238 1964 1332 2009 ‘¹⁰¹⁶‘ss
1350 1953 1436 2075 ⁸¹⁴⁰?
1447 1950 1623 2032 ‘mimmius
1641 1956 1666 2002 θ’
1680 1956 1897 2019 “mihim
1912 1947 1999 2002 Μ’·

361 2082 406 2152 qui
425 2080 530 2151 praelati
543 2086 605 2134 sunt
618 2077 691 2149 gregi
707 2072 858 2138 Dominico,
884 2067 1029 2126 {nonnullos
1052 2068 1151 2125 astutia
1167 2062 1190 2121 Β
1238 2035 1276 2081 ⁸⁶⁸
1291 2040 1323 2078 ⁰⁶
1334 2023 1395 2077 Μ’
1424 2030 1525 2076 “mn‘'

363 2188 411 2228 sua
424 2171 540 2243 trangit,
554 2184 586 2224 ac
607 2181 716 2224 omnem
738 2162 975 2235 locupletationem
997 2159 1152 2215 eorumde·
1240 2161 1345 2217 «Tunc
1368 2158 1502 2215 miserunt
1525 2157 1630 2229 legatos
1644 2169 1708 2212 suos
1732 2153 1926 2210 universarum
1952 2168 1999 2209 ur·

361 2262 474 2334 pruriat,
489 2276 550 2316 cum
566 2258 687 2314 scientiae
711 2256 833 2326 ipsorum
858 2251 1074 2323 amplitudinem,
1089 2264 1152 2307 cnut
1204 2254 1352 2309 ‹biumac
1369 2248 1571 2321 prouinciarum
1594 2262 1672 2319 reges
1691 2261 1725 2302 ac
1744 2244 1885 2315 principes
1904 2243 1998 2317 Syrias,

360 2352 467 2408 ceteris
486 2348 683 2414 instrumentis,
712 2347 810 2415 quibos
833 2343 888 2400 Deo
924 2343 1029 2398 seruire
1054 2340 1153 2397 debue-
1205 2343 1336 2399 ‹scilioet
1360 2339 1561 2411 Mesopotamiu
1580 2347 1608 2394 et
1628 2336 1725 2410 Syriae,
1751 2334 1835 2392 Sobal
1855 2345 1886 2393 st
1908 2334 1998 2407 Libyn

361 2453 433 2509 rant,
454 2458 503 2513 per
526 2441 668 2497 illecebras
692 2439 859 2509 uoluptatum
886 2435 1058 2506 captivando,
1071 2432 1114 2489 rel
1126 2432 1153 2487 io
1206 2443 1312 2505 samue
1325 2431 1442 2498 Ciliciae,
1458 2430 1505 2503 qui
1524 2429 1664 2485 venientes
1681 2426 1716 2482 ad
1734 2423 1911 2483 Hoiolernen
1924 2443 1933 2481 a
1947 2425 1999 2482 lle·

363 2534 533 2590 nranilestam
545 2530 740 2603 blasphemiam
754 2525 949 2598 compellendo,
966 2528 994 2582 in
1005 2541 1083 2581 usum
1098 2540 1154 2582 ser·
1205 2546 1215 2580 r
1233 2528 1304 2584 sinat
1318 2525 1467 2597 indignatio
1479 2531 1526 2579 tua
1539 2537 1604 2594 erga
1619 2536 1685 2587 oos3
1699 2519 1797 2577 melius
1815 2526 1860 2576 est
1870 2518 1955 2585 min,
1972 2525 2002 2573 ul

361 2624 421 2679 sitii
435 2622 631 2680 suiconrertit.
645 2619 808 2690 Eusquwui
824 2619 955 2675 resistunt
974 2617 1037 2684 sibi,
1053 2616 1154 2673 occidit
1207 2620 1356 2675 «virentes
1374 2614 1789 2674 samiamosbabuchooonosor
1807 2612 1866 2685 regi
1892 2625 2000 2683 mnus,

363 2717 389 2771 in
400 2730 449 2771 ore
463 2714 555 2788 gladii,
571 2715 633 2784 quia
651 2728 720 2783 quos
730 2712 873 2768 deflectere
890 2711 924 2766 ad
935 2725 1097 2767 eonsensum
1110 2724 1156 2767 ne
1208 2732 1217 2765 r
1234 2720 1263 2768 et
1284 2707 1385 2767 subditi
1408 2709 1494 2764 simus
1507 2706 1567 2772 tibi,
1578 2720 1660 2776 quam
1675 2703 1824 2759 morientes
1840 2716 1905 2759 urm
1919 2702 2003 2758 intur·

362 2808 454 2880 quitiae
473 2821 528 2862 suae
547 2820 599 2860 non
619 2804 757 2877 praevalet,
776 2803 827 2859 bos
845 2802 981 2858 cor-torah
1004 2811 1092 2859 morte
1112 2802 1155 2857 in·
1208 2821 1218 2855 r
1235 2803 1275 2858 itu
1290 2809 1385 2858 nostro
1399 2798 1450 2871 ipsi
1462 2797 1603 2855 servitutis
1612 2803 1714 2852 nostras
1724 2794 1825 2850 damna
1834 2792 1999 2866 patimur.»

363 2899 491 2955 terimcrc
509 2896 600 2953 studet
1205 2894 1370 2952 bernano
1384 2892 1466 2964 igitur
1487 2887 1632 2946 tiololerne
1648 2894 1749 2944 terram
1761 2885 1956 2956 plurimorum,
1967 2898 2001 2941 es

404 3007 413 3041 a
437 2986 623 3056 Praedaritque
641 2999 736 3039 omnes
754 2983 824 3040 salios
842 2983 965 3050 Tharais,
985 2991 1013 3039 et
1027 2980 1096 3039 lilios
1112 2983 1154 3039 ls·
1206 2986 1320 3042 dirersis
1334 2986 1447 3041 urbibus
1460 2997 1493 3038 ac
1508 2982 1576 3038 locis
1586 2994 1664 3051 reget
1680 2986 1708 3034 et
1719 2976 1859 3049 principes
1871 2973 2001 3032 adulandi

365 3076 478 3144 r'maei,
496 3076 542 3146 qui
558 3083 637 3130 crant
655 3080 749 3130 contra
767 3070 864 3128 lacicm
878 3073 990 3140 deserti,
1010 3081 1038 3128 et
1056 3072 1090 3127 ad
1105 3088 1156 3128 au·
1205 3084 1233 3134 ot
1243 3074 1368 3148 placandi
1385 3074 1436 3131 sibi
1450 3088 1512 3129 eum
1527 3084 1610 3127 causa
1623 3070 1726 3141 legatos
1738 3066 1862 3133 mittunt,
1882 3066 1936 3122 hoo
1948 3072 2000 3131 est,

366 3176 483 3223 «strum
510 3177 589 3222 terrae
611 3164 704 3222 Ccllon
727 3170 756 3219 et
787 3162 914 3219 transisit
937 3162 1113 3234 Euphratem,
1128 3170 1156 3218 et
1207 3170 1303 3242 Syria,
1331 3164 1547 3237 Mesopotamiae,
1572 3162 1663 3234 Libyn
1689 3167 1771 3230 atque
1792 3156 1916 3225 Cilicie3
1939 3156 2001 3228 aptis

366 3257 473 3313 stertit
491 3257 518 3311 in
548 3255 780 3326 Mesopotamiam.
808 3274 817 3308 r
852 3252 905 3309 Per
929 3252 1052 3309 ditemus
1081 3254 1154 3309 enim
1206 3270 1338 3320 aestuante
1359 3259 1507 3315 inmundo
1527 3263 1702 3328 pensaurum
1724 3251 1881 3309 mutiam
1897 3264 2003 3323 puna·

363 3347 527 3417 provincias,
547 3347 697 3403 etnomina
717 3346 885 3400 diuersorum
905 3343 1036 3411 iocorum,
1051 3346 1152 3416 quaein
1208 3367 1294 3418 sores,
1309 3359 1338 3407 et
1350 3358 1476 3421 potentes
1496 3348 1596 3412 mooli,
1618 3354 1700 3417 atque
1723 3342 1893 3415 voluptatum
1914 3351 2002 3400 ture·

365 3438 478 3494 historia
496 3437 679 3499 eontinentur,
697 3434 836 3491 distinctio
860 3433 1019 3505 designatur
1048 3415 1193 3492 octode·C
1208 3442 1304 3500 surium
1323 3447 1460 3496 amatores
1482 3437 1691 3496 eonciliaresibi
1713 3450 1829 3507 nequam
1852 3433 2003 3507 princip·

364 3530 418 3585 cim
430 3543 607 3599 personarum
620 3525 762 3598 grandium
781 3540 814 3580 ac
831 3524 1003 3595 dignitatum,
1014 3539 1048 3579 ex
1060 3525 1158 3595 quibus
1208 3533 1328 3598 student,
1340 3539 1475 3602 quauuus
1484 3528 1580 3584 mortis
1590 3514 1747 3593 discrim'cn,
1757 3533 1786 3581 et
1795 3524 2003 3596 noncopitaru

364 3622 491 3677 omnihus
508 3618 631 3676 diabolus
649 3617 767 3687 aliquam
791 3616 930 3672 contendit
948 3616 1000 3671 sibi
1018 3614 1159 3680 vindicare
1209 3638 1300 3680 aarum
1323 3622 1452 3678 mannum
1469 3618 1585 3676 eradere
1609 3624 1732 3689 possunt.
1756 3615 1880 3686 benique
1895 3613 2004 3672 ω

365 3712 527 3784 pontonsm.
560 3709 616 3767 Nec
645 3710 775 3765 formidat
804 3708 918 3780 sinnius
946 3722 1043 3780 pugna
1067 3705 1159 3761 subire
1208 3723 1260 3781 ast,
1280 3716 1336 3771 imo
1358 3712 1534 3784 impossibile,
1558 3721 1589 3767 ut
1608 3719 1745 3766 anaanres
1758 3708 1924 3766 nmursri
1938 3705 2005 3766 tant

366 3802 565 3870 difficultatem,
585 3802 632 3858 sed
645 3800 753 3874 propria
772 3799 876 3855 malitia
901 3800 1054 3871 instigatus,
1079 3813 1159 3869 gran·
1209 3806 1352 3863 dilectores
1374 3804 1500 3870 Domini,
1523 3803 1629 3860 dicente
1651 3800 1794 3872 scriptun
1812 3818 1820 3855 ι
1841 3799 1919 3870 aqui
1946 3799 2003 3857 nia

364 3892 407 3949 (¹5⁸
420 3892 666 3965 l1⁰¹e¹¹¹laeii²i⁰¹¹¹
677 3898 766 3946 0⁰in
780 3887 888 3945 iffioeie
899 3890 1019 3944 ruinam.
1208 3899 1314 3954 amicus
1329 3911 1391 3954 esse
1412 3896 1502 3953 seculi
1517 3894 1609 3965 hujus,
1626 3894 1754 3950 inimicus
1775 3892 1882 3951 Domini
1900 3895 2001 3954 oonsu-

404 3986 470 4040 *Εῑ
485 3986 618 4057 1)θῦῑῦἓο
642 3984 781 4040 ‘widi‘
810 3983 838 4039 5¹¹
858 3997 968 4054 iamim
993 3983 1158 4039 Dimistlin
1209 3993 1304 4048 tuitur.
1321 4013 1330 4044 n
1347 3985 1951 4062 Etiuannesapostoiustrsiquiniuquit,
1963 3984 2002 4041 d-

368 4093 377 4126 «
400 4073 495 4129 diebus
512 4073 621 4139 messis,
635 4081 663 4128 et
690 4071 832 4128 succendit
850 4072 942 4128 omnia
961 4078 1032 4138 aaa,
1052 4086 1160 4130 omnes
1209 4085 1268 4157 ugo
1280 4086 1419 4150 munuum,
1435 4101 1487 4140 non
1501 4093 1543 4140 ess
1560 4084 1679 4140 enarras
1692 4082 1781 4138 sarm
1794 4082 1822 4137 tn
1834 4095 1878 4138 eo.
1894 4099 1904 4134 a
1919 4079 2001 4136 sana

368 4180 377 4214 i
400 4177 453 4233 que
465 4164 576 4219 arbores
589 4170 617 4217 et
632 4162 726 4219 vineas
740 4161 806 4217 lecit
821 4162 915 4230 incidi,
928 4173 956 4219 et
966 4163 1065 4221 cecidit
1079 4163 1160 4221 timor
1208 4175 1272 4231 pref
1293 4188 1402 4247 quoque
1423 4175 1554 4232 pomanus
1571 4176 1597 4230 a„
1613 4172 1760 4246 Evangelio
1783 4174 1817 4230 (κ
1836 4173 1932 4239 grege,
1955 4170 2000 4243 qur

368 4270 378 4304 r
398 4251 470 4307 iilius
494 4267 576 4322 super
593 4266 688 4308 omnes
715 4252 901 4310 inhabitantes
919 4260 1032 4310 temam
1062 4254 1159 4324 »Quid
1208 4266 1327 4322 habenas
1342 4266 1440 4322 murras
1454 4265 1653 4338 possessiones,
1669 4273 1698 4321 eg
1712 4264 1801 4320 grisii,
1816 4263 1845 4319 p„
1860 4259 1999 4321 mm

365 4355 414 4412 per
428 4341 600 4407 Damascum,
620 4342 667 4412 uti
695 4342 890 4413 rennuunt
907 4343 1046 4414 sanguinis
1071 4353 1157 4415 cotti,
1207 4354 1386 4421 erectores,
1409 4355 1479 4411 oran
1495 4355 1705 4427 orscrpuusun
1721 4373 1728 4409 ι
1743 4372 1753 4406 ‹
1767 4353 1854 4410 anan
1879 4354 1996 4411 uso»

367 4432 419 4487 nist
451 4432 591 4505 senilium
619 4431 811 4488 domittionit
840 4433 1002 4503 exorimitur
1026 4442 1158 4505 potens,
1208 4446 1543 4519 transsumentem
1559 4447 1836 4519 rnrnnumragnun
1852 4446 1998 4504 monn:

281 4534 286 4546 ·
366 4537 426 4591 qrrae
440 4521 569 4588 lldeiium,
583 4522 634 4577 boc
648 4529 700 4589 est,
724 4530 875 4595 martyrum
900 4522 1003 4580 Christi
1021 4524 1159 4581 inhianter
1207 4537 1886 4595 piperumdpfflvob132prgcppaugoegmpm
1899 4552 1950 4610 μ,
1963 4535 1995 4598 ς,

365 4612 424 4667 sitit
441 4609 554 4667 lunrkre
564 4612 731 4682 sanguinem,
750 4613 947 4669 etnanimein
967 4614 1013 4670 illa
1029 4630 1159 4686 persecu
1207 4643 1301 4685 nme„
1318 4643 1384 4684 acu,
1406 4629 1542 4695 mnsam,
1567 4643 1650 4700 quam
1664 4629 1775 4685 dmm
1792 4629 1898 4688 inm„
1912 4630 1939 4686 g„
1959 4643 1999 4686 η,
2033 4615 2038 4626 ·

368 4702 441 4756 tione
466 4701 624 4768 norissima,
643 4717 705 4773 que
724 4700 804 4772 juxta
822 4704 916 4760 muudi
940 4705 1021 4761 lineus
1045 4715 1157 4762 uentura
1209 4736 1290 4793 gnum
1306 4719 1448 4777 morum,
1467 4740 1477 4773 ,
1494 4721 1560 4777 pem
1580 4720 1644 4777 ,pffi
1658 4722 1687 4776 ῃ,
1709 4721 1858 4793 Εηῃμῃο
1875 4723 1910 4779 ὼ
1924 4735 1999 4795 μη,

365 4801 417 4856 ‘⁵¹’
430 4792 538 4861 nonno
561 4799 669 4863 le¹¹¹ii¹⁸
683 4794 791 4861 ”wib
810 4794 864 4851 ¹¹⁰⁰
889 4803 941 4862 0⁸⁸2
959 4797 1158 4853 warunnam
1209 4812 1270 4871 uota
1284 4812 1443 4869 nnraanrs
1461 4813 1502 4869 sto
1524 4814 1597 4869 tour
1619 4822 1716 4870 man
1732 4814 1770 4870 m
1786 4832 1793 4869 ι
1810 4834 1821 4867 ‹
1837 4813 1889 4883 mr
1913 4823 1999 4874 men

366 4883 564 4952 appropinquat
579 4883 689 4938 miili?
702 4882 779 4938 Tunc
797 4899 848 4953 W
866 4887 1013 4943 Secundam
1031 4888 1089 4942 liii
1105 4888 1159 4946 Ηθ·
1209 4905 1357 4961 seminatus
1368 4912 1410 4959 est
1426 4904 1452 4959 in
1467 4904 1562 4974 spinis,
1576 4905 1621 4961 hio
1635 4905 1732 4975 estqui
1747 4905 1862 4962 rerbmn
1875 4906 1962 4972 audit,
1975 4913 2001 4962 et

366 4970 488 5037 ¹⁰s0i¹¹l⁸r
509 4973 561 5026 ¹¹⁰⁰
579 4981 630 5035 ⁹⁸¹·
650 4972 811 5027 Assllchfiffl
831 4974 1046 5031 effidellfflm
1058 4976 1160 5047 lilim·
1209 4994 1360 5050 solhcitudo
1380 4994 1472 5049 saeculi
1494 4995 1571 5050 istius
1584 5004 1612 5049 et
1625 4994 1729 5051 laliacia
1743 4996 1900 5053 divitiarum
1921 4995 2000 5053 susse·

367 5077 439 5129 nem,
452 5078 502 5132 por
518 5065 686 5120 latitudinem
714 5066 1044 5124 1⁰²5¹¹⁵⁰ibl⁸¹¹¹iil0i⁵2
1066 5070 1159 5127 ΜΟ·
1209 5093 1254 5140 cat
1268 5086 1433 5150 verbumst
1448 5084 1743 5141 sinelructueffieitur.
1760 5105 1769 5139 r
1787 5085 1903 5143 Nomina
1922 5101 2000 5159 sopra

366 5154 414 5210 siae
438 5157 597 5227 gravissima
623 5157 758 5212 excitatur
789 5158 952 5228 persecutio.
975 5159 1009 5214 Et
1027 5161 1159 5232 quidquid
1209 5182 1420 5230 memoratarum
1433 5172 1635 5246 provinciarum
1653 5190 1707 5232 non
1720 5176 1871 5247 incongrue
1885 5177 1999 5249 idipso·

367 5243 394 5297 ln
409 5246 476 5299 satis
491 5246 586 5310 viride,
606 5245 647 5299 vel
660 5246 791 5317 quidquid
804 5248 831 5301 in
844 5246 987 5304 arboribus
996 5247 1157 5318 iloril'erum,
1210 5278 1259 5319 m
1282 5264 1504 5334 inamputatione
1517 5264 1681 5333 ostenouua3
1700 5281 1763 5321 nam
1777 5265 1858 5338 Syria
1872 5268 2001 5339 intem
2037 5289 2053 5302 ·

367 5347 416 5389 seu
443 5335 470 5387 io
488 5336 574 5391 uitreis
604 5337 791 5406 spiritualibus
815 5338 994 5405 fructiferum,
1015 5341 1067 5397 boc
1084 5343 1158 5398 enim
1210 5359 1284 5406 tatur
1298 5351 1427 5416 sublimis,
1442 5352 1500 5408 sire
1512 5352 1631 5421 damon,
1646 5370 1695 5411 seu
1709 5370 1778 5410 rana
1793 5364 1930 5421 rotantur,⁸
1949 5355 2053 5413 Ιο--

367 5424 470 5479 sanetis
497 5426 563 5481 riris
581 5427 718 5481 invenitur
736 5427 812 5493 utile,
829 5427 978 5496 jucundum
996 5440 1024 5486 et
1041 5431 1158 5489 lructuo
1209 5442 1357 5510 sopotamia
1377 5440 1496 5508 elerum
1519 5441 1605 5514 Libya
1626 5444 1759 5509 remmia,
1788 5444 1845 5499 sire
1867 5445 1999 5501 mustis
2029 5471 2053 5490 a

366 5532 440 5583 sum,
455 5525 542 5572 toturn
554 5519 642 5591 gladio
660 5522 858 5589 persecutionis
875 5522 1026 5589 devastare,
1042 5539 1074 5581 ac
1085 5524 1159 5581 daur
1208 5531 1301 5588 Cilicia
1317 5545 1408 5599 eoetur,
1424 5533 1510 5589 luctus
1523 5533 1566 5589 rei
1581 5536 1692 5591 conisa
1701 5536 1767 5605 η’κι.
1780 5535 1830 5604 ont
1843 5550 1911 5609 ergo
1921 5536 2053 5595 matr·

367 5625 411 5664 ma
431 5608 538 5664 inuidiae
550 5625 665 5665 exurere
685 5612 834 5666 contendit.
854 5611 930 5669 Unde
961 5617 1061 5681 evenit,
1086 5618 1159 5689 quod
1212 5622 1239 5677 in
1255 5622 1396 5678 desideriis
1409 5624 1525 5680 terrenis
1537 5622 1639 5691 defluit,
1662 5634 1690 5681 et
1705 5625 1845 5683 extollitur
1865 5626 2053 5684 muntiant

366 5701 538 5773 subiungitur
557 5720 564 5755 :
583 5720 593 5754 r
611 5703 645 5757 Et
659 5704 757 5759 eccidit
776 5705 857 5759 timor
875 5705 947 5761 iilius
970 5722 1159 5779 superomnes
1212 5712 1353 5781 soperbia;
1377 5712 1530 5782 ueterisque
1557 5714 1677 5773 bominis
1698 5716 1844 5771 uanitatem
1868 5717 2001 5788 sennim,
2016 5740 2053 5768 ⁴

367 5791 551 5848 inhabitantes
576 5802 699 5858 terram3
720 5813 729 5847 r
751 5795 814 5865 quia
839 5796 960 5852 carnalia
984 5800 1075 5861 corda,
1098 5815 1158 5869 quae
1213 5802 1367 5874 ingrediens
1393 5812 1494 5858 terram
1514 5804 1618 5860 duabus
1637 5806 1699 5872 riis,
1720 5806 1898 5877 prooeldubio
1912 5806 2053 5879 hlgflr⁴

367 5895 460 5938 amore
479 5893 647 5939 temonarum
662 5896 751 5938 rerum
771 5886 936 5956 obligantur,
956 5888 1047 5942 audita
1061 5890 1157 5946 etrisa
1211 5895 1279 5950 tium
1301 5895 1385 5950 coetui
1406 5904 1487 5965 atque
1501 5895 1615 5951 luxrrrite
1629 5912 1685 5953 suas
1705 5911 1801 5968 paeane
1821 5889 2000 5954 murati·

368 5976 454 6035 hostis
468 5980 551 6050 ipsius
569 5981 737 6037 immanitate
763 5982 983 6039 currtremiscunt.
1003 5982 1039 6039 tlt
1054 5997 1119 6041 uero
1129 5983 1157 6040 hi
1211 5986 1318 6042 intorno
1328 5986 1484 6043 sociabitur.
1501 5988 1535 6043 Et
1543 5986 1621 6058 juxta
1634 5988 1699 6046 iliud
1715 5990 1777 6046 libri
1788 5990 1840 6048 lob
1852 6007 1861 6049 r
1875 6008 1887 6044 r
1903 5989 2000 6048 Mea·
