4709 6767
348 627 403 685 tls

763 628 941 685 coutuuur.
962 628 995 684 tn
1015 626 1138 684 LIBROS
1156 628 1188 681 lt
1209 624 1342 681 unubtt.
1361 655 1396 665 -
1415 624 1448 679 tu
1470 625 1532 679 utu.
1551 626 1595 681 ill.

1935 629 1986 685 lid

347 744 463 801 meridie
475 744 575 808 inisse,
594 760 647 800 nen
667 743 838 801 annullantes
860 746 922 817 quia
939 743 963 799 si
980 744 1032 798 boc
1048 739 1148 812 signid-
1161 745 1184 801 Α
1198 735 1260 789 deut
1274 736 1425 790 cubitorum
1445 750 1578 790 sruumam
1592 735 1618 789 iu
1635 734 1775 791 altitudine
1788 736 1915 792 babebat.
1937 736 1989 804 Qui
2014 763 2025 770 ·

346 852 412 891 care
427 836 556 892 voluisset
571 836 721 906 Scriptum,
741 852 794 892 non
820 837 857 891 ita
880 837 1004 891 diceret:
1025 834 1145 890 «ostium

347 927 442 984 lateris
457 928 539 983 medii
553 928 580 982 in
594 936 671 999 parte
687 936 746 983 erat
759 928 856 983 domtus
877 928 988 992 dextrae,
1004 946 1013 978 t
1037 926 1084 982 sed
1108 926 1145 980 ita

347 1019 438 1088 potius
460 1018 620 1089 simpliciter
636 1036 642 1071 :
658 1037 668 1070 ι
685 1027 712 1073 et
733 1019 850 1073 habebat
871 1018 967 1073 denaus
990 1017 1090 1071 ostium
1111 1016 1145 1071 ad

348 1107 501 1161 meridiem.
517 1126 526 1159 ι
551 1107 628 1163 Nune
641 1116 732 1161 autem
748 1107 825 1177 longe
836 1106 907 1160 aliud
918 1106 1062 1175 significat.
1082 1105 1146 1159 Par·

348 1205 540 1268 manuumque
561 1199 658 1254 domus
687 1199 788 1255 dertrae
818 1199 887 1252 latus
909 1197 1001 1266 tempii
1021 1196 1146 1251 meridia-

349 1302 414 1341 num
426 1287 504 1352 dicit,
520 1288 547 1342 iu
565 1289 643 1359 cnjus
660 1297 738 1359 parte
761 1288 892 1343 Orientali
914 1289 1015 1342 ostium
1037 1295 1097 1341 erat
1119 1286 1145 1341 in

348 1377 408 1448 ipso
418 1379 519 1448 angulo
530 1378 632 1435 iactum
641 1379 719 1449 juxta
740 1390 859 1436 terram:
875 1381 901 1435 in
915 1380 986 1451 quod
1005 1381 1146 1435 introeun-

349 1477 389 1524 tes
408 1470 503 1525 statim
523 1469 558 1526 ad
575 1470 672 1526 altiora
687 1472 821 1542 gradatim
835 1472 1026 1535 ascendebant,
1045 1471 1147 1525 haben·

348 1568 391 1615 tes
410 1560 484 1615 riam
502 1576 631 1617 ascensus
644 1577 694 1632 per
708 1562 765 1632 ipsa
779 1562 891 1633 parietis
905 1563 1045 1628 interiora,
1060 1562 1146 1617 donec

347 1651 396 1706 tali
410 1653 511 1709 itinere
524 1655 558 1709 ad
571 1655 690 1710 medium
705 1655 874 1711 eoeuaculum
893 1665 921 1711 et
941 1671 957 1710 a
979 1656 1068 1712 medio
1085 1671 1145 1725 per-

345 1746 489 1800 reniretur
506 1746 540 1800 ad
563 1742 684 1801 tertium.
714 1745 770 1802 Nec
792 1746 979 1812 dubitandum,
998 1748 1147 1817 quamlibet

346 1835 400 1892 boe
421 1836 564 1907 Scriptura
583 1853 637 1893 nou
650 1838 733 1904 dieat,
749 1838 812 1908 quia
830 1838 870 1894 sic
888 1839 1065 1896 ascendentes
1086 1854 1145 1894 cre

345 1931 481 1987 berrimas
495 1932 632 1987 habebant
647 1932 788 1994 ameridie
799 1931 944 1997 fenestras,
957 1946 1071 2001 quarum
1086 1930 1145 1986 luce

346 2030 453 2075 eertum
471 2021 627 2093 peremnia
652 2028 680 2077 et
704 2021 762 2077 sine
783 2020 930 2077 offensione
951 2023 1003 2078 iter
1022 2030 1143 2091 agerent.

1197 826 1322 882 uidelicet
1337 825 1405 880 liber
1421 826 1480 881 illas
1503 828 1536 882 de
1557 828 1655 896 quibus
1675 828 1849 897 prediximus
1867 830 1988 899 porticus

1197 919 1269 974 circa
1290 919 1417 988 templum
1438 920 1546 975 cellaria
1569 928 1647 975 rocat
1669 931 1697 975 et
1719 922 1851 977 cubicula.
1886 924 1989 980 ‹bedir

1197 1018 1298 1073 autem,
1314 1012 1409 1079 inquit,
1426 1012 1508 1067 nand
1523 1011 1661 1068 Salomoni
1685 1014 1739 1069 illio
1759 1029 1809 1070 suo
1827 1015 1990 1087 descriptio·

1198 1118 1258 1157 nem
1274 1105 1404 1173 porticus,
1420 1114 1447 1159 et
1460 1106 1564 1175 templi,
1578 1115 1606 1160 ct
1616 1105 1797 1174 cellariorum,
1815 1120 1843 1164 et
1856 1111 1989 1167 cmuaculi
2004 1121 2006 1124 ’

1197 1205 1224 1249 ct
1248 1196 1433 1251 cubiculorum
1453 1198 1481 1253 in
1504 1200 1600 1269 adytis,
1622 1207 1649 1253 ct
1670 1199 1767 1254 donnus
1790 1203 1989 1271 propitiationis

1197 1286 1223 1358 (l
1239 1286 1302 1341 Par.
1318 1289 1447 1361 ιιιιιιι).ι
1474 1288 1525 1343 tibi
1545 1289 1627 1344 etiam
1647 1291 1813 1346 exteriorum
1836 1294 1988 1358 domorum,

1196 1392 1256 1445 quae
1269 1386 1348 1432 erant
1362 1386 1439 1432 extra
1457 1380 1554 1433 atrium
1575 1381 1745 1436 sacerdotum
1758 1381 1910 1438 incircuitu
1924 1392 1990 1437 tem·

1195 1469 1243 1539 pli,
1263 1469 1327 1525 iecit
1345 1472 1519 1536 mentionem,
1539 1487 1600 1528 cum
1616 1474 1738 1544 protinus
1752 1475 1874 1543 adjunxit
1890 1495 1897 1531 ε
1915 1476 1990 1533 «Nec

1196 1576 1249 1614 non
1272 1571 1300 1616 et
1323 1564 1443 1617 οιιιιιίιιιιι
1463 1579 1523 1633 quae
1536 1566 1712 1636 cogitaverat,
1728 1568 1869 1635 atriorum,
1884 1578 1912 1624 ct
1925 1585 1989 1626 eae·
2080 1639 2095 1647 ,

1196 1650 1307 1707 drarutn
1329 1668 1377 1722 per
1399 1654 1540 1709 circuiuuu
1562 1656 1588 1709 iu
1608 1659 1744 1714 thesauris
1758 1661 1853 1714 dotuus
1870 1662 1989 1730 bomini,

1195 1752 1223 1797 et
1235 1744 1263 1798 in
1279 1745 1415 1802 thesauris
1429 1756 1593 1802 sanctorum.
1606 1768 1613 1801 ι

1231 1837 1308 1905 Quod
1322 1847 1412 1895 autem
1427 1843 1516 1898 omnis
1530 1842 1645 1900 altitudo
1660 1844 1751 1916 templi
1766 1854 1875 1901 centum
1894 1848 1990 1918 viginti

1196 1923 1246 1982 init
1258 1929 1420 1996 cubitorum,
1433 1932 1467 1987 ad
1481 1932 1551 1987 ilem
1567 1933 1772 1991 Sacramentum
1785 1938 1905 2008 respicit,
1918 1940 1991 2008 quod

1195 2026 1222 2073 et
1242 2019 1380 2087 primitiva
1399 2022 1426 2075 in
1440 2022 1633 2096 Hierosolymis
1653 2026 1785 2091 Ecclesia,
1809 2036 1870 2097 post
1889 2030 1992 2099 passio-

345 2108 400 2176 Qui
416 2111 546 2166 nimirum
564 2111 639 2167 locas
660 2112 768 2183 proprie
786 2113 821 2167 ad
842 2127 940 2181 corpus
961 2112 1141 2179 Dominicuru,
1156 2107 1179 2165 ll
1195 2124 1265 2176 nem,
1282 2114 1517 2181 resurrectionem,
1531 2124 1558 2170 et
1573 2118 1759 2173 ascensionem
1773 2118 1878 2174 Dorrrini
1893 2122 1920 2175 iu
1932 2134 1990 2176 cur·

344 2208 419 2277 qnod
434 2208 468 2262 de
484 2207 593 2278 Virgine
610 2207 735 2277 sumpsit,
755 2206 875 2277 respicit.
904 2205 1008 2262 Ostium
1027 2220 1144 2276 namque

344 2297 444 2354 lateris
456 2298 538 2354 medii
552 2299 579 2352 in
592 2307 669 2369 parte
681 2309 741 2353 erat
753 2299 851 2353 domus
865 2299 978 2359 dextrae,
1001 2298 1076 2368 quia,
1097 2299 1144 2353 de-

345 2390 443 2446 functo
454 2390 482 2445 in
498 2405 580 2445 cruce
593 2391 718 2455 Domino,
733 2404 823 2443 ‹unrrs
836 2388 952 2443 militum
967 2389 1060 2443 lancea
1073 2389 1144 2444 latus

343 2482 407 2551 ejus
421 2480 527 2551 aperuit
542 2481 633 2551 (dean.
645 2479 713 2551 rur).
726 2501 735 2533 ι
763 2480 796 2534 Ει
809 2481 888 2545 bene,
902 2481 949 2534 «in
961 2487 1037 2550 parte
1049 2480 1145 2535 domus

344 2569 483 2633 dextrae,t
499 2571 561 2640 quia
578 2572 702 2626 dextrum
722 2572 745 2624 ci
769 2571 839 2624 latus
862 2584 878 2623 a
902 2569 987 2624 milite
1008 2581 1143 2639 apertum,

345 2669 442 2717 sancta
455 2661 542 2717 credit
557 2662 689 2718 Ecclesia.
715 2661 765 2717 Ubi
789 2668 852 2731 apto
872 2661 955 2715 etiam
976 2661 1058 2716 serbo
1081 2677 1145 2717 usus

343 2760 388 2807 cst
414 2752 600 2824 euangelista,
621 2761 651 2808 ut
671 2768 726 2808 nou
743 2753 869 2809 diceret:
891 2752 1048 2808 «Percussit
1075 2752 1144 2808 latus

343 2844 435 2914 ejus»
453 2853 499 2900 aut
514 2864 522 2900 τ
538 2845 726 2912 «vulneravit,
739 2864 748 2896 ι
768 2845 815 2900 sed
832 2862 839 2899 :
856 2865 866 2897 r
879 2847 1023 2916 Apennini
1051 2846 1144 2901 rideli-

342 2947 402 3002 cet,
429 2939 506 3009 quasi
532 2940 650 2995 «ostium
666 2939 760 2994 lateris
778 2939 891 3005 medii»
915 2955 964 3010 per
980 2939 1051 3009 quod
1066 2940 1144 2995 uobis

343 3029 400 3083 iter
410 3029 445 3084 ad
455 3029 576 3086 etelestia
594 3032 768 3101 panderetur.
799 3030 919 3100 Denique
932 3032 969 3085 ita
983 3030 1142 3099 subjunxit:

347 3120 405 3176 ‹Et
420 3121 550 3177 continuo
561 3121 647 3177 exirit
662 3122 771 3193 sanguis
784 3129 811 3176 et
825 3136 893 3191 aqua
910 3120 1014 3193 (ltin).
1027 3141 1036 3171 t
1067 3122 1144 3192 liqua

277 3203 286 3218 '
342 3212 460 3278 scilicet,
478 3228 530 3284 qua
545 3213 682 3270 abluimur
700 3213 728 3267 in
745 3213 889 3283 baptismo,
908 3221 935 3268 et
950 3213 1069 3283 sanguis,
1090 3229 1144 3283 quo

341 3322 541 3362 consecramur
567 3306 595 3363 in
619 3306 704 3362 calice
731 3314 835 3362 sancto.
872 3305 924 3360 Per
950 3305 1003 3361 hoc
1026 3321 1143 3376 namque

342 3400 447 3454 ostium
459 3399 538 3455 uobis
548 3408 590 3454 est
601 3414 731 3454 ascensus
745 3399 772 3453 in
788 3397 906 3452 medinm
922 3398 1099 3462 coenaculum,
1116 3406 1144 3453 et

342 3505 359 3544 a
373 3488 464 3544 medio
477 3490 505 3544 in
518 3491 638 3557 tertium,
651 3490 714 3559 quia
725 3505 774 3561 per
788 3489 867 3544 dalem
876 3497 904 3544 ct
917 3489 1046 3560 mysteria
1059 3489 1143 3544 nostri

1195 2197 1245 2264 los,
1263 2200 1289 2254 in
1306 2202 1356 2256 hoe
1370 2218 1482 2259 numero
1495 2205 1625 2273 virorum,
1645 2208 1759 2278 gratiam
1775 2208 1892 2279 Spiritus
1903 2210 1990 2265 sancti

1195 2291 1300 2360 accepit
1313 2290 1381 2363 (det.
1396 2310 1415 2359 ι,
1431 2294 1479 2367 ιι);
1498 2297 1653 2365 quindecim
1666 2316 1793 2371 nauaque,
1808 2317 1868 2371 quae
1891 2318 1925 2357 cx
1947 2317 1990 2359 se-

1195 2388 1266 2448 ptem
1284 2389 1310 2434 et
1327 2390 1388 2437 octo
1399 2393 1534 2451 constant,
1549 2385 1637 2442 soient
1652 2403 1844 2461 nonuunquam
1858 2391 1893 2445 ad
1906 2392 1990 2463 siqui·

1195 2470 1348 2526 ficationem
1374 2475 1470 2529 relerri
1494 2477 1555 2531 vitm
1577 2477 1683 2545 suturae,
1696 2493 1756 2549 quae
1769 2494 1840 2534 turne
1853 2481 1879 2534 in
1895 2480 1991 2537 sabba-

1195 2560 1276 2614 tismo
1297 2563 1402 2630 geritur
1427 2565 1577 2620 animarum
1600 2568 1718 2622 fidelium
1735 2588 1741 2622 ε
1759 2570 1915 2639 perficietur
1939 2587 1990 2626 au·

1196 2659 1249 2705 tem
1264 2650 1292 2705 in
1306 2650 1359 2707 stne
1371 2654 1461 2708 seculi
1475 2657 1673 2711 resurreetione
1688 2673 1833 2728 corporum
1848 2660 1989 2715 immorta-
2063 2670 2067 2679 ·

1195 2743 1270 2797 lium.
1295 2743 1356 2813 lpsa
1373 2754 1464 2800 auteur
1487 2747 1640 2817 quindecim
1656 2749 1683 2803 iu
1698 2750 1833 2821 trigonum
1850 2753 1942 2820 ducta,
1961 2754 1990 2809 id

1194 2843 1246 2899 est,
1260 2850 1321 2889 curn
1343 2835 1468 2892 omuibus
1491 2838 1548 2893 suis
1566 2840 1690 2908 partibus
1713 2842 1902 2910 adnumerata,
1926 2861 1990 2902 cen-

1196 2934 1251 2980 tum
1270 2926 1380 2998 triginta
1402 2927 1514 2983 iaciunt.
1542 2930 1712 3003 Quapropter
1725 2942 1786 3004 apte
1799 2951 1913 2992 numero
1927 2954 1990 2994 cen·

1195 3018 1299 3073 tonario
1312 3026 1338 3072 et
1353 3019 1490 3075 vicenario
1510 3037 1605 3092 magua
1625 3024 1773 3081 electorum
1797 3027 1935 3085 beatitudo
1962 3032 1990 3089 in

1193 3107 1284 3163 lutura
1298 3111 1531 3181 ritadesignatur,
1548 3121 1610 3183 apte
1631 3116 1658 3170 in
1682 3116 1735 3173 boc
1760 3120 1870 3176 tertium
1893 3124 1991 3180 domus

1194 3199 1300 3254 bornini
1312 3202 1481 3256 clunaculum
1495 3216 1708 3273 consummatur,
1724 3208 1787 3278 quia
1800 3219 1861 3279 post
1873 3228 1993 3283 praeseu-

1195 3300 1235 3344 tes
1250 3290 1369 3346 sulelium
1390 3292 1506 3359 labores,
1531 3303 1592 3364 post
1615 3307 1754 3368 acceptam
1777 3301 1806 3354 in
1829 3301 1920 3358 iuturo
1943 3319 1987 3360 re·

1194 3381 1285 3449 quiem
1302 3386 1465 3452 animarum,
1485 3387 1564 3458 plena
1581 3393 1662 3447 totius
1679 3394 1806 3451 Ecclesia:
1820 3395 1936 3455 felicitas
1960 3399 1989 3456 in

1157 3457 1180 3515 C
1196 3476 1403 3532 resurrectionis
1418 3479 1502 3549 gloria
1517 3484 1704 3551 complebitur.

343 3578 581 3649 Redemptorisde
593 3580 719 3650 praesenti
741 3580 868 3634 Ecclesiae
888 3580 1092 3636 conversatione
1110 3580 1144 3634 ad
1234 3567 1411 3625 tAEdificarit
1431 3571 1538 3628 domum
1557 3583 1583 3629 ei
1601 3580 1799 3634 consummarit
1811 3594 1882 3636 eam.
1910 3582 1989 3639 Terit

343 3673 468 3742 requiem
493 3672 645 3727 animarum
659 3680 721 3743 post
744 3680 859 3728 mortem
877 3671 1065 3737 ascendiruus;
1084 3687 1144 3726 rur-
1198 3676 1329 3730 ‘(l¹¹⁰‘lue
1350 3663 1459 3718 d⁰ffl¹¹¹¹¹
1485 3665 1658 3735 laquearibus
1680 3671 1807 3736 cedrinis
1832 3681 1909 3729 etet
1940 3673 1990 3730 La-

342 3776 460 3833 rumque
474 3762 508 3817 de
523 3763 617 3833 requie
629 3762 792 3829 animarum,
810 3763 969 3818 adveniente
985 3762 1026 3817 die
1037 3761 1143 3832 judicii,
1194 3752 1305 3820 dimili*
1318 3762 1381 3808 8⁰⁰1
1394 3756 1523 3823 bibulam,
1539 3774 1599 3827 ‹1¹¹ae
1617 3776 1714 3829 ¹P³3¹¹0
1729 3762 1826 3819 d0⁰⁰s⁰
1840 3765 1989 3836 ⁰⁰¹¹¹P0⁸li²¹

343 3851 379 3907 211
402 3850 637 3908 immortalitatem
659 3868 767 3924 querque
784 3868 938 3924 mmmm,
955 3854 1032 3924 quasi
1048 3855 1074 3909 j„
1093 3865 1145 3913 ιρι».
1194 3853 1221 3897 ct
1236 3856 1341 3911 entatu,
1363 3847 1397 3901 ab
1410 3847 1537 3903 inferiore
1552 3860 1628 3920 parte
1644 3854 1765 3909 trabibus
1779 3854 1933 3925 adiguntur.
1955 3857 1990 3912 Et

344 3942 413 3997 aium
428 3944 609 4011 macutum,
624 3946 780 4003 suhqffljffie
794 3946 916 4018 prosectu
929 3950 1143 4018 peneqaqqmus,
1195 3935 1433 4005 quatergeminae
1445 3939 1594 3996 altittuiiuis
1608 3943 1703 3998 dotum
1718 3944 1823 3999 Domini
1838 3945 1907 4001 iacta
1918 3961 1987 4010 erat,

343 4050 378 4090 ω
393 4050 448 4105 quo
460 4036 489 4091 5„
504 4052 602 4109 magna
614 4040 765 4106 amborum,
785 4047 812 4095 οι
828 4039 951 4108 corporis
974 4040 1097 4098 videficet
1117 4052 1145 4098 eg
1196 4034 1270 4081 terrra
1283 4028 1410 4083 nimirum
1426 4030 1542 4085 babebat
1553 4032 1699 4102 laquearia.
1721 4034 1790 4102 Quid
1805 4045 1894 4091 autern
1910 4052 1989 4106 aper·

344 4125 454 4193 animae,
471 4128 639 4184 &attending
651 4137 781 4200 perpetuo
796 4130 928 4184 vivamus,
1196 4120 1249 4175 tius
1269 4136 1318 4191 per
1343 4121 1495 4191 laquearia,
1519 4140 1599 4193 quatu
1624 4126 1793 4181 sublimiores
1816 4142 1938 4198 quosque
1961 4130 1988 4184 iu

379 4216 458 4286 Quod
483 4220 593 4290 quidem
618 4220 671 4276 iter
694 4220 866 4276 invisibiliter
887 4221 1026 4289 agebatur,
1049 4222 1085 4276 ita
1114 4232 1144 4278 ut
1194 4223 1288 4267 saneta
1312 4213 1431 4269 Ecclesia
1448 4215 1537 4283 lsssl⁰⁵
1557 4217 1703 4285 Sldlllficffl'l
1727 4217 1891 4280 Credamus?
1912 4218 1990 4301 ΙΟυ’)-

343 4311 393 4366 soli
409 4311 473 4378 boc,
498 4312 543 4381 qui
564 4312 740 4377 intraverant,
767 4318 887 4377 nossent,
911 4314 1034 4382 quamvis
1055 4314 1143 4382 ipsum
1195 4322 1254 4359 rtuu
1267 4322 1334 4375 opm
1350 4317 1376 4362 et
1392 4308 1512 4362 doctriua
1531 4310 1635 4364 eunctis
1652 4310 1677 4364 iu
1698 4310 1820 4381 exemplo
1838 4313 1987 4382 proposita.

343 4402 445 4459 ostium
470 4403 553 4459 eriam
579 4403 644 4459 ioris
669 4402 749 4475 positi
771 4404 904 4470 viderent,
929 4405 991 4475 qnia
1015 4405 1142 4460 minirum
1194 4398 1270 4467 quasi
1285 4398 1390 4468 lougius
1406 4400 1431 4453 iu
1445 4399 1499 4453 aito
1510 4401 1785 4471 praecmiuet,quique
1795 4402 1852 4456 suis
1862 4402 1990 4459 iuterccs·

344 4500 422 4549 actus
437 4493 555 4549 fidelium
570 4495 595 4549 in
611 4495 662 4550 boe,
677 4494 785 4561 saeculn,
802 4504 829 4551 et
842 4495 1039 4553 celebrationes
1053 4513 1144 4552 sacra.
1194 4489 1314 4544 sionibus
1328 4498 1353 4545 et
1370 4491 1602 4546 exhortationibus
1617 4493 1722 4547 animos
1747 4493 1926 4559 infirmorum,
1954 4510 1988 4551 ne

343 4594 512 4650 mentorum,
532 4586 612 4640 etiam
638 4586 745 4657 reprobi
769 4596 882 4658 possunt
904 4588 1013 4644 intueri.
1043 4590 1141 4645 verum
1194 4580 1221 4634 in
1238 4580 1430 4635 tentationibus
1447 4580 1585 4647 deficiant,
1598 4590 1753 4654 protegunt.
1779 4582 1844 4650 Qua}
1858 4585 1987 4640 nimitum

344 4691 447 4732 areana
460 4675 536 4743 fidel,
550 4676 775 4747 intimaogratianr
798 4676 957 4744 (illectionis,
979 4678 1068 4735 mullus
1088 4678 1142 4733 nisi
1194 4674 1331 4743 laquearia
1350 4682 1425 4727 reete
1447 4673 1557 4728 cedrina
1578 4689 1638 4729 esse
1663 4674 1862 4729 deseribuntur.
1885 4674 1990 4731 Codrus

344 4766 392 4837 qui
415 4780 468 4836 per
490 4766 557 4829 baec,
585 4765 700 4821 Domino
723 4767 802 4832 duce,
825 4766 858 4821 ad
882 4767 1001 4823 celestia
1026 4770 1139 4830 scandit,
1194 4781 1311 4835 namque
1326 4766 1406 4820 arbor
1419 4774 1459 4820 est
1474 4765 1648 4835 imputribilis
1661 4767 1771 4821 omnino
1790 4775 1902 4833 naturm,
1923 4766 1990 4825 odo-

344 4858 480 4929 agnoseit.
511 4877 521 4909 r
535 4858 586 4924 Qui
604 4858 676 4913 enim
697 4859 761 4914 dicit
774 4874 803 4914 sc
818 4876 897 4915 nosse
916 4861 1011 4928 Deunr,
1027 4871 1055 4917 et
1068 4878 1144 4916 niara·
1196 4858 1363 4929 risjucundi,
1375 4869 1499 4929 aspectus
1512 4858 1599 4923 nitidi,
1614 4866 1754 4928 serpentes
1768 4873 1881 4913 accensa
1894 4859 1989 4914 nidore

343 4949 409 5004 data
431 4947 491 5017 ejus
514 4964 568 5003 non
590 4950 717 5015 custodit,
741 4951 856 5005 mendax
878 4960 921 5006 est
941 4951 1141 5026 (liberauit
1195 4949 1291 5021 legans
1305 4967 1336 5006 ac
1351 4951 1495 5022 perimens.
1520 4950 1584 5018 erte
1597 4950 1722 5006 universa
1736 4949 1863 5021 perlectis
1877 4951 1989 5021 quibus·

344 5037 499 5093 Notandum
515 5054 581 5094 saue
597 5039 669 5108 quod
692 5041 801 5110 triginta
823 5042 906 5097 cubiti
928 5042 1087 5107 altitudinis,
1110 5047 1144 5100 de
1195 5058 1246 5112 quc
1261 5043 1433 5107 conveniunt,
1447 5058 1561 5111 quorum
1576 5042 1766 5112 insuperabilis
1781 5051 1824 5097 est
1844 5043 1987 5113 patientia,

344 5129 664 5200 quibussupralcgitur,
679 5133 811 5201 usquead
831 5133 949 5188 uredituu
974 5136 1144 5192 emrtaculmn
1194 5132 1265 5186 iurrra
1275 5134 1411 5202 uirtutum
1425 5132 1534 5197 exiruia,
1552 5131 1695 5201 presentia
1713 5132 1820 5187 cunctis
1833 5133 1986 5203 gratissima
2006 5179 2009 5186 .

343 5222 553 5293 pertingebant;
572 5222 671 5278 deiude
694 5222 738 5278 alii
766 5225 874 5293 triginta
894 5225 977 5280 cubiti
1002 5242 1087 5296 usqne
1110 5228 1144 5282 ad
1194 5226 1282 5292 bortis,
1297 5226 1444 5280 atteteritas
1458 5224 1492 5278 ad
1507 5224 1683 5279 revincendos
1693 5221 1926 5294 confutandosque
1940 5239 1988 5282 eos

344 5313 458 5369 tertium
486 5312 655 5367 coenaculmn
683 5314 870 5381 addebantur,
897 5332 1037 5387 quousque
1061 5317 1144 5387 porti·
1194 5317 1240 5385 qui
1255 5316 1361 5370 veritati
1380 5315 1517 5379 resistunt,
1533 5313 1761 5379 constantissima,
1784 5315 1830 5384 qui
1847 5316 1918 5370 etin
1935 5315 1987 5371 hae

343 5417 439 5469 worn,
454 5417 516 5473 quae
529 5412 606 5458 erant
619 5404 691 5459 eirca
707 5405 835 5475 templum
852 5407 885 5460 ab
897 5407 1005 5473 Austro,
1022 5416 1049 5462 et
1061 5409 1145 5478 dqui-
1194 5408 1249 5461 rita
1263 5415 1289 5461 et
1303 5409 1328 5462 in
1341 5407 1430 5461 lutura
1443 5405 1572 5477 singulari
1586 5421 1641 5476 prce
1654 5406 1915 5462 eumriseruinentia
1932 5406 1987 5461 iul·

342 5491 419 5559 ioue,
448 5502 478 5548 et
503 5494 607 5549 Occasu
634 5505 733 5550 tectum
759 5497 945 5565 perveniebat,
971 5507 1002 5552 ut
1027 5498 1144 5569 iosepbo
1194 5509 1268 5567 gent.

344 5592 479 5638 narrante
504 5585 657 5640 didicimus.
687 5586 788 5641 Deinde
817 5602 902 5656 usque
929 5588 962 5642 ad
989 5604 1143 5658 supremum

343 5675 440 5746 tempii
453 5683 553 5730 tectum
566 5677 611 5731 alii
627 5679 767 5749 sexaginta
782 5680 865 5733 cubiti
879 5680 1100 5743 ntrnterabantur,
1115 5687 1144 5734 et

343 5768 386 5822 sie
397 5774 456 5821 teta
471 5767 585 5822 altitudo
597 5768 694 5824 domus
711 5769 788 5840 juxta
807 5770 905 5826 librum
918 5770 1141 5839 Paralipomenon

345 5858 376 5910 in
396 5869 510 5912 centum
533 5858 626 5929 uiginti
647 5861 752 5916 cubitos
766 5870 951 5916 consummata
964 5868 1005 5914 est
1018 5860 1058 5931 (ll
1076 5860 1141 5914 Per.

346 5949 402 6018 rui.
429 5949 555 6006 Porticus
565 5968 683 6023 quoque,
697 5969 757 6023 quae
770 5963 830 6007 crat
842 5961 905 6007 aute
919 5951 1035 6006 irontem
1051 5952 1142 6020 terttpli

343 6038 384 6098 ad
396 6041 639 6118 Orietttcm,juxta
660 6045 739 6099 iidcru
762 6044 865 6116 [armiati
891 6044 1044 6113 voluminis,
1068 6058 1142 6099 catut-

1233 5609 1242 5641 ι
1259 5591 1292 5644 Ει
1309 5588 1452 5644 aedificarit
1472 5588 1621 5643 tabulatum
1647 5603 1728 5658 super
1748 5602 1856 5642 onlnem
1875 5587 1986 5642 domum

1199 5682 1341 5751 «quinque
1354 5680 1452 5736 cubitis
1470 5679 1627 5733 altittuiiuis.
1645 5699 1654 5731 ι
1683 5678 1822 5735 Loriculas
1841 5678 1984 5749 siguificat,

1197 5789 1257 5843 que
1272 5773 1298 5827 in
1312 5786 1437 5843 supremo
1456 5772 1551 5826 doinus
1575 5780 1646 5825 tecto
1671 5786 1719 5841 per
1741 5771 1884 5825 circuitum
1907 5776 1986 5822 eraut

1197 5863 1283 5925 frictae,
1296 5879 1329 5917 ue
1341 5862 1401 5932 quis
1415 5861 1449 5915 ad
1465 5860 1559 5916 altiora
1574 5861 1743 5930 perveniens,
1758 5868 1866 5930 repente
1881 5858 1987 5911 labem·

1197 5961 1241 6007 tur
1259 5954 1292 6007 ad
1305 5954 1358 6007 inm
1372 5971 1378 6006 :
1395 5952 1466 6023 quod
1484 5952 1511 6006 in
1525 5953 1597 6006 omni
1611 5952 1691 6006 domo
1703 5967 1784 6021 quam
1798 5951 1911 6020 quisque
1925 5950 1991 6004 aedi·

1197 6044 1291 6100 bearet
1307 6044 1411 6117 Moyses
1432 6044 1490 6100 fieri
1514 6045 1662 6114 precepit:
1680 6063 1689 6095 ι
1710 6042 1777 6097 Cum
1800 6041 1987 6105 edificaberis,
