4709 6767
312 597 347 653 tls
740 601 916 659 colluunt.
938 603 970 658 m·
990 602 1264 661 DARAUPDMENA.
1283 633 1319 647 ··-
1336 604 1401 660 LlB.
1421 603 1463 660 ll.
1857 608 1909 664 stt

310 712 418 781 propbeta
434 709 516 780 brrjrrs
528 712 667 777 meminit,
681 696 714 767 in'
724 714 801 785 carius
814 715 875 769 libri
892 715 1024 786 principio
1037 715 1073 770 ita
1089 718 1113 779 A
1127 715 1269 773 lectionem
1281 730 1377 771 nomen
1392 715 1478 785 ipsum
1489 714 1606 770 loatlran
1621 715 1758 786 exprimit.
1777 714 1911 786 interpre-

308 803 400 873 luimus
416 820 422 855 :
442 800 622 857 Verissimus
638 804 683 874 qui
694 803 744 874 [uit
755 804 783 856 in
796 804 945 873 maenius
957 804 989 858 de
1004 803 1073 859 Tbe·
1125 815 1199 862 mtur
1210 806 1281 861 enim
1299 813 1516 870 consummatus,
1533 806 1590 861 sire
1604 806 1754 877 perfeetum
1771 807 1842 863 etde
1857 808 1910 861 llo-

304 900 414 963 nimau·
425 893 488 947 sidit
501 909 580 962 super
590 892 675 947 lsrael
684 893 711 948 in
722 893 812 947 diebus
824 892 897 947 Ouia
908 895 975 963 sepis
988 893 1074 961 ludu,
1124 899 1201 953 mino
1215 897 1355 952 Salvatere
1380 897 1478 952 Paulus
1502 897 1535 952 ad
1561 897 1688 954 llebraeos
1710 899 1832 954 scribens
1850 900 1908 954 ait:

301 993 319 1034 et
335 984 358 1037 is
379 983 470 1036 diebus
489 981 629 1036 seminum
646 982 696 1052 filii
718 981 785 1037 dous
807 984 874 1052 repis
894 983 989 1049 lsrael,
1013 994 1073 1038 on¹e
1123 985 1272 1058 Dtpuidem
1293 1004 1351 1041 eum
1371 998 1436 1041 esset
1450 986 1537 1041 Filius
1553 986 1616 1052 Dei,
1636 988 1728 1041 aidica
1749 1005 1782 1042 es
1797 989 1839 1040 leis
1851 1005 1910 1058 pam

295 1072 353 1127 daos
371 1089 456 1126 anuos
475 1081 640 1128 terramtenus
654 1074 744 1146 (Amos
760 1074 790 1145 r).
813 1073 944 1129 Similiter
970 1085 998 1130 et
1018 1077 1072 1130 Za·
1122 1093 1215 1148 passus
1237 1087 1273 1131 est
1289 1066 1481 1142 elidentem,
1504 1085 1528 1131 et
1552 1088 1746 1131 consummatus
1767 1077 1853 1147 [octus
1871 1087 1908 1130 est

294 1162 534 1233 raanaspropbeta
553 1164 587 1218 tle
599 1165 756 1220 hoeeedem
772 1166 906 1221 lateralia
920 1176 1013 1221 narrat
1031 1168 1072 1222 di·
1121 1167 1241 1222 omnibus
1259 1167 1493 1236 obtemperantibus
1519 1168 1569 1222 aidi
1585 1184 1665 1223 causo
1684 1169 1908 1231 salasisonermr,
1945 1222 1948 1228 ,

291 1267 351 1308 cens
377 1271 384 1307 z
409 1253 566 1324 Epredietur
589 1254 717 1317 Dominus
741 1265 766 1308 et
790 1257 954 1327 praeliabitur
980 1269 1071 1312 eotrtro
1121 1255 1360 1326 appellatusoDeo
1371 1256 1490 1327 pontifex
1496 1257 1575 1327 juata
1587 1258 1703 1311 ordinem
1720 1256 1907 1311 Melchisedech

288 1351 369 1408 pestes
382 1342 454 1405 ilius,
475 1344 543 1398 sicat
561 1344 695 1414 praeliatus
713 1355 750 1399 est
766 1347 794 1399 iu
808 1348 851 1400 die
867 1350 1033 1414 certaminis,
1047 1359 1071 1403 et
1121 1345 1215 1419 (lledr.
1235 1345 1273 1416 u).
1294 1346 1353 1415 lpse
1364 1347 1435 1400 euim
1448 1358 1549 1416 portum
1560 1347 1652 1401 dotatus
1663 1347 1769 1401 Domini
1779 1347 1906 1402 excelsum

287 1433 388 1487 uehat
401 1433 480 1505 pedes
492 1434 548 1504 ejus
557 1435 584 1488 in
596 1435 639 1489 die
652 1436 697 1489 illu
708 1454 786 1504 super
798 1448 909 1492 orontem
924 1438 1068 1501 Diiuurnm,
1121 1440 1275 1502 construcxit,
1298 1439 1361 1506 quia
1383 1439 1576 1493 incarnationis
1600 1426 1654 1495 satae
1677 1442 1833 1510 mysterium
1853 1456 1907 1510 sparo

285 1527 327 1584 osi
343 1536 381 1578 est
401 1536 493 1579 contro
515 1525 663 1580 Jerusalem
683 1527 718 1580 od
738 1527 882 1594 Orientem,
898 1539 922 1583 et
938 1531 1072 1586 scindetur
1120 1527 1170 1582 sibi
1185 1527 1352 1593 Ecclesiam,
1374 1543 1432 1597 qrrae
1449 1543 1513 1582 vera
1535 1529 1631 1584 domus
1644 1530 1690 1584 Dei
1707 1539 1759 1594 est,
1781 1530 1906 1594 sociaret,

287 1631 356 1668 nous
373 1614 510 1669 Dlimrum
525 1632 558 1670 ea
574 1616 659 1671 medio
678 1628 753 1687 purte
770 1618 812 1672 sai
832 1620 866 1672 nd
887 1619 1028 1683 Orientem,
1046 1631 1071 1676 et
1121 1618 1236 1673 mirabili
1251 1620 1371 1688 potentia
1382 1618 1508 1675 coniecit.
1530 1618 1604 1686 Quod
1616 1631 1707 1675 atatem
1720 1621 1816 1675 merim
1829 1630 1907 1688 porta

286 1707 317 1757 ud
324 1705 503 1770 Occidentem,
515 1718 649 1778 prerupto
661 1710 757 1779 prendi
773 1710 857 1775 uelde,
871 1721 895 1764 et
906 1713 1071 1782 separabitur
1121 1718 1242 1773 uocetur,
1253 1710 1372 1763 ostendit
1383 1709 1439 1778 ipsa
1459 1710 1566 1763 Veritas
1579 1711 1606 1764 in
1621 1709 1766 1778 Evangelio
1780 1725 1841 1764 cum
1852 1710 1905 1763 ait:

286 1797 394 1851 matura
405 1798 500 1852 suoutis
512 1799 547 1852 ud
560 1797 725 1869 Aquilonem,
738 1810 762 1855 ct
774 1801 888 1856 medium
901 1803 958 1872 ejus
969 1805 1003 1856 ud
1015 1803 1070 1857 lie·
1119 1795 1177 1868 Epo
1190 1815 1248 1852 sam
1264 1800 1371 1864 ostium,
1390 1817 1436 1869 per
1448 1816 1489 1853 sne
1504 1802 1527 1853 si
1538 1802 1596 1872 puis
1616 1800 1772 1870 ineruditus,
1791 1799 1907 1853 salonii-

286 1886 413 1949 ridiermes
422 1887 576 1957 iunctm
587 1888 681 1944 nollem
693 1893 818 1946 mantiam
830 1909 931 1957 corona,
945 1895 1069 1963 qnoniam
1119 1897 1163 1940 tarr
1174 1885 1265 1958 (loon.
1280 1886 1318 1958 r).
1338 1887 1372 1941 Et
1391 1897 1465 1942 reete
1485 1887 1593 1943 excelsa
1613 1889 1671 1943 baec
1684 1895 1762 1956 perta
1782 1897 1907 1951 uocatur,

286 1976 453 2045 majusnetas
472 1976 550 2032 suiiis
564 1979 691 2033 montium
712 1996 793 2052 usque
809 1981 844 2035 ud
864 1983 1029 2053 proximam,
1045 1993 1070 2039 et
1119 1979 1183 2047 quia
1198 1978 1231 2033 De
1250 1979 1300 2034 bac
1313 1980 1408 2033 eadem
1432 1979 1577 2035 Psalmista
1599 1981 1661 2034 ait:
1683 1978 1810 2034 Encelsua
1831 1996 1909 2051 super

287 2065 462 2135 [medianas
475 2066 616 2138 'sapietiae
642 2070 711 2140 fucis
732 2080 906 2138 lamentatus,
931 2075 958 2129 in
978 2077 1067 2130 diebus
1082 2068 1105 2127 B
1119 2086 1209 2123 omnes
1230 2079 1318 2139 pentes
1337 2070 1467 2124 Dominus
1488 2080 1514 2124 et
1539 2087 1617 2141 super
1639 2070 1716 2126 casios
1739 2070 1823 2141 pluris
1848 2072 1906 2140 ejus

287 2153 351 2210 Drios
373 2159 442 2227 renis
460 2158 532 2213 ludo
547 2158 640 2231 (lucie.
656 2159 722 2234 rav).
738 2160 837 2217 llolunt
854 2173 944 2219 autem
962 2165 1067 2222 liebrasl
1118 2154 1205 2229 (Paul.
1220 2157 1296 2229 carr).
1318 2158 1449 2214 Dicuntur
1463 2160 1547 2216 edam
1558 2160 1645 2215 sarrcti
1665 2159 1790 2217 doctores
1810 2171 1904 2229 porum

288 2258 379 2300 aurum
402 2247 486 2303 luisse
511 2249 671 2319 vigesimam
701 2253 824 2322 pisinnan
849 2254 932 2321 ome,
958 2259 1068 2326 quando
1116 2249 1180 2319 quia
1190 2264 1342 2320 percorum
1358 2252 1578 2321 praedicationem
1590 2251 1654 2307 ritae
1674 2251 1804 2306 discimus
1819 2251 1905 2306 intro-

289 2336 337 2392 bee
356 2339 525 2396 aeciderunt
542 2340 626 2413 Cujus
651 2343 746 2414 reliqui
771 2345 834 2399 anni
858 2345 961 2403 iaciunt
974 2349 1066 2419 viginti
1116 2341 1200 2409 itum;
1215 2342 1286 2397 sieut
1303 2350 1332 2397 ct
1347 2350 1432 2412 portae
1454 2343 1534 2399 inseri
1558 2344 1684 2399 dicuntur
1705 2344 1837 2409 baeretici,
1857 2343 1902 2412 apd

290 2438 392 2494 septem
410 2427 512 2485 Omnes
530 2430 602 2486 enim
626 2434 748 2504 regnarit
768 2449 853 2491 anuos
871 2437 1065 2513 qulnquaginta
1115 2443 1211 2487 centra
1232 2432 1380 2488 Ecclesiam
1405 2448 1486 2503 supa
1507 2442 1612 2503 petram
1634 2434 1796 2489 aedillcatam
1821 2434 1906 2504 ipsius

290 2517 354 2574 duos
1115 2525 1221 2580 Domitd
1234 2525 1407 2580 attestatione
1422 2527 1571 2596 praevalere
1587 2541 1639 2581 non
1654 2535 1775 2595 possunt
1796 2526 1906 2580 'laureis-

546 2611 660 2670 cleda
682 2613 788 2670 XXVll.
1114 2629 1167 2685 que
1176 2614 1263 2685 prel
1275 2616 1344 2670 bene
1358 2624 1448 2686 potest
1456 2625 1611 2672 sanctarum
1625 2615 1827 2686 Scripturasum
1839 2618 1905 2671 erul-

376 2696 417 2753 De
427 2695 549 2755 donabus
567 2719 637 2773 repe,
655 2713 679 2757 et
692 2704 768 2759 ionis
781 2706 882 2762 uetitas
894 2708 963 2778 ejus.
1113 2708 1235 2763 nentium
1246 2707 1411 2778 significare,
1426 2722 1486 2777 quae
1498 2708 1561 2763 licet
1574 2708 1602 2762 in
1615 2709 1728 2762 historia
1740 2707 1902 2762 fundamen·
1955 2726 1964 2745 ·

246 2800 251 2809 ·
324 2788 414 2856 lipiaai
432 2790 547 2862 quinque
562 2810 692 2850 amoram
709 2806 766 2851 erut
786 2797 920 2864 leuibus,
944 2819 1003 2856 eum
1022 2821 1063 2858 re·
1114 2805 1141 2852 ta
1166 2797 1298 2862 collocet,
1325 2807 1409 2869 eaput
1427 2806 1518 2853 umen
1542 2797 1673 2868 spiritalis
1691 2812 1789 2852 sensus
1808 2797 1903 2852 inalta

293 2896 356 2949 ears
368 2884 486 2954 supinet
497 2926 506 2953 ,
527 2896 551 2941 et
570 2889 680 2944 sedecim
700 2893 778 2947 annia
792 2896 906 2964 repensis
917 2896 944 2949 1¹„
955 2895 1065 2951 tenna.
1113 2889 1239 2957 prorebit
1251 2897 1279 2942 et
1291 2888 1361 2943 inter
1374 2888 1465 2943 nubila
1481 2887 1612 2952 condidit,
1625 2889 1690 2943 dum
1706 2887 1802 2941 divine
1813 2889 1904 2942 seien-

295 2971 339 3025 Ιιι
351 2972 420 3041 Quid
437 2975 490 3030 sibi
513 2977 571 3033 ruit
590 2979 661 3049 quod
680 2979 819 3052 Scriptum
843 3000 929 3040 annos
949 2984 1064 3042 spathan
1114 2977 1158 3032 tiae
1171 2975 1815 3048 magnitudinemubeeulishumanisabscendit.
1829 2975 1904 3032 tlnde

293 3064 368 3121 nen
382 3076 479 3122 unere
494 3069 521 3123 in
541 3070 630 3141 capite
652 3072 727 3143 regni
743 3073 842 3143 ipsius,
864 3090 918 3144 qno
931 3085 960 3130 et
971 3079 996 3131 tn
1012 3077 1064 3134 une
1114 3068 1244 3138 scriptum
1262 3075 1315 3132 est,
1328 3065 1420 3138 caupo
1434 3069 1481 3122 aas
1493 3068 1602 3138 pecuum
1618 3067 1687 3138 ejas,
1701 3076 1725 3123 d
1738 3068 1824 3138 points
1836 3077 1905 3122 nne

293 3156 501 3220 umens..niai
522 3159 593 3228 qued
611 3175 673 3215 eum
692 3161 827 3233 significat
849 3165 875 3217 in
892 3165 1007 3236 inempta
1017 3165 1063 3235 jn.
1114 3162 1174 3215 isus
1186 3160 1325 3215 latibulum
1336 3176 1425 3215 mum.
1449 3160 1542 3230 Caligo
1555 3161 1606 3217 sub
1617 3161 1729 3230 pedibus
1742 3159 1816 3230 ejus,
1838 3161 1902 3230 quia

293 3245 449 3317 cilicasque
470 3247 506 3302 ad
525 3248 605 3304 linem
624 3252 687 3306 uitae
702 3254 907 3321 perseuerasset
926 3253 1063 3321 Quienim
1113 3266 1167 3306 non
1187 3266 1220 3307 ea
1246 3251 1371 3306 claritate
1390 3252 1430 3306 ab
1450 3250 1624 3306 interioribus
1647 3251 1770 3306 cernitur
1793 3265 1845 3319 qua
1875 3251 1903 3305 in

294 3332 343 3392 lese
355 3338 447 3394 rivere
470 3339 590 3408 inchoat,
616 3349 643 3397 et
666 3344 817 3415 religiosam
836 3347 916 3400 uitam
932 3349 1062 3417 usquead
1114 3343 1298 3414 superioribus
1311 3346 1474 3400 dominatur.
1498 3345 1619 3399 Ascendit
1635 3360 1714 3414 saper
1732 3344 1864 3398 cherubim
1877 3354 1902 3398 et

292 3423 371 3484 buum
381 3429 466 3486 duem
480 3432 645 3500 perduxerit,
658 3437 755 3491 merito
768 3444 889 3508 tempora
906 3439 968 3494 ritas
978 3440 1062 3510 ipsius
1076 3418 1098 3480 C
1113 3434 1219 3489 uelauit.
1231 3434 1376 3489 Cherubim
1389 3435 1487 3504 qarippe
1500 3433 1637 3504 plenitudo
1655 3433 1776 3488 scientiae
1789 3433 1900 3487 (licitur.

292 3512 698 3597 indepraedieantureondigna3
710 3526 814 3583 etbene
826 3529 925 3584 dieitur
935 3544 1063 3601 regnasse
1110 3524 1229 3580 Proinde
1239 3525 1523 3596 superplenitudinem
1537 3525 1658 3580 seleutia
1668 3525 1821 3580 ascendisse
1835 3539 1900 3594 per-

290 3603 495 3677 illicientem.
508 3615 572 3686 quia
581 3631 694 3687 regnum
705 3618 755 3672 sibi
768 3621 996 3688 commendatum,
1007 3630 1062 3678 mm
1111 3620 1219 3675 bibetur
1227 3626 1255 3675 et
1265 3618 1379 3685 volasse,
1393 3618 1457 3688 quia
1470 3617 1620 3687 majestatis
1638 3617 1697 3688 ejus
1712 3617 1901 3672 celsitudinem

289 3692 436 3774 bseqmm
450 3705 479 3761 in
499 3707 551 3762 sibi
562 3709 678 3764 subditis
692 3710 758 3765 bene
768 3725 875 3782 gerens,
892 3720 1000 3768 aeternae
1011 3727 1061 3784 pa-
1111 3711 1225 3766 scientia
1250 3710 1323 3765 nulla
1346 3711 1560 3781 comprehendit.
1594 3710 1701 3767 llolarit
1726 3724 1809 3779 ergo,
1834 3709 1898 3778 unia

285 3787 456 3850 &visionem
471 3797 583 3867 adipisci
599 3800 757 3869 promeruit
1112 3800 1191 3873 lenge
1203 3803 1229 3856 iu
1245 3802 1329 3857 altum
1348 3801 1384 3857 ab
1398 3801 1535 3857 intellectu
1550 3810 1642 3857 nestro
1656 3815 1686 3857 se
1702 3801 1801 3872 rapuit.
1821 3800 1902 3856 llnla-

309 3883 367 3956 lpse
381 3888 521 3956 edificat-it
535 3900 637 3960 portum
658 3893 751 3947 domus
772 3892 878 3949 Domini
895 3896 1023 3951 excelsum
1038 3908 1061 3951 et
1110 3893 1150 3947 vit
1162 3908 1245 3963 super
1259 3908 1380 3964 penum.
1400 3893 1464 3963 (luia
1485 3892 1626 3947 fldesslidm
1640 3892 1808 3948 Ummidii
1821 3907 1904 3962 ³⁰80·

275 3969 388 4031 luaru
402 3976 488 4048 θρόει
500 3980 749 4038 multoeonstruuit.
771 3982 852 4040 Urbes
866 4003 967 4057 quoque
979 3988 1063 4058 oedifi-
1111 3985 1209 4040 lorum.
1228 3983 1321 4040 Deserit
1346 3984 1471 4040 tenebras
1494 3983 1636 4039 latibulum
1656 3982 1731 4052 elus,
1753 3983 1816 4052 quia
1837 3982 1901 4037 darm

270 4066 342 4120 tuta
364 4067 393 4122 iar
416 4069 549 4124 montibus
570 4068 661 4137 lado,
684 4082 708 4127 et
729 4074 757 4128 is
779 4074 889 4131 salsitas
911 4077 1019 4132 castello
1038 4088 1062 4132 et
1112 4076 1228 4148 ealigine
1241 4085 1342 4131 nestra
1363 4076 1530 4132 infirmitatis
1550 4076 1737 4139 obscuramur,
1756 4087 1805 4144 per
1824 4072 1902 4142 igno·

266 4154 366 4211 lurrss.
386 4156 498 4213 Portam
511 4159 607 4216 demam
620 4163 725 4218 Domini
738 4165 884 4231 excelsam,
899 4165 985 4236 ipsam
1000 4166 1062 4222 llae-
1112 4170 1227 4223 martiam
1243 4176 1364 4223 uestram
1379 4167 1458 4222 nobis
1475 4167 1650 4222 absconditur
1663 4167 1748 4231 Deus,
1769 4178 1803 4219 ue
1819 4179 1835 4218 a
1850 4177 1902 4217 no·

262 4236 538 4317 benedicentem,
556 4266 617 4322 quae
634 4252 984 4326 inuuibmaposnlorun
1002 4271 1063 4328 spe·
1112 4258 1155 4315 bis
1175 4257 1256 4312 modo
1282 4257 1309 4312 in
1332 4265 1434 4313 eterra
1462 4267 1491 4312 et
1511 4258 1606 4312 intima
1628 4256 1750 4311 claritate
1766 4255 1900 4310 rideatur.

259 4338 346 4397 tissa
367 4351 491 4399 mutar.
513 4342 577 4400 llaec
597 4352 626 4401 et
643 4344 678 4400 ab
692 4346 757 4416 ipsis
772 4345 892 4403 liebrais
908 4347 1061 4418 portaloa-
1112 4349 1190 4406 llnde
1201 4349 1226 4403 ei
1237 4356 1265 4403 et
1276 4348 1303 4402 iu
1316 4347 1436 4403 canticis
1452 4349 1620 4403 canticomm
1632 4348 1667 4402 ab
1678 4360 1775 4417 sponsa
1786 4345 1899 4402 dieitur:

259 4424 347 4494 uas,
371 4446 405 4487 eo
427 4432 501 4503 quod
525 4433 583 4503 ipse
604 4449 665 4490 eam
683 4434 867 4502 adibearerit
885 4451 970 4507 usque
983 4436 1063 4493 bodie
1111 4438 1196 4509 Daue,
1214 4438 1306 4493 dilecte
1326 4439 1362 4491 mi
1384 4435 1472 4508 (Ceut.
1496 4436 1567 4493 vrtul.
1587 4436 1652 4492 ltem
1666 4450 1748 4506 snper
1761 4435 1901 4490 ebertrbim

255 4522 454 4593 haoeupatur.
482 4521 568 4593 Dpltel
589 4533 680 4580 autem
700 4526 782 4582 turris
802 4535 861 4582 erat
876 4542 929 4583 non
944 4529 1023 4600 longe
1046 4544 1062 4584 a
1112 4529 1245 4585 Dominus
1264 4528 1385 4582 ascendit
1408 4538 1435 4583 et
1449 4526 1565 4591 uelauit,
1586 4528 1650 4596 eruin
1663 4541 1745 4596 super
1756 4525 1902 4594 plenitudi-

258 4608 372 4681 suapte
397 4612 520 4669 enormis
542 4613 703 4671 altitudinis.
740 4615 817 4673 Unde
838 4627 866 4672 et
887 4617 983 4688 ophel,
1011 4620 1063 4675 boe
1112 4634 1176 4674 nem
1191 4618 1310 4673 scientae
1328 4631 1388 4686 qrrae
1408 4632 1470 4672 esse
1487 4617 1514 4670 iu
1528 4616 1683 4671 bortrinibus
1696 4617 1798 4687 putarit,
1812 4617 1900 4671 brear-

257 4707 331 4766 ffls
355 4701 542 4767 mmmmm,
561 4704 618 4759 siue
639 4705 724 4760 nubili
739 4722 836 4764 nomeu
848 4710 967 4779 aceepit,
989 4710 1061 4779 quod
1114 4708 1232 4763 nationis
1246 4722 1302 4761 suae
1321 4707 1478 4777 mysterium
1497 4708 1531 4761 ab
1546 4706 1683 4762 intellectu
1703 4708 1820 4762 humano
1834 4707 1899 4760 sarli-

259 4796 358 4862 usque
369 4792 507 4857 aduubea
525 4794 641 4866 erigeret
661 4804 751 4867 caput.
777 4797 898 4869 Denique
911 4801 956 4855 abi
969 4801 995 4855 in
1011 4801 1060 4856 ili·
1075 4759 1100 4820 Β
1113 4800 1200 4857 duruit.
1220 4796 1393 4863 Quantalibet
1406 4797 1479 4852 enim
1504 4798 1698 4853 incarnationis
1715 4798 1827 4854 seienda
1843 4798 1898 4851 rita

264 4880 348 4937 ebera
364 4883 497 4954 scaiptum
512 4892 564 4950 est,
584 4896 609 4940 et
625 4895 653 4941 tu
666 4887 746 4942 turns
757 4887 842 4958 prauis
857 4886 980 4945 amalum
995 4890 1061 4960 plia
1112 4891 1274 4962 spiritalium
1299 4888 1419 4961 irrigent,
1443 4890 1644 4959 apprehendere
1667 4906 1721 4945 non
1734 4889 1817 4952 ualet,
1832 4904 1899 4959 qrae-

271 4969 342 5027 Siara
354 4972 451 5045 ilici.
466 4974 522 5046 rr);
539 4976 566 5031 in
578 4976 691 5034 llebraee
702 4993 752 5048 pro
764 4978 843 5034 turns
856 4979 991 5045 nebulosa,
1004 4989 1061 5035 tur·
1113 4983 1194 5037 modo
1209 4980 1309 5035 iactum
1324 4981 1377 5046 sit,
1392 4987 1422 5034 nt
1444 4980 1491 5050 eui
1511 4994 1618 5051 semper
1629 4980 1730 5044 existit,
1745 4981 1901 5050 concipere·

273 5062 315 5117 ris
327 5060 414 5134 prel
427 5066 529 5137 scripta
540 5074 591 5123 est
606 5067 727 5123 llemiuit
737 5068 818 5138 hujus
828 5070 910 5126 turris
923 5080 951 5126 et
966 5071 994 5126 in
1008 5086 1061 5140 qua
1114 5083 1168 5139 tur,
1183 5083 1211 5129 ct
1226 5083 1289 5128 astte
1301 5072 1398 5129 meula
1416 5080 1512 5127 artetur
1523 5071 1662 5127 bominum
1679 5083 1837 5129 nasceretur
1852 5076 1900 5129 bn·

268 5166 349 5225 barte
370 5160 492 5217 ciuitatis
508 5162 544 5217 sit
562 5163 681 5218 ostendit
697 5163 724 5217 in
746 5164 921 5233 mouentibus
943 5180 1061 5235 presens
1115 5181 1159 5219 mo
1171 5165 1198 5219 in
1215 5163 1268 5218 line
1284 5163 1463 5229 menbrum,
1486 5177 1552 5218 care
1573 5171 1646 5218 esset
1666 5164 1795 5230 llcrbum,
1811 5163 1900 5222 ialam

268 5242 340 5305 liber
349 5249 584 5321 Paralipomenon,
601 5251 896 5310 relerensdellanassc
910 5256 1061 5326 regequod
1114 5252 1190 5308 lieret
1201 5254 1281 5308 Deus.

274 5345 302 5393 et
314 5355 394 5412 supra
412 5342 567 5411 posuimus,
591 5343 664 5413 quod
677 5343 852 5399 aedisrearerit
863 5359 969 5399 murum
984 5354 1061 5401 extra
1147 5342 1328 5412 Dormieitque
1348 5342 1547 5398 lautiniacum
1565 5345 1682 5415 putridam
1697 5346 1768 5408 suis,
1783 5355 1808 5401 et
1826 5364 1899 5417 sepe·

277 5425 410 5485 dunum
425 5429 527 5498 David,
548 5432 583 5487 ad
597 5431 767 5488 meldentem
784 5433 871 5489 Gibon
884 5435 910 5488 iu
928 5436 1060 5503 convalle,
1112 5433 1208 5488 times
1221 5450 1280 5488 mm
1292 5436 1320 5489 in
1331 5435 1433 5490 rieitute
1445 5435 1542 5501 Dauid,
1557 5444 1583 5489 et
1597 5436 1711 5506 repnuuit
1725 5435 1815 5490 deins
1827 5436 1899 5506 filius

280 5516 432 5576 abiutroitu
456 5531 542 5593 portae
562 5523 674 5594 piscimn
690 5539 739 5595 per
759 5524 903 5579 circuitum
927 5541 1013 5595 usque
1027 5528 1061 5583 ad
1112 5523 1228 5595 ejaspro
1241 5540 1281 5580 eo.

284 5602 368 5677 Opici.
397 5607 480 5667 iuxta
503 5612 647 5683 mysticum
661 5628 727 5669 uero
736 5628 869 5680 sensum,
887 5616 1059 5685 quidmelius
1376 5614 1491 5671 CAPUT
1515 5616 1621 5672 xxviii

287 5708 327 5753 tes
335 5700 386 5756 iste
395 5700 522 5766 imtban.
534 5703 673 5775 erriusuita
683 5712 711 5762 et
721 5721 803 5777 opera
814 5705 967 5774 laudantur,
978 5724 1057 5779 quam
1202 5708 1242 5764 De
1254 5709 1342 5764 Aenus
1355 5725 1423 5780 repe,
1440 5718 1464 5764 et
1480 5709 1581 5763 ostibus
1595 5708 1667 5763 iilius
1677 5707 1807 5775 nefandis.

292 5781 479 5862 *demptorem
495 5804 618 5851 nostrum
632 5795 785 5867 significati
802 5797 840 5853 De
855 5813 909 5868 quo
920 5799 1059 5869 psalmista
1151 5797 1249 5869 Vipinti
1260 5816 1390 5855 annorum
1403 5810 1458 5854 erat
1473 5800 1562 5854 deins
1575 5815 1634 5852 mna
1645 5813 1754 5867 repausa
1765 5794 1892 5863 caepisset,

295 5876 321 5929 ill
332 5901 339 5940 ι
350 5879 478 5948 Dsemsas
487 5902 598 5954 monus
613 5885 742 5942 Dominus
754 5897 778 5942 st
790 5887 931 5944 laudabilis
946 5889 1024 5943 sinus
1034 5899 1059 5944 et
1111 5900 1135 5946 et
1148 5892 1260 5946 sedecim
1275 5893 1350 5944 anais
1365 5891 1479 5961 mpuouit
1500 5892 1528 5944 in
1554 5888 1728 5943 llierusolem.
1754 5884 1815 5937 llos
1835 5882 1895 5949 secat

298 5977 396 6034 l‘utibilis
407 5998 586 6053 superuacues
607 5978 769 6055 deoslPsul.
791 5984 864 6056 aar).
893 5982 976 6053 Grrjrm
993 5999 1056 6055 per·
1111 5982 1250 6038 rensmin
1269 5988 1405 6053 conspecta
1420 5979 1526 6034 Domni
1552 5979 1619 6032 sicat
1634 5975 1720 6031 Dauid
1733 5969 1891 6045 petorrita.
