4709 6767
394 620 446 682 tta
715 615 745 667 ll.
763 611 889 667 ttnrtndt
910 608 1017 665 ildb‘lll
1036 606 1197 663 auctura.
1219 602 1372 660 trudunt.
1393 601 1535 659 orantur
1552 599 1643 657 PARS
1660 601 1681 655 l.
1964 602 2016 656 lli

386 744 440 799 qua
453 726 582 782 trinodum
596 735 656 781 erat
670 724 864 796 redempturus,
880 730 974 794 aperte
996 721 1170 793 praedicabat.
1185 717 1270 785 Aqui
1286 730 1340 771 sea
1354 715 1434 770 domo
1448 714 1533 770 barid
1549 719 1733 783 separaverat,
1750 713 1797 769 sed
1812 728 1861 785 per
1881 715 2018 771 cancellos

388 817 502 872 factura
515 830 579 883 ergo
593 815 713 885 porticus
730 821 782 869 tota
798 812 891 867 fideles
908 812 979 867 illius
996 810 1126 881 temporis
1138 808 1175 864 si·
1224 806 1333 871 cecidit,
1352 806 1415 876 quia
1429 806 1480 861 etsi
1492 805 1622 867 haretici,
1643 805 1700 859 sire
1711 805 1878 860 schismatici
1897 805 2018 876 aliquam

388 915 452 978 gnat
466 925 473 961 ε
489 906 587 961 ostium
603 904 708 959 veroin
724 903 839 973 porticu,
855 901 992 966 doctoreS,
1010 901 1055 970 qui
1069 899 1176 955 ceteris
1224 899 1301 955 bonae
1314 900 1428 954 aetionis
1446 912 1536 953 arcem
1558 897 1739 953 conscendere
1750 897 1885 965 ridentur,
1900 900 1965 970 quia
1979 911 2020 953 ta·

387 998 475 1053 lucem
489 996 551 1050 ritae
563 995 727 1065 januamque
741 992 857 1047 intrandi
875 993 909 1046 acl
923 993 1064 1047 Uotniuum
1075 991 1176 1061 pande·
1226 1007 1286 1046 men
1308 1006 1465 1061 compagem
1488 990 1679 1045 ecclesiasticae
1699 990 1811 1045 unitatis
1828 1007 1881 1045 non
1907 992 2018 1052 babent,

387 1089 452 1144 bant
466 1085 600 1159 exprimit
621 1083 662 1157 'Et
679 1084 846 1138 benennam
865 1081 1177 1151 ostium,proptercon-
1226 1080 1303 1151 quasi
1327 1080 1480 1150 patentibus
1505 1090 1533 1136 et
1553 1096 1606 1135 non
1629 1080 1722 1136 solidis
1747 1082 1861 1135 laterum
1886 1083 2022 1153 praesidiis

388 1193 481 1234 sonam
496 1177 522 1231 in
539 1174 664 1229 omnibus
679 1172 781 1228 sanctis
795 1172 874 1228 fidem
892 1186 925 1226 ae
944 1171 1115 1225 dilectionem
1134 1185 1177 1224 ue
1226 1187 1333 1241 semper
1344 1171 1377 1228 ad
1397 1172 1521 1226 titionum
1540 1171 1632 1226 infima
1653 1172 1821 1236 relabuntur,
1846 1174 1909 1228 dum
1929 1175 2022 1229 divino

388 1268 486 1325 ritatis.
525 1265 589 1333 Quae
612 1263 737 1320 uidelicet
762 1263 881 1333 porticus
908 1262 985 1332 jrrxta
1009 1260 1176 1323 latitudinem
1227 1261 1348 1315 destituti
1372 1261 1481 1325 auxilio,
1507 1277 1562 1317 suae
1588 1261 1743 1332 pertinacia
1770 1262 1843 1316 fastu
1871 1264 2020 1319 intereunt.

389 1357 480 1429 templi
499 1358 593 1429 uiginti
617 1357 717 1413 cubitis
737 1356 814 1426 longa
829 1363 897 1420 erat,
912 1356 975 1425 quia
988 1355 1116 1410 nirnirum
1129 1368 1177 1406 an·
1227 1352 1285 1420 Qua
1306 1362 1397 1408 autem
1420 1362 1479 1408 arte
1500 1353 1612 1423 prefata
1632 1354 1750 1409 tabulata
1763 1354 1914 1424 parietibus
1928 1356 2021 1426 templi

388 1450 454 1519 tiqui
462 1447 528 1517 justi
539 1463 587 1518 per
601 1446 832 1517 longanimitatem
844 1446 946 1500 devotae
960 1444 1059 1500 mentis
1072 1443 1177 1499 deside·
1228 1444 1388 1509 statatum,
1405 1443 1556 1499 declaratur
1570 1459 1630 1498 cum
1645 1444 1770 1499 subditur
1785 1459 1793 1498 ι

388 1541 485 1595 rabant
500 1537 592 1592 sortire
605 1537 639 1591 ad
655 1536 838 1590 dilatationem
851 1536 989 1601 Ecclesiae,
1006 1535 1033 1589 in
1046 1534 1177 1590 charitate
1266 1537 1393 1590 «Trabes
1416 1544 1504 1591 aarum
1529 1536 1619 1605 posuit
1643 1537 1670 1590 in
1688 1537 1797 1592 domum
1815 1553 1864 1607 per
1877 1538 2021 1593 circuitum

388 1630 447 1696 Uei,
462 1645 522 1699 quae
535 1639 577 1683 est
590 1628 617 1681 in
632 1627 740 1684 Cluisto
755 1627 868 1682 borrdrm
883 1634 985 1682 nostro.
1233 1644 1240 1677 t
1256 1623 1416 1690 forinsecus,
1440 1633 1470 1679 ut
1489 1641 1542 1679 raon
1565 1626 1699 1680 licererent
1717 1627 1802 1683 muris
1818 1630 1921 1699 templi,
1940 1639 1994 1686 etc.
2010 1651 2019 1681 ι

426 1722 579 1791 effecitque
598 1722 625 1774 in
646 1719 744 1788 templo
763 1717 896 1774 fenestras
916 1718 1072 1788 obliquasr
1092 1716 1180 1771 Fene.-
1230 1717 1332 1773 'frabes
1354 1726 1454 1783 autem,
1474 1733 1534 1787 quae
1555 1718 1719 1773 intrinsecus
1739 1721 1846 1774 domum
1865 1722 2024 1777 muniebant

389 1823 454 1869 strae
480 1811 592 1881 templi,
612 1811 736 1865 doctores
759 1810 846 1864 sancti
863 1819 890 1863 et
908 1808 1062 1879 spirituales
1080 1808 1180 1877 quique
1229 1815 1257 1862 et
1274 1808 1421 1872 ornabant,
1440 1816 1520 1862 tantae
1534 1816 1612 1862 erant
1626 1808 1812 1880 longitudinis
1828 1821 1858 1867 ut
1872 1814 1961 1883 capita
1974 1830 2022 1869 ea-

390 1904 418 1958 in
437 1900 571 1965 Ecclesia,
588 1899 686 1969 quibus
701 1906 790 1953 metite
803 1898 996 1952 excedentibus
1013 1896 1068 1953 Deo
1080 1911 1180 1950 arcana
1231 1914 1291 1952 rum
1304 1896 1455 1953 lorinsecus
1470 1900 1663 1969 prominerent,
1689 1901 1716 1954 in
1739 1901 1831 1957 infimo
1851 1905 1958 1971 quidem
1978 1920 2025 1960 or-

389 2000 556 2052 secretorum
568 1989 717 2046 coelcstiutn
731 1989 874 2059 specialius
887 1989 992 2044 cmteris
1007 1989 1098 2043 ridere
1113 2004 1179 2043 cun·
1232 1988 1295 2043 dine
1316 1988 1468 2043 cubitorum
1489 1997 1602 2060 septem,
1625 1990 1653 2045 in
1675 1992 1764 2048 medio
1786 2009 1846 2059 set,
1871 1997 1897 2053 in
1917 2011 2023 2051 summo

390 2086 503 2141 ceditur.
535 2084 584 2151 Qui
610 2084 673 2138 elram
697 2098 728 2138 ea
748 2098 807 2152 quae
826 2084 852 2137 in
871 2082 976 2138 occulto
995 2081 1107 2147 rident,
1128 2097 1179 2150 pu·
1195 2061 1217 2118 B
1232 2079 1360 2150 quinque,
1376 2088 1457 2148 atque
1471 2080 1499 2135 in
1515 2081 1617 2136 eisdem
1636 2083 1769 2151 capitibus
1789 2099 1882 2139 earum
1903 2086 2022 2142 tabulata

388 2174 459 2231 bliee
476 2174 596 2230 fidelibus
614 2175 744 2246 pandunt,
762 2174 839 2243 quasi
858 2182 983 2244 suscepto
998 2171 1098 2227 lumine
1115 2171 1181 2226 solis
1232 2179 1467 2241 componerentur,
1482 2187 1651 2242 nequaquam
1667 2175 1752 2229 tnrrris
1764 2175 1854 2245 templi
1865 2176 1959 2240 inlita,
1975 2180 2023 2234 scal

391 2265 517 2319 fenestrae
542 2271 637 2318 cuncta
666 2263 754 2332 templi
786 2262 933 2331 penetralia
962 2262 1075 2331 replent.
1104 2261 1181 2317 Unde
1228 2261 1306 2333 jutta
1324 2278 1417 2318 muros
1438 2263 1559 2318 trabibus
1582 2279 1642 2333 quae
1661 2265 1694 2321 de
1711 2265 1797 2321 muris
1820 2267 1952 2332 exierant,
1976 2284 2024 2324 su-

389 2356 459 2421 bene
472 2353 570 2410 eaedem
590 2353 712 2408 fenestrae
730 2353 856 2424 obliqua,
877 2354 903 2408 id
924 2360 975 2420 est,
999 2353 1073 2408 intus
1096 2351 1182 2408 fuisse
1232 2355 1377 2425 perposita.
1402 2355 1470 2423 Quid
1486 2356 1577 2426 itaque
1592 2373 1640 2426 per
1653 2358 1744 2414 trabes
1756 2359 1861 2427 domus,
1875 2376 1935 2430 quae
1951 2362 2027 2416 tabu·

392 2446 502 2501 latiores
514 2445 698 2516 perhibentur,
719 2444 781 2513 quia
802 2445 927 2499 nimirum
948 2460 1059 2500 neeesse
1079 2452 1130 2509 cst,
1151 2453 1182 2498 ut
1233 2444 1286 2499 lata
1302 2447 1463 2516 portabant,
1486 2447 1536 2501 nisi
1552 2448 1744 2516 predicatores
1758 2453 1920 2508 sanctisunt
1937 2455 2026 2524 typice

392 2535 514 2606 quisquis
534 2535 614 2606 jubar
632 2550 754 2605 supernae
768 2534 1001 2604 contemplationis
1015 2534 1056 2588 vel
1073 2533 1105 2587 ad
1122 2548 1181 2589 mo·
1233 2535 1387 2607 designati?
1411 2537 1461 2605 Qui
1478 2538 1540 2592 dum
1556 2539 1606 2608 ipsi
1620 2538 1762 2595 sublimem
1778 2550 1859 2612 atque
1879 2544 2026 2601 bonorabi-

391 2635 510 2679 ruentum
534 2625 694 2696 perceperit,
715 2640 778 2679 mox
797 2625 886 2679 siarum
907 2624 995 2679 cordis
1009 2622 1123 2695 atriplius
1137 2640 1182 2680 ca·
1232 2626 1285 2683 lem
1301 2628 1328 2681 in
1347 2627 1468 2683 Ecclesia
1486 2628 1532 2683 Uei
1550 2628 1639 2684 lucum
1652 2637 1754 2696 tenent,
1768 2632 1931 2689 infirmiores
1943 2649 2027 2703 qnos-

390 2717 516 2788 siigando
529 2714 631 2781 dilatet,
648 2724 728 2785 atque
744 2715 778 2769 ad
794 2714 897 2785 majora
909 2715 1072 2784 capessenda
1088 2713 1181 2770 solerti
1233 2734 1330 2789 quoae
1343 2719 1453 2788 fragiles
1471 2721 1527 2775 suis
1549 2722 1784 2790 predicationibus
1801 2724 1835 2778 ab
1857 2724 2025 2779 intirmorum

392 2805 586 2863 exercitatione
609 2814 751 2875 preparet.
1234 2811 1355 2881 appetitu
1374 2810 1530 2877 sustollunt,
1552 2820 1633 2881 atque
1656 2812 1689 2865 ad
1710 2812 1831 2867 coelestia
1849 2813 2025 2870 desideranda

426 2898 483 2952 «Et
496 2896 637 2951 aedificarit
652 2897 872 2967 superparietem
885 2896 976 2968 templi
1001 2897 1120 2953 tabrdata
1134 2914 1183 2969 per
1234 2917 1267 2957 ae
1286 2901 1419 2971 speranda
1438 2901 1618 2970 suspendunt;
1639 2901 1696 2955 suis
1720 2902 1802 2956 etiam
1826 2903 2027 2959 intercessioni-

396 3010 404 3041 t
419 3004 515 3061 gyrum
530 2988 556 3042 in
572 2988 719 3057 parietibus
740 2988 835 3043 donatas
857 3003 906 3059 per
927 2989 1069 3043 circuitum
1091 2988 1184 3057 templi
1234 2991 1296 3057 bus,
1309 3000 1340 3045 ut
1353 2991 1380 3044 in
1395 2991 1491 3061 coeptis
1500 2991 1656 3061 persistant,
1670 2992 1806 3063 adjurant.
1833 2993 1960 3065 Legimus
1977 3010 2026 3049 au·

396 3090 448 3132 tet
461 3077 574 3143 oraculi,
587 3086 615 3133 et
628 3077 694 3133 fecit
708 3077 791 3133 latera
811 3078 837 3134 in
857 3080 981 3134 circuito.
1011 3080 1183 3144 Tabularum,
1236 3090 1289 3136 tem
1318 3081 1343 3135 in
1363 3080 1586 3151 Paralipomenon
1611 3082 1654 3154 (ll
1680 3081 1745 3136 Par.
1772 3083 1813 3155 ιιι)
1838 3085 1910 3154 quod
1936 3087 2028 3142 trabes

396 3190 404 3223 t
419 3170 490 3241 quod
509 3179 668 3242 supererat,
687 3171 805 3243 quinique
818 3173 923 3229 cubitos
937 3174 1053 3229 babebat
1064 3173 1185 3228 latitudi·
1237 3169 1338 3242 templi,
1359 3171 1428 3225 sicut
1442 3179 1469 3226 et
1482 3181 1580 3226 caetera
1595 3170 1653 3239 ejus
1679 3172 1819 3238 interiora,
1840 3173 1940 3229 fuerint
1961 3190 2029 3230 auro

396 3264 517 3328 rnis3et
531 3264 647 3318 medium
655 3263 800 3318 tabulatum
812 3265 973 3321 sexcubitos
984 3264 1186 3331 latitudinis;et
1236 3263 1351 3317 vestitae.
1376 3263 1451 3331 Quod
1468 3263 1505 3317 ita
1527 3261 1627 3318 facttum
1646 3279 1705 3319 esse
1726 3281 1780 3320 non
1797 3267 1908 3321 dubium
1930 3276 1982 3333 est,
2000 3285 2029 3323 ur

398 3372 407 3407 t
423 3356 532 3411 tertium
550 3355 697 3412 tabulatum
718 3365 821 3427 septem
834 3357 935 3413 babens
951 3358 1057 3413 cubitos
1067 3356 1185 3412 latitudi·
1237 3352 1289 3407 itte
1308 3353 1414 3407 trabum
1437 3362 1538 3423 partes,
1552 3370 1612 3423 quae
1624 3354 1698 3409 intus
1712 3355 1739 3409 in
1753 3333 1850 3426 templo
1863 3365 1953 3422 erant,
1968 3359 2028 3412 artri

390 3438 406 3497 'r
423 3447 475 3501 nis.
491 3465 500 3497 ι
519 3445 582 3501 llaec
593 3446 711 3501 tabulata
719 3448 746 3500 in
760 3446 967 3518 Euangelio,ubi
977 3417 1221 3505 bominustenta-C
1236 3450 1329 3498 essent
1345 3441 1452 3497 laminis
1467 3434 1559 3508 tecte3
1581 3458 1641 3513 quae
1663 3459 1727 3499 vero
1748 3445 1813 3500 foris
1827 3446 1969 3516 parebant,
1987 3448 2030 3502 bae

321 3539 325 3548 '
395 3544 440 3590 tur
451 3551 466 3589 a
478 3533 592 3597 diabolo,
603 3534 746 3604 pinnacula
762 3535 852 3605 templi
867 3545 997 3590 vocantur
1012 3534 1119 3607 (flattu.
1135 3534 1184 3608 tv).
1236 3533 1347 3588 minime
1367 3534 1513 3607 deauratae,
1530 3535 1614 3606 ipsam
1633 3536 1706 3591 cedri
1724 3537 1841 3607 speeiem
1859 3537 2030 3610 formamque

395 3622 495 3680 Sedet
516 3620 669 3689 iacobum,
696 3622 808 3678 fratrem
836 3623 943 3679 bomini
961 3664 968 3689 ,
988 3624 1186 3695 apostolum,in
1237 3624 1341 3680 cunctis
1354 3626 1538 3691 ostenderent,
1557 3626 1650 3696 inqua
1666 3634 1756 3681 tamen
1777 3627 1902 3696 imposita
1920 3629 2030 3683 sibimet

395 3714 569 3789 pinnaeulum
588 3715 701 3786 templi,
721 3715 792 3771 unde
810 3716 845 3771 ad
862 3715 990 3787 populum
1010 3716 1186 3774 concionare-
1238 3718 1356 3773 tabulata
1369 3720 1520 3790 gestabant.
1544 3718 1621 3787 Quod
1633 3718 1877 3789 ergoertrinsecus
1891 3722 2031 3776 eminebat

395 3814 449 3870 tur,
465 3804 583 3860 levatum
598 3820 658 3861 esse
673 3806 796 3877 legimus.
817 3806 914 3862 Utrum
930 3814 1018 3862 autem
1033 3807 1117 3863 moris
1132 3806 1188 3862 fue·
1238 3809 1366 3876 trabium,
1378 3810 1461 3863 vitatu
1477 3817 1642 3876 sanctorum,
1659 3826 1719 3881 quae
1734 3811 1811 3865 nobis
1821 3811 1848 3866 in
1859 3812 1940 3866 terris
1953 3810 2030 3866 irino·

396 3899 433 3953 rit
446 3898 602 3954 doctoribus
614 3906 643 3954 ut
661 3899 688 3953 in
706 3899 749 3955 his
771 3900 897 3957 sedentes
920 3900 1058 3968 tabulatis,
1081 3902 1114 3957 ad
1134 3901 1187 3957 eir·
1238 3909 1340 3957 tescere
1351 3900 1589 3972 potuit,designat.
1605 3901 1680 3969 Quod
1691 3902 1763 3957 intus
1774 3903 1800 3958 in
1811 3900 2032 3970 tentplodeaura·

396 3996 577 4044 etintstantem
602 3986 715 4044 inferius
740 3988 845 4043 turbam
873 3988 986 4044 fecerint
1014 4003 1186 4054 sermonem,
1238 4002 1294 4048 turn
1308 3992 1435 4065 fulgebat,
1450 3993 1600 4048 claritatem
1615 3992 1697 4058 illam,
1711 4007 1764 4062 qua
1782 3993 1808 4047 iu
1828 3992 1931 4047 coelesti
1941 3994 2031 4061 patria

396 4096 529 4151 nunquam
543 4080 672 4151 scriptum
687 4080 849 4147 inrcnintus;
862 4089 936 4151 patet
949 4097 1014 4136 reru
1026 4081 1187 4136 sacramenti
1237 4086 1265 4142 in
1282 4093 1392 4155 aspectu
1407 4084 1448 4139 sui
1464 4084 1581 4155 gaudent
1594 4084 1733 4148 creatoris,
1750 4084 1864 4155 figurate
1878 4083 2030 4138 denuntiat.

397 4174 478 4239 ratio,
494 4173 565 4242 quod
580 4171 699 4227 tabulata
715 4173 773 4227 hac
789 4171 840 4226 tria
858 4172 968 4226 totidem
989 4171 1106 4227 fidelium
1126 4187 1188 4244 gra·
1276 4176 1396 4230 «Domus
1409 4181 1499 4230 autem
1513 4190 1575 4229 cum
1586 4173 1776 4241 aedificaretur,
1793 4175 1825 4229 de
1838 4174 1972 4244 lapidibus
1984 4175 2032 4230 do·

396 4265 456 4330 dns,
473 4265 675 4335 conjugatorum
691 4263 824 4331 uidelicet,
843 4263 1039 4334 continentium
1057 4270 1084 4318 et
1104 4262 1188 4332 uirgi—
1242 4265 1327 4319 alatis
1343 4272 1423 4335 atque
1435 4263 1564 4335 perfectis
1579 4263 1711 4320 edificata
1734 4272 1785 4319 est.
1812 4264 1846 4320 Et
1866 4265 1980 4334 malleus
2002 4274 2032 4320 et

397 4371 462 4412 num
474 4356 615 4425 designant
629 4373 635 4409 :
651 4353 792 4410 distinctos
807 4353 913 4426 quidem
932 4353 1074 4408 altitudine
1088 4352 1190 4423 profes-
1242 4375 1251 4407 ι
1266 4355 1379 4422 securis,
1394 4364 1421 4409 et
1434 4370 1514 4410 orrrue
1526 4353 1729 4420 ferramentum,
1745 4370 1799 4409 uon
1815 4362 1878 4409 sunt
1893 4355 1985 4409 audita
2002 4355 2031 4410 in

398 4446 493 4512 sionis,
510 4445 557 4501 sed
577 4446 706 4502 societate
726 4444 788 4501 fidei
808 4454 835 4501 et
849 4444 973 4501 veritatis
997 4444 1118 4516 ejusdem
1133 4460 1190 4498 om-
1242 4469 1251 4501 ι
1266 4450 1357 4516 domo,
1373 4463 1434 4504 com
1448 4447 1660 4503 aedificaremur
1685 4447 1748 4502 llaec
1764 4448 1799 4502 ad
1813 4447 1887 4502 illam
1903 4447 2033 4503 Ecclesiae

397 4552 446 4596 nes
458 4537 491 4592 ad
502 4537 610 4592 domum
625 4535 731 4592 bantini
746 4537 922 4607 pertinentes,
937 4537 1016 4608 eique
1032 4535 1084 4590 fixa
1099 4542 1190 4591 mente
1239 4549 1354 4610 partem,
1368 4554 1427 4608 quae
1443 4547 1505 4609 post
1516 4538 1597 4608 bajus
1613 4537 1703 4594 sacculi
1719 4538 1824 4594 labores
1841 4548 1870 4593 et
1883 4540 2032 4594 certamina

398 4628 573 4685 inhaerentes.
602 4626 654 4682 Ubi
682 4627 793 4699 pulchre
830 4627 929 4684 dieitur
951 4627 1015 4697 qula
1040 4625 1189 4681 tabulatum
1240 4633 1388 4687 adaeterna
1402 4633 1513 4700 praemia
1530 4632 1630 4687 meruit
1646 4631 1791 4699 introduci,
1813 4633 1923 4702 proprie
1943 4632 2032 4702 perti-

398 4720 469 4790 quotf
484 4724 634 4789 supererat,
653 4718 771 4788 quinque
781 4718 887 4774 cubilos
902 4717 1019 4773 babebat
1029 4715 1188 4780 latitudinis,
1241 4730 1315 4776 picot.
1341 4720 1379 4776 lbi
1394 4722 1465 4776 enirn
1485 4720 1599 4792 perfecti
1619 4722 1787 4779 solummodo
1805 4732 1833 4778 ot
1853 4721 2032 4787 immaculati,

398 4811 515 4867 medium
529 4825 589 4875 sea,
606 4811 714 4864 tertium
726 4818 838 4879 septem.
863 4808 1023 4883 Supremam
1038 4822 1101 4878 ergo
1112 4806 1190 4859 tabu·
1241 4822 1322 4883 arque
1340 4812 1375 4866 ab
1393 4812 1466 4868 omni
1483 4812 1543 4867 rapo
1567 4814 1715 4882 iniquitatis
1731 4813 1855 4883 castigati
1873 4813 2032 4884 inmoto...

396 4902 482 4960 latum
497 4910 558 4958 erat
575 4901 681 4955 caeteris
698 4900 847 4970 angustius,
869 4899 987 4954 medium
1005 4911 1130 4966 supremo
1148 4896 1188 4950 la·
1243 4911 1296 4956 tur.
1329 4900 1407 4955 «Non
1425 4902 1496 4957 enim
1510 4902 1621 4957 intrabit
1636 4902 1663 4957 in
1678 4902 1750 4957 illam
1773 4904 1910 4958 etr-itatem
1930 4903 2033 4973 aliquid

398 4995 463 5059 tius,
483 4991 530 5047 sed
551 4989 643 5045 inflnro
660 4996 719 5044 erat
739 4988 838 5043 factum
856 4989 1006 5065 angustius,
1025 4986 1087 5057 quia
1108 4986 1188 5041 nimi·
1241 4990 1454 5061 coinquinatum,
1469 4992 1570 5047 faciens
1580 4991 1804 5047 abominationem
1815 4992 2051 5058 etmeudaeium„

398 5099 461 5140 rum
479 5085 560 5140 altior
578 5081 711 5156 professio
732 5082 839 5141 uirtutis
862 5083 1005 5139 arctiorem
1024 5081 1104 5137 debet
1119 5082 1188 5136 riam
1242 5085 1312 5140 sicut
1324 5085 1351 5139 in
1361 5084 1521 5157 Apocalypsi
1532 5086 1640 5156 scripsit
1653 5085 1771 5142 loannes
1784 5086 1875 5157 (apoc.
1890 5083 1959 5157 xxa).
1981 5085 2032 5141 Ubi

398 5187 492 5234 tenore
506 5177 623 5233 uiuendi.
650 5175 759 5247 Singula
772 5185 863 5232 autem
877 5176 995 5232 tabulata
1009 5175 1143 5231 habebant
1161 5175 1189 5230 in
1243 5173 1355 5229 malleus
1369 5184 1396 5229 ct
1411 5174 1523 5239 securis,
1539 5183 1566 5229 et
1579 5189 1658 5229 omne
1669 5173 1863 5229 ferramentum
1882 5190 1936 5229 non
1956 5174 2034 5229 audi-

399 5267 513 5323 circuitu
530 5267 624 5332 latera,
648 5266 734 5322 idest
756 5265 892 5330 loriculae,
915 5281 949 5321 nc
974 5265 1052 5320 facile
1075 5264 1136 5336 quis
1161 5264 1188 5318 in
1243 5268 1430 5337 tur,quial1ic
1449 5268 1586 5322 tundimur
1602 5265 1820 5332 adversitatibus,
1841 5275 1868 5320 et
1890 5266 2032 5335 disciplina

399 5360 500 5414 eisdem
515 5358 641 5414 tabulatis
653 5359 803 5414 oortsistcns
816 5360 873 5413 sire
893 5358 1022 5422 residens,
1046 5366 1138 5427 posset
1156 5356 1190 5411 ad
1242 5358 1365 5413 veritatis
1388 5373 1561 5421 exercentur,
1582 5366 1612 5412 ut
1633 5357 1687 5412 illic
1715 5356 1781 5411 locis
1803 5355 1881 5424 juxta
1905 5356 2033 5411 meritum

400 5448 527 5504 iuferiora
543 5450 677 5516 decidere,
693 5451 763 5520 quod
777 5449 900 5505 debarim
919 5450 975 5520 regi
995 5450 1140 5520 contigisse
1162 5448 1189 5502 in
1243 5453 1369 5523 congruis
1395 5452 1590 5520 disponamur:
1610 5451 1787 5520 castigatione
1810 5457 1952 5515 cessante,
1975 5448 2034 5504 solo

400 5538 524 5594 Satnaria
541 5538 654 5610 legimus
670 5538 721 5610 (ff
735 5539 799 5610 flep.
814 5540 844 5611 r).
873 5539 936 5605 Quian
950 5540 1077 5594 nirniram
1093 5538 1188 5603 latera,
1243 5544 1343 5597 amoris
1359 5542 1460 5612 glutino
1477 5543 1580 5611 quoad
1597 5542 1712 5599 irtrieem
1730 5541 1899 5613 copulemur,
1913 5556 1967 5595 uuo
1982 5540 2034 5595 im·

401 5647 455 5687 nou
471 5633 617 5701 incongrue
638 5629 793 5700 quotidiana
813 5628 909 5683 diuinae
932 5629 1107 5699 protectionis
1127 5644 1190 5700 erga
1242 5634 1307 5705 ploti
1321 5635 1417 5705 spiritu
1429 5634 1631 5704 perfundamur.

402 5746 451 5786 nos
476 5730 625 5787 munimina
654 5730 806 5801 designant.
838 5730 876 5786 Ue
901 5731 998 5800 quibus
1024 5730 1189 5786 Psalmista:
1281 5724 2032 5796 ‹Ostiumlaterismediiinparteeratdontusdextne,

404 5819 565 5886 «inmittet,
581 5819 677 5889 iuquit,
692 5820 815 5891 angelum
835 5820 963 5875 Dominus
981 5820 1138 5876 incircuitu
1156 5821 1191 5875 ti·
1245 5836 1254 5868 t
1269 5827 1296 5871 et
1313 5831 1362 5885 per
1379 5815 1517 5870 coclrleam
1536 5814 1719 5870 ascendebant
1731 5816 1758 5868 iu
1774 5815 1892 5868 medium
1906 5827 2034 5868 coenacu-

403 5914 532 5967 tnentinm
547 5927 617 5978 etant,
632 5920 659 5967 et
675 5912 771 5983 eripiet
782 5927 828 5967 eos
839 5911 924 5983 (Paul.
939 5911 1066 5983 aurinia
1091 5911 1193 5966 Ascen·
1245 5906 1334 5970 «fulb,
1353 5915 1408 5961 01³
1422 5905 1511 5959 aredio
1529 5905 1557 5958 1¹1
1574 5904 1691 5968 leffium,
1710 5912 1763 5957 010·
1779 5923 1788 5953 t
1814 5903 1940 5970 Quidem,
1962 5903 2034 5956 ¹¹⁰0ss

403 6004 563 6073 aliquidem
587 6002 615 6060 t'n
633 6003 800 6060 ctrrrarculum
820 6004 951 6060 alcltazias
976 6020 1020 6059 rex
1048 6002 1189 6069 Sarraarim,
1243 6000 1330 6055 loeurn
1355 5998 1424 6055 ntale
1444 5996 1634 6068 intelligentes,
1659 6004 1754 6067 ιιιιιιιιι
1775 5997 1874 6051 ostium
1898 5994 1991 6065 templi
2017 6007 2033 6047 a
