4709 6767
371 610 424 665 tt:

773 600 948 657 tuttttest.
971 601 1001 653 ΙΝ
1023 595 1144 652 libitos
1164 596 1196 648 tt·
1219 593 1348 649 tttlsstttt.
1368 625 1403 633 —
1421 593 1453 647 tt
1474 588 1536 645 tttt.
1558 589 1600 643 lll.

1941 584 1992 641 ttt

370 741 431 781 rum
452 716 617 776 conscicntia
641 714 814 784 designatur;
839 727 997 782 quocunqne
1013 711 1083 763 eninr
1098 723 1157 760 ver·
1172 715 1195 767 ,t
1211 717 1266 761 toto
1281 715 1338 760 erat
1349 707 1408 759 orbi
1422 705 1601 773 praedicanda,
1627 703 1662 754 ita
1684 701 1764 755 etiam
1776 716 1824 770 per
1844 701 1910 755 duos
1921 700 1993 756 ordi-

371 816 437 871 teris
452 811 625 882 quadratum,
644 806 734 860 stabit.
764 804 809 858 Sic
831 814 858 857 et
881 804 986 856 animm
1010 801 1158 855 electorum

371 907 445 961 uullo
467 901 643 957 tentationum
661 911 775 953 occursu
793 896 867 949 novit
881 912 895 948 a
914 902 984 948 statu
1004 908 1059 946 suae
1079 891 1162 945 certi·

373 994 473 1049 tudinis
493 988 627 1044 inclinari.
642 986 726 1039 Batus
738 993 827 1038 antem
844 984 1015 1037 llebraeornm
1033 996 1159 1035 mensura

372 1098 425 1150 est,
438 1097 518 1154 quam
533 1079 582 1149 ipsi
598 1078 665 1130 Batb
686 1075 835 1137 nominant,
862 1074 964 1127 babens
977 1071 1080 1125 modios
1095 1080 1158 1124 tres.

371 1177 432 1246 ipsa
446 1182 487 1228 est
500 1170 572 1239 epbi,
589 1167 658 1238 tqrrorl
675 1166 711 1219 illi
727 1166 794 1234 epha
808 1171 972 1232 nuncupant.
988 1161 1040 1215 Sed
1051 1159 1112 1229 ephi
1127 1160 1160 1213 ad

372 1278 525 1321 mensuram
538 1260 654 1331 pertinet
668 1257 804 1311 variarum
818 1255 934 1324 frugum,
950 1251 1042 1313 tritici,
1056 1250 1159 1313 bordei,

372 1356 549 1426 leguminum.
573 1349 655 1401 batus
672 1362 735 1400 rere
758 1352 798 1400 est
822 1345 849 1397 in
876 1343 1017 1411 speciebus
1041 1340 1160 1410 liquidis

372 1446 531 1512 viuo‚oleo,
556 1458 636 1511 aqua.
662 1440 753 1509 ltaque
776 1437 870 1501 batus,
885 1436 947 1505 qnia
973 1442 1053 1487 certae
1067 1447 1161 1485 norma

374 1550 508 1591 mensurae
527 1541 577 1595 cst,
604 1545 685 1601 opera
713 1528 835 1598 designat
856 1525 991 1594 aequitatis
1005 1522 1161 1591 etjustitia,

374 1629 473 1700 quibus
484 1626 521 1690 bi,
535 1626 580 1695 qui
596 1625 622 1676 in
637 1621 821 1676 remissionem
837 1626 1007 1688 peccatorum
1021 1614 1161 1684 baptizan-

375 1729 432 1782 tur,
447 1729 558 1771 necesse
570 1713 670 1767 babent
684 1710 798 1764 institui.
825 1708 906 1762 batos
918 1709 1016 1776 quippe
1030 1703 1102 1759 mille
1116 1719 1162 1758 ca-

373 1810 561 1880 piebatmare,
584 1819 644 1858 eum
666 1817 735 1871 aqua
750 1800 921 1870 baptismatis
935 1797 1040 1868 plebem
1057 1796 1164 1851 ludaeo-

374 1914 435 1953 rum
451 1895 579 1956 abluens,
604 1893 637 1947 ad
653 1906 766 1961 regnum
785 1889 893 1943 eoeleste
906 1888 1063 1943 transmisit.
1084 1886 1164 1941 lleci-

375 1989 465 2057 piebat
488 1996 515 2041 et
540 1985 606 2038 alios
629 1980 711 2043 mille,
731 1995 791 2033 eum
814 1979 895 2032 etiam
912 1978 1004 2031 turbas
1025 1976 1164 2030 nationum

1211 815 1258 852 nes
1275 798 1389 852 luterum
1402 798 1514 866 mystice
1529 794 1679 850 ostenditur
1700 795 1762 862 quia
1781 793 1915 862 gentilitas
1934 810 1995 848 euru

1211 890 1300 944 Jndaea
1316 890 1342 942 in
1353 904 1434 942 unum
1449 887 1509 941 fidei
1521 885 1684 940 censentium
1697 900 1744 953 per
1757 884 1926 954 baptismatis
1937 893 1997 940 erat

1211 980 1309 1032 undam
1321 978 1478 1047 colligenda.
1504 976 1579 1042 Quod
1594 984 1683 1028 antem
1707 985 1822 1043 quatuor
1843 975 1995 1030 cubitorum

1211 1069 1393 1140 longitudinis,
1409 1077 1435 1121 et
1449 1076 1563 1137 quatuor
1577 1067 1727 1121 cubitorum
1744 1067 1900 1131 latitudinis,
1916 1067 1997 1122 trium
2012 1070 2017 1082 ‘

1212 1162 1362 1214 cubitorum
1382 1158 1546 1223 altitudinis,
1567 1157 1645 1211 bases
1671 1158 1781 1228 singule
1806 1158 1897 1222 lucre,
1919 1158 1999 1214 laeile

1212 1251 1348 1305 intellectu
1362 1259 1421 1304 cst:
1438 1248 1575 1317 longitudo
1587 1248 1687 1301 etenim
1710 1247 1742 1301 ad
1762 1248 1920 1317 parientiam
1939 1250 1998 1305 lon·

1212 1340 1387 1413 ganiruitatis,
1399 1339 1512 1393 latitudo
1527 1338 1559 1391 ad
1574 1337 1756 1391 dilatationem
1767 1336 1925 1404 dilectionis,
1940 1338 2001 1393 alti·

1213 1432 1276 1486 tndo
1289 1431 1405 1500 pertinet
1418 1429 1450 1482 ad
1472 1444 1545 1499 spem
1570 1442 1692 1497 supernae
1714 1427 1907 1483 retributionis.
1926 1430 1999 1497 Qua·

1208 1512 1276 1576 inor
1290 1529 1379 1575 antem
1398 1530 1461 1574 snut
1474 1520 1636 1590 principales
1655 1520 1779 1584 virtutes,
1793 1520 1890 1588 quibus
1903 1529 2000 1576 caetera

1213 1613 1342 1667 virtutum
1356 1621 1491 1667 structura
1502 1611 1638 1665 imminet:
1659 1611 1799 1680 prudentia
1819 1611 1930 1678 seilicet,
1947 1610 2001 1667 lor·

1215 1705 1310 1769 titudo,
1332 1704 1520 1774 temperantia,
1546 1701 1669 1770 justitia;
1691 1711 1717 1757 et
1731 1701 1791 1757 ideo
1808 1712 2000 1772 quaternorum

1214 1805 1274 1853 erat
1285 1794 1438 1851 cubitorum
1458 1793 1595 1865 longitudo
1617 1802 1643 1847 et
1660 1793 1772 1847 latitudo
1795 1792 1910 1858 basium,
1939 1794 2002 1863 quia

1216 1886 1300 1940 sancti
1313 1884 1502 1953 praedicatores
1516 1884 1572 1937 sive
1596 1882 1709 1937 adversa
1723 1882 1825 1947 mundi,
1848 1892 1875 1936 ει
1887 1883 2003 1953 longitu-

1217 1978 1305 2031 dinem
1319 1973 1440 2029 exercitii
1459 1988 1490 2027 ac
1510 1972 1633 2026 labemm
1656 1973 1826 2042 praesentium
1849 1973 1915 2027 loris
1934 1973 2003 2029 tole-

375 2071 469 2126 eodem
489 2070 561 2123 lente
575 2075 683 2121 renatas
704 2072 732 2118 et
744 2062 872 2131 operibus
895 2060 1007 2129 justitie
1021 2061 1164 2115 confirma·
1178 2074 1200 2133 Β
1215 2074 1286 2131 rent,
1302 2080 1349 2118 seu
1359 2078 1407 2118 cor
1420 2063 1446 2116 in
1462 2062 1603 2117 dilectione
1614 2062 1654 2117 sui
1666 2061 1827 2129 conditoris,
1840 2078 2004 2135 suorumque

376 2172 418 2215 tas
435 2158 554 2227 ejusdem
569 2156 643 2226 regni
655 2153 779 2224 perennis
791 2149 855 2205 lecit
868 2165 928 2204 esse
941 2150 1096 2219 participes.

416 2271 425 2302 ι
440 2252 474 2305 Et
494 2250 556 2303 lecit
571 2249 647 2301 bases
659 2247 762 2306 decem,
781 2250 897 2311 quatuor
910 2242 1063 2295 cubitorum
1083 2239 1166 2309 longi·

381 2360 390 2391 r
410 2340 511 2394 tudinis
524 2339 603 2392 bases
627 2334 760 2404 singulas,
787 2341 815 2387 et
827 2341 944 2400 quatuor
957 2331 1110 2385 cubitorum
1125 2330 1164 2383 la-

380 2432 539 2495 ‹titndinis,
564 2438 591 2483 ct
615 2428 697 2481 trium
720 2425 871 2478 cubitorum
900 2421 1058 2485 altitudinis,
1083 2428 1162 2474 etet

377 2522 522 2577 llnltilarie
537 2530 564 2575 et
577 2518 667 2573 multis
678 2516 764 2571 modis
781 2531 833 2570 nna
851 2515 999 2583 eademqne
1014 2522 1112 2568 nostrae
1124 2529 1166 2568 sa-

376 2614 440 2667 lutis
455 2619 622 2666 sacramenta
636 2608 851 2679 praefigurantur.
877 2605 998 2674 Namque
1010 2605 1090 2659 iidem
1104 2618 1168 2673 apo·

376 2707 448 2767 stoli,
465 2704 568 2772 virique
580 2699 717 2771 apostolici
730 2740 737 2764 ,
755 2699 800 2768 qui
813 2713 862 2768 per
872 2699 955 2752 boues
970 2712 1045 2750 mare
1058 2704 1167 2766 portau-

378 2811 418 2854 tes
428 2796 557 2865 designati
574 2800 646 2857 sunt,
660 2793 834 2862 designantur
846 2790 925 2843 etiam
937 2804 985 2857 per
1006 2789 1094 2851 bases,
1109 2802 1168 2857 qna·

376 2888 515 2960 portandis
527 2892 603 2939 erant
625 2881 756 2936 luteribus
769 2887 945 2950 preparatae:
968 2877 1101 2946 quomodo
1113 2877 1164 2946 ipsi

376 2981 479 3034 interes
490 2975 607 3043 ejusdem
623 2972 722 3026 lavacri
734 2970 873 3041 spiritalis,
893 2968 969 3038 cujus
981 2976 1008 3022 et
1024 2982 1109 3031 mare,
1125 2976 1166 3037 ty-

376 3086 440 3140 pum
456 3069 593 3140 gerebant.
614 3064 763 3134 Siquidem,
780 3073 810 3115 ut
828 3061 916 3116 Verba
930 3060 1038 3114 Diernm
1057 3068 1169 3112 narrant

379 3158 423 3232 (ll
453 3158 516 3210 Por.
537 3156 584 3224 rr).
611 3153 700 3208 omnia
722 3152 748 3205 in
770 3152 820 3216 eis,
843 3164 902 3220 quae
930 3151 956 3203 ιιι
983 3149 1167 3204 holocaustum

377 3250 493 3305 oblaturi
505 3257 591 3310 erant,
605 3246 740 3300 lavabant.
755 3242 945 3296 llolocaustum
962 3247 1050 3293 autem
1062 3238 1167 3293 Domini

377 3340 540 3410 generaliter
554 3338 641 3393 omnis
657 3336 804 3391 electorum
827 3332 968 3386 multitudo
981 3338 1069 3400 potest
1088 3329 1166 3384 intel-

1215 2155 1410 2225 proximorum,
1439 2153 1544 2207 iuterna
1560 2152 1738 2207 exsultatione
1751 2153 1873 2220 dilatent,
1899 2169 2004 2225 semper

1216 2260 1326 2316 operam
1340 2244 1404 2298 dare
1425 2242 1569 2297 virtutibus
1581 2252 1695 2298 curant:
1723 2246 1868 2313 prudenter
1881 2246 2005 2303 videlicet

1216 2336 1288 2389 inter
1311 2336 1380 2390 bona
1397 2343 1425 2388 et
1447 2335 1517 2388 mala
1539 2334 1741 2399 discernentes,
1768 2334 1873 2389 lortiter
1891 2336 2004 2392 adversa

1217 2429 1390 2491 sustinentes,
1402 2440 1451 2482 cor
1462 2426 1495 2480 ab
1507 2427 1625 2495 appetitu
1635 2425 1801 2495 voluptatum
1815 2434 2003 2497 temperantes,

1214 2517 1345 2587 justitiam
1364 2516 1390 2570 iu
1405 2515 1561 2586 operatione
1573 2523 1706 2570 tenentes.
1723 2516 1815 2571 Trium
1827 2533 1891 2573 vero
1901 2520 2005 2575 cubito·

1217 2622 1276 2660 rum
1292 2605 1322 2659 stt
1343 2604 1456 2658 altitudo
1469 2604 1584 2667 basium,
1605 2620 1665 2658 cum
1682 2619 1731 2673 per
1743 2607 1900 2661 exercitium
1920 2609 2005 2664 virtu·

1218 2705 1285 2761 tum,
1304 2710 1371 2765 quas
1385 2709 1446 2748 eum
1464 2693 1591 2764 patientia
1603 2694 1745 2760 malorum,
1758 2704 1785 2749 et
1799 2696 1941 2754 dilectione
1957 2700 2004 2755 bo-

1217 2802 1314 2841 norum
1337 2792 1481 2850 exercent,
1498 2785 1624 2838 contiuua
1649 2785 1799 2842 intentione
1821 2790 1854 2843 ad
1873 2789 2004 2846 visionem

1219 2888 1319 2934 sanctae
1332 2877 1474 2931 Trinitatis
1484 2876 1625 2945 pervenire
1644 2884 1778 2947 satagunt.

1257 2987 1266 3018 r
1284 2968 1316 3022 Et
1329 2968 1415 3037 ipsum
1428 2981 1497 3036 opus
1509 2966 1614 3020 basium
1637 2966 1789 3023 interrasile
1810 2980 1878 3032 erat,
1892 2981 1919 3025 et
1934 2973 2005 3026 seul·

1221 3066 1334 3127 ‹pturae
1356 3055 1585 3124 interjurreturas.
1604 3076 1614 3107 r
1639 3055 1783 3113 iuncturas
1796 3060 1885 3115 dicere
1901 3063 2007 3118 ridetur

1218 3163 1265 3204 eas
1280 3148 1379 3217 quibus
1392 3147 1449 3215 ipse
1460 3146 1575 3200 luterum
1589 3146 1687 3200 tabulae
1702 3146 1807 3202 sibimet
1815 3150 1930 3206 invicem
1944 3168 2008 3208 con-

1217 3253 1294 3293 nexae
1308 3246 1380 3303 sunt,
1408 3246 1435 3291 ut
1451 3238 1554 3293 scilicet
1569 3247 1684 3307 quatuor
1698 3240 1756 3294 sive
1777 3242 1895 3312 quinque
1907 3245 2005 3300 tabulis
2028 3255 2032 3262 '

1218 3346 1271 3385 nna
1285 3331 1362 3385 beret
1379 3331 1462 3385 basis.
1491 3330 1588 3395 Quales
1602 3331 1752 3401 sculpturas
1770 3332 1850 3388 bases
1871 3335 1941 3390 inter
1958 3336 2007 3391 bas

378 3434 425 3500 ttgt
441 3451 448 3485 :
467 3447 536 3501 quae,
549 3428 625 3498 juxta
639 3443 732 3483 vocem
743 3422 1064 3497 praecursorisllaptiste,
1079 3429 1121 3475 εει
1133 3422 1166 3474 ab
1180 3414 1203 3475 C
1216 3423 1367 3493 juncturas,
1392 3423 1418 3476 id
1434 3431 1485 3487 est,
1512 3424 1539 3476 in
1554 3422 1618 3492 ipsis
1638 3423 1693 3478 suis
1705 3423 1833 3479 lateribus
1851 3418 1913 3481 ante
1926 3437 1952 3482 et
1965 3444 2007 3483 re·

379 3523 439 3590 ipso
455 3520 590 3591 baptizata
610 3519 636 3571 in
660 3517 761 3587 Spiritu
777 3522 871 3570 sancte
884 3521 911 3567 et
924 3513 977 3583 igni
994 3512 1101 3584 (llattb.
1116 3511 1168 3581 ιιι).

379 3613 530 3683 Sieutergo
544 3609 707 3672 sacerdotes,
722 3607 767 3677 qui
787 3608 814 3660 ιιι
834 3621 908 3659 mare
934 3604 1101 3668 lavabantur,
1116 3604 1170 3659 lor-

379 3718 452 3757 mam
470 3701 624 3771 exprimunt
637 3712 730 3752 eorum
744 3697 789 3765 qui
812 3710 860 3766 per
873 3696 1006 3763 baptisma
1019 3692 1170 3748 efficiuntur

379 3794 477 3849 summi
488 3798 625 3847 consortes
643 3789 794 3854 sacerdotii,
808 3786 879 3857 quod
890 3794 932 3842 est
947 3787 973 3839 iu
986 3787 1097 3841 Domino
1106 3785 1170 3840 lesu

380 3885 505 3948 Christo,
528 3882 564 3935 ita
585 3882 666 3935 etiam
690 3879 845 3933 holocausta
874 3877 1030 3931 corumdem
1056 3875 1170 3947 liguram

382 3974 521 4043 aptissime
535 3971 714 4041 praetendunt,
723 3985 784 4023 eum
798 3975 858 4039 post
869 3967 1031 4021 ablutionem
1043 3964 1170 4035 baptismi
1194 3970 1197 3977 '

382 4064 470 4135 gratia
486 4063 572 4117 saneti
586 4061 702 4130 Spiritus
715 4060 869 4130 implentur.
884 4058 1001 4112 Lavatur
1016 4072 1131 4127 namque
1144 4058 1171 4112 in

383 4159 471 4212 lutere
484 4156 582 4219 lrostia,
607 4170 667 4208 cum
681 4154 741 4223 quis
758 4151 875 4206 lidelium
888 4166 956 4219 aqua
972 4151 1096 4220 baptismi
1109 4164 1171 4220 per-

381 4244 513 4298 lnuditur.
530 4242 647 4297 Ollertur
660 4254 724 4294 vero
736 4241 761 4293 in
776 4238 971 4301 holocaustum,
986 4253 1046 4291 cum
1059 4253 1107 4306 per
1121 4238 1172 4291 im-

380 4336 544 4405 positionem
571 4348 665 4386 mauus
688 4331 805 4401 episcopi
824 4330 923 4384 donum
947 4329 1032 4383 sancti
1056 4326 1172 4397 Spiritus

381 4423 489 4492 accipit.
518 4421 593 4488 Quod
616 4436 682 4475 vero
704 4421 737 4473 ad
759 4419 905 4487 portandos
931 4418 1051 4482 luteres,
1077 4420 1171 4475 decem

381 4522 445 4565 sum
458 4513 536 4564 bases
555 4508 644 4575 laete,
667 4516 774 4578 poterat
801 4508 837 4561 ita
859 4509 972 4577 mystice
985 4508 1168 4577 interpretari,

380 4603 446 4673 quia
461 4601 578 4656 ministri
593 4600 695 4655 lavacri
709 4599 817 4662 vitalis,
832 4599 865 4652 ad
880 4605 979 4652 aeterna
993 4599 1091 4667 gaudia
1103 4598 1169 4653 bea-

383 4692 507 4746 titudinis
529 4692 600 4762 (quae
614 4690 724 4744 denario
739 4688 827 4743 solent
848 4702 960 4743 numero
984 4687 1105 4758 figurarit
1121 4702 1170 4743 eos

1220 3520 1274 3578 tro,
1288 3512 1381 3567 dextra
1400 3520 1427 3566 ει
1450 3512 1570 3576 ειιιιειιι,
1596 3520 1621 3566 ει
1635 3528 1716 3583 snpra
1734 3529 1839 3584 quoqne
1855 3516 2006 3583 babueriut,

1220 3601 1358 3656 subdendo
1369 3601 1499 3671 aperitur,
1518 3615 1578 3655 eum
1592 3601 1709 3657 dicitur:

1259 3715 1268 3746 ι
1289 3697 1361 3751 luter
1387 3697 1530 3752 coronulas
1549 3706 1576 3752 et
1593 3698 1694 3767 plectas
1720 3699 1809 3756 leones
1828 3711 1855 3757 et
1876 3703 1959 3760 boves
1979 3717 2007 3762 et

1224 3784 1391 3839 «cherubim
1413 3794 1441 3840 et
1460 3786 1600 3856 juncturas
1618 3788 1743 3843 similiter
1766 3790 1891 3862 desuper.
1910 3816 1918 3846 t
1948 3795 2006 3851 Non

1220 3889 1285 3944 ergo
1296 3872 1443 3943 planaerat
1456 3874 1509 3929 ulla
1524 3890 1556 3930 ex
1570 3885 1646 3944 parte
1657 3877 1813 3947 superficies
1823 3882 1927 3937 basium
1940 3901 1947 3949 ;
1960 3887 2007 3941 sed

1220 3968 1459 4037 undiqueversum
1476 3970 1597 4040 mvstieis
1620 3971 1720 4040 sculpta
1744 3972 1844 4043 figuris,
1866 3976 1928 4043 ιμιῑι
1943 3992 2005 4031 sau-

1221 4068 1325 4114 ctorum
1339 4068 1453 4125 mentes,
1467 4061 1521 4114 imo
1534 4062 1658 4116 universa
1672 4077 1763 4117 eorum
1775 4067 1943 4121 conversatio
1954 4068 2008 4122 rir-

1222 4157 1307 4204 tutum
1327 4151 1353 4205 iu
1368 4152 1493 4206 omnibus
1504 4154 1618 4220 gratiam
1631 4155 1772 4222 praetendit
1784 4172 1791 4219 ;
1819 4171 1905 4227 neque
1919 4158 2007 4229 aliqua

1222 4240 1280 4294 illus
1295 4242 1361 4295 bora
1377 4242 1463 4295 inanis
1476 4250 1504 4295 et
1525 4258 1608 4297 vacua
1632 4245 1761 4311 praeterit,
1787 4245 1812 4298 in
1828 4262 1879 4316 qua
1894 4248 1945 4317 piis
1958 4266 2007 4305 va-

1221 4346 1283 4386 eare
1299 4332 1425 4395 operibns
1448 4331 1490 4385 vel
1503 4334 1672 4387 sermonibus
1684 4335 1727 4388 vel
1751 4345 1823 4390 certe
1839 4340 2008 4408 cogitationi-

1221 4422 1271 4475 bus
1287 4421 1425 4475 desistant.
1448 4421 1595 4477 Coronulas
1608 4424 1707 4493 quiippe
1724 4426 1749 4479 iu
1774 4442 1802 4481 se
1826 4430 1942 4500 sculptas
1956 4432 2006 4486 ba-

1220 4511 1295 4577 bent,
1325 4528 1385 4565 eum
1402 4512 1435 4565 ad
1454 4513 1603 4582 ingressum
1628 4514 1690 4567 vite
1703 4518 1828 4583 perennis
1849 4519 2005 4592 infatigabili

1221 4602 1353 4656 desiderio
1368 4601 1503 4655 anbelant.
1528 4601 1633 4657 Pleetas
1654 4606 1762 4669 babent,
1789 4621 1848 4661 eum
1876 4610 1945 4665 inter
1962 4615 2007 4669 de-

1221 4693 1319 4747 sideria
1346 4694 1407 4746 vitae
1431 4692 1558 4755 coelestis,
1583 4708 1643 4762 quae
1668 4710 1774 4749 sursum
1790 4707 1850 4763 cst,
1870 4717 2007 4773 nunquam

382 4796 452 4850 quos
467 4781 600 4843 imbuunt,
614 4787 718 4834 vocent.
741 4780 840 4836 Verum
860 4778 968 4847 quiade
983 4778 1083 4832 eisdenr
1098 4779 1168 4832 lute-
1183 4754 1208 4814 D
1221 4782 1348 4837 fraternae
1363 4783 1520 4847 societatis,
1545 4798 1604 4851 quae
1626 4781 1702 4850 juxta
1725 4795 1776 4850 est,
1792 4787 1898 4844 vineata
1913 4792 2007 4848 dissot.

383 4872 460 4925 ribus
477 4871 600 4925 distinete
613 4871 639 4924 in
654 4870 828 4939 sequentibus
841 4870 1032 4937 scriptumest,
1045 4869 1115 4938 quod
1128 4870 1167 4923 vi-

383 4963 483 5017 delieet
501 4964 620 5033 quinque
639 4978 672 5017 er
685 4964 727 5017 bis
739 4963 819 5032 positi
836 4972 898 5016 sunt
911 4963 945 5018 ad
957 4963 1095 5017 dexteram
1109 4979 1169 5033 par-

384 5061 439 5105 tem
455 5051 554 5121 templi,
575 5060 602 5106 et
616 5052 733 5120 quinque
748 5052 781 5105 ιιι
801 5051 955 5114 sinistram,
978 5051 1062 5122 magis
1082 5052 1109 5105 in
1129 5052 1168 5106 eis

383 5141 500 5210 quinarii
511 5143 615 5196 numeri
636 5150 698 5195 stant
713 5143 838 5197 intuenda
860 5142 995 5211 mysteria.
1016 5142 1168 5213 inutraque

383 5231 483 5284 etenim
496 5240 571 5300 parte
589 5231 681 5300 templi
701 5241 763 5285 suut
780 5232 873 5301 positae
891 5233 968 5286 bases
990 5232 1117 5296 luterum,
1142 5241 1171 5286 ut

382 5319 492 5386 utrique
510 5319 557 5373 bei
570 5320 668 5389 populo
682 5321 751 5375 sacri
776 5319 858 5374 lentis
880 5322 963 5388 gratia
986 5321 1172 5390 designaretur

382 5428 445 5466 esse
466 5414 613 5482 pandenda.
639 5415 807 5487 quuinqtre
831 5422 893 5468 sunt
916 5415 1073 5483 inutraque
1096 5423 1170 5484 parte

383 5505 466 5569 (sient
477 5506 503 5558 iu
515 5507 681 5575 expositione
696 5507 788 5570 maris,
806 5506 877 5575 qnod
891 5506 1008 5574 quinque
1026 5507 1123 5560 cubitis
1133 5508 1167 5559 ala

384 5603 442 5647 tum
456 5598 734 5669 est,jam‹liximus)ut
744 5599 972 5650 demonstraretur
992 5596 1088 5665 typice,
1112 5597 1171 5649 uni-

383 5700 463 5739 versa
480 5686 609 5748 fidelibus,
623 5704 682 5757 qnae
695 5704 743 5757 per
755 5689 873 5756 quinque
884 5702 980 5741 sensus
992 5688 1113 5756 corporis
1126 5688 1172 5739 de-

383 5777 530 5844 liquerant,
543 5792 591 5846 per
604 5778 739 5832 lavacrum
751 5780 919 5847 baptismatis
930 5792 988 5834 esse
999 5779 1167 5832 remittenda.

384 5864 459 5918 Sient
472 5881 536 5934 ergo
548 5868 574 5919 in
588 5884 640 5921 nuo
653 5870 718 5922 mari
741 5870 879 5922 tltrodecim
894 5871 979 5924 bobus
1002 5871 1169 5938 superposito

384 5957 476 6009 unitas
499 5958 658 6025 exprimitur
685 5960 942 6028 baptismatisque
968 5976 1015 6029 per
1036 5960 1169 6029 apostulus

1220 4886 1295 4931 vnnt.
1311 4876 1416 4932 llabent
1430 4877 1499 4930 inter
1510 4876 1652 4931 coronulas
1666 4885 1692 4932 et
1710 4877 1811 4948 plectas
1830 4880 1929 4949 leones,
1945 4899 2005 4940 cum

1219 4969 1255 5021 ita
1272 4967 1304 5021 ad
1315 4965 1446 5035 speranda
1460 4966 1579 5021 eoelestia
1599 4977 1715 5021 rnerrtem
1729 4970 1846 5039 erigunt,
1867 4972 1903 5027 ita
1920 4976 1953 5028 ad
1968 4974 2007 5028 di·

1220 5056 1340 5127 ligendos
1352 5058 1488 5125 proximos
1500 5056 1625 5120 dilatant,
1642 5075 1672 5111 u·
1681 5059 1707 5111 iu
1721 5069 1862 5129 peccantes
1876 5078 2009 5137 quosque,

1220 5150 1265 5217 qui
1285 5150 1335 5203 sibi
1352 5150 1487 5202 commissi
1513 5157 1584 5210 sunt,
1610 5148 1741 5204 servorem
1761 5166 1862 5221 asperae
1875 5157 2008 5212 inventio·

1222 5239 1264 5292 nis
1277 5252 1403 5293 exercere
1427 5252 1479 5290 non
1493 5237 1606 5290 tardent.
1632 5237 1736 5294 liabent
1751 5257 1811 5295 cnm
1828 5243 1948 5301 leonibus
1961 5251 2010 5302 bo·

1222 5342 1277 5392 res,
1290 5328 1396 5397 quando
1408 5328 1494 5395 ipsam
1508 5327 1687 5382 invectionem
1704 5331 1864 5400 corripiendi
1882 5350 1941 5390 curu
1953 5340 2008 5408 spi·

1221 5419 1273 5471 ritu
1288 5417 1500 5472 mansuetndinis
1513 5418 1649 5482 exbibeut,
1670 5420 1777 5487 quando
1790 5422 1816 5475 in
1841 5422 1946 5480 lervore
1961 5446 2006 5481 ar·

1221 5508 1318 5575 gnenrli
1334 5523 1469 5576 nrrrrquam
1497 5507 1586 5562 lissam
1613 5511 1711 5564 babere
1736 5514 1860 5583 ungulam
1880 5520 2002 5572 ‹tis-cretae

1221 5599 1335 5653 aetionis
1349 5614 1380 5652 ac
1396 5599 1518 5668 loquelae,
1536 5617 1670 5670 nunqnam
1690 5605 1772 5659 verba
1792 5607 1887 5662 dirime
1909 5609 2004 5664 lectio·

1221 5690 1262 5743 nis
1276 5690 1349 5742 velut
1362 5690 1520 5743 ruminando
1538 5691 1563 5742 in
1577 5706 1623 5744 ore
1635 5691 1741 5747 volvere
1753 5704 1878 5749 cessant:

1259 5797 1267 5827 r
1284 5779 1317 5831 Et
1333 5794 1413 5847 snper
1430 5779 1522 5832 leones
1536 5789 1562 5833 et
1585 5782 1665 5834 boves
1677 5784 1753 5850 quasi
1773 5784 1830 5838 lora
1849 5801 1881 5840 cx
1894 5802 1947 5840 mre
1958 5788 2005 5839 ‹le-

1224 5889 1232 5916 ι
1251 5870 1404 5937 pendentia.
1422 5890 1430 5919 t
1452 5869 1636 5937 Snpcrleones
1646 5882 1670 5925 et
1684 5875 1764 5926 boves
1778 5874 1834 5926 lora
1847 5876 2009 5943 dependent,

1221 5960 1326 6030 qnando
1338 5961 1423 6014 saneti
1436 5962 1568 6025 doctores,
1582 5971 1607 6015 et
1622 5963 1647 6015 in
1662 5962 1804 6015 severitate
1819 5963 2007 6032 districtionis,
