4709 6767
376 540 429 612 'sd
845 557 1376 623 eauuanrarvmasanoaana.
1395 569 1554 628 -uat
1969 572 2022 643 stc

377 669 547 746 Coniectare,
562 671 661 746 mqvvlt,
675 674 715 745 iii
726 677 771 742 mi,
787 677 815 732 is
827 680 925 748 gratio,
935 695 996 751 gaoe
1006 689 1045 735 est
1061 679 1089 734 ts
1099 678 1177 735 Cirri-
1190 679 1279 746 Atilii
1292 679 1369 749 Coro,
1383 684 1466 741 ethis
1487 686 1596 753 similia,
1610 688 1673 760 qnia
1697 703 1756 746 non
1775 690 1824 760 ipsi
1849 691 1890 764 (ut
1911 697 2021 766 quitiam

376 776 417 821 stc
429 764 512 831 lem
524 775 550 820 ct
568 781 627 836 gsoe
641 766 740 820 ardisti
752 784 770 821 a
784 783 826 822 mc
841 784 891 838 per
905 768 1103 837 multesima,
1118 770 1175 825 irs-c
1226 772 1332 844 volunt)
1358 783 1485 833 auctores
1508 777 1584 834 luere
1610 781 1794 850 psalmorum,
1817 784 1864 837 sed
1892 787 2021 853 quoniam

377 857 530 913 commenda
552 858 676 928 fidelibus
697 859 859 929 inminibus,
880 863 926 934 gai
945 863 1034 918 idonci
1052 873 1127 919 crant
1149 873 1174 920 ct
1224 864 1360 933 propositi
1384 866 1536 923 artilicibus
1558 868 1796 928 administratores
1812 889 1906 929 carum
1927 890 2021 932 reram

376 951 441 1006 aiios
454 951 559 1007 doecre.
1224 954 1378 1023 probabiles
1397 958 1571 1026 exstitemnt,
1586 968 1616 1015 ιιι
1640 961 1772 1017 honorem
1786 963 1821 1019 do
1835 966 1881 1020 tali
1897 981 2020 1023 eorumc-

409 1041 636 1114 Ccsgregcritgsc
654 1043 804 1098 aamercort
818 1043 904 1101 lsrael
921 1046 950 1101 in
969 1046 1128 1111 Jerusalem,
1142 1056 1172 1103 stt
1224 1045 1374 1101 moratione
1387 1057 1536 1114 sumerent,
1549 1048 1596 1119 qni
1609 1048 1698 1106 allicio
1715 1062 1812 1107 sancto
1825 1054 1934 1110 devotis
1944 1072 2018 1112 mea

376 1131 517 1200 afferretur
538 1146 603 1186 arca
626 1131 676 1186 Dei
691 1132 720 1186 irs
737 1130 824 1187 locam
838 1150 926 1198 mant,
940 1152 1016 1207 pacm
1037 1152 1173 1206 prepara·
1224 1137 1296 1193 tibus
1315 1138 1480 1195 serviebant.
1504 1140 1675 1211 Maximeque
1688 1152 1716 1198 et
1733 1145 1842 1200 nomina
1857 1162 1951 1202 earum
1974 1150 2019 1205 in·

376 1229 443 1274 serat
462 1221 498 1285 ci,
513 1237 561 1275 trec
574 1236 628 1274 non
641 1230 666 1275 ct
679 1220 749 1290 filios
759 1221 850 1277 Aaron
862 1233 887 1277 ct
902 1222 1015 1291 botas,
1029 1234 1084 1281 etc.
1100 1224 1172 1281 Con-
1222 1227 1345 1284 tellectus
1370 1244 1460 1285 rerum
1479 1247 1615 1302 congmos
1636 1234 1756 1291 indicare
1775 1248 1935 1294 noscuntur.
1958 1242 2019 1299 Non

375 1319 468 1385 negat
486 1310 573 1366 David
593 1312 749 1367 universum
765 1313 847 1367 israel
871 1313 898 1368 in
919 1311 1086 1382 Jemsaiem,
1107 1330 1171 1372 cum
1221 1321 1294 1376 enim
1307 1322 1453 1391 supradicti
1465 1325 1516 1378 viri
1530 1327 1556 1379 in
1568 1326 1686 1396 psalmos
1700 1329 1839 1386 iaciendos
1850 1332 1927 1388 electi
1941 1343 2017 1402 stant,

374 1403 500 1460 Christus
519 1403 621 1459 eiectos
639 1419 702 1459 suos
723 1411 752 1459 et
770 1418 865 1460 omnes
883 1405 930 1475 qui
953 1406 986 1460 ad
1001 1416 1103 1462 sortem
1121 1407 1170 1464 Dei
1221 1410 1268 1465 sed
1289 1425 1337 1466 eos
1350 1423 1529 1484 ¹congregatos
1544 1423 1648 1469 matum
1672 1415 1786 1485 legimus
1801 1420 1835 1474 ad
1853 1424 2017 1490 canendum,

374 1495 511 1565 pertinent
528 1494 651 1550 vocatia
667 1493 818 1550 Ecclesiam
839 1511 927 1561 snam,
944 1505 973 1551 ut
988 1496 1024 1552 ibi
1040 1497 1169 1554 incarna-
1219 1501 1444 1575 psalmographos
1462 1514 1552 1561 autem
1566 1505 1651 1562 luisse
1665 1508 1777 1564 historia
1800 1511 1870 1566 nulia
1886 1522 2015 1581 testatur,

374 1586 453 1640 tionis
474 1600 534 1641 suar
558 1595 729 1642 aeramenta
752 1598 931 1653 venerentur:
950 1597 978 1645 ct
1001 1605 1056 1646 non
1080 1592 1168 1649 solnm
1219 1600 1248 1646 et
1260 1601 1504 1662 praesumptuosum
1518 1603 1561 1649 cst
1581 1595 1672 1651 dicere
1684 1598 1756 1667 quod
1771 1599 1843 1654 nulia
1858 1604 1946 1670 possit
1967 1618 2016 1660 ιιι·

373 1676 505 1743 subditos,
518 1677 662 1733 sedetiam
676 1676 813 1748 praelatos,
827 1694 896 1748 ques
910 1679 956 1736 titii
971 1681 1061 1737 Aaron
1072 1698 1105 1739 ae
1117 1683 1169 1740 Le.
1222 1679 1351 1737 ctoritate
1369 1679 1484 1739 tirmari.
1501 1681 1570 1749 Qua
1583 1692 1676 1741 antem
1694 1683 1796 1740 luerint
1823 1686 2008 1749 instrumenta

372 1770 431 1825 vite
443 1768 630 1841 praefigurant,
645 1769 679 1824 ad
693 1770 763 1826 itanc
776 1770 989 1829 celebrationem
1003 1775 1167 1846 praeeipuam
1223 1768 1328 1824 musica
1341 1785 1402 1840 erra
1415 1772 1441 1825 in
1454 1774 1580 1840 prasenti
1595 1774 1657 1829 iaco
1671 1774 1809 1845 leguntur,
1826 1791 1859 1832 cx
1874 1778 2008 1848 malornm

371 1878 401 1918 ac
424 1863 628 1918 solennitatem
651 1863 798 1918 maximam
822 1873 959 1936 aggregat,
979 1867 1043 1937 qaia
1066 1868 1103 1923 ibi
1127 1868 1167 1925 di-
1220 1863 2007 1939 atcaspmteramas.nantunesttuemquodpertorium

371 1970 451 2026 gnum
466 1955 990 2026 sstntomnesconveniantpusiiliet
1006 1958 1166 2030 magnitu-
1221 1961 1268 2015 scd
1300 1957 1431 2014 liebraice
1455 1958 1578 2025 nablum,
1601 1955 1695 2013 araca
1718 1969 1810 2014 avvtem
1836 1962 2007 2030 psalterium.

369 2061 452 2101 venes
468 2054 498 2099 et
516 2045 647 2116 virgines,
662 2053 690 2099 et
713 2045 835 2100 seniores
849 2061 911 2100 cum
929 2045 1084 2114 junioribus
1106 2049 1166 2104 ian·
1180 2035 1204 2096 Β
1221 2051 1317 2108 Latine
1331 2061 1421 2107 autem
1434 2050 1620 2107 laudatorium
1636 2050 1748 2106 dicitur.
1762 2050 1800 2108 De
1811 2067 1868 2123 qua
1881 2055 1909 2111 in
1924 2057 2008 2125 quia-

369 2135 432 2191 dcnt
445 2148 545 2190 mmcn
567 2133 684 2189 Domini.
707 2135 741 2188 iit
761 2133 830 2190 bene
843 2136 944 2191 dictam
959 2145 999 2192 est
1016 2140 1088 2209 qnod
1102 2154 1166 2196 arcs
1221 2142 1382 2214 quagesimo
1396 2151 1510 2200 sextoet
1524 2143 1677 2199 ccnmdmo
1690 2144 1807 2214 septimo
1818 2147 1923 2215 psalma
1933 2148 2008 2203 scri·

368 2223 512 2280 ²⁸0mffli'
523 2223 551 2279 111
565 2223 654 2279 1111111111
666 2240 754 2290 suum,
768 2239 850 2295 ii¹¹⁰¹¹¹
863 2236 1065 2296 1111111111111111
1075 2230 1100 2284 11
1114 2228 1166 2286 ⁰³-
1220 2236 1316 2294 bitar:
1329 2234 1461 2305 Exsurge,
1473 2233 1628 2304 psalterium
1642 2245 1669 2290 ct
1684 2236 1805 2301 ciriacam
1822 2252 1875 2290 nnn
1889 2236 1963 2306 quod
1978 2239 2007 2294 in

367 2315 423 2381 vid,
440 2316 507 2386 cuia
521 2315 678 2370 nonsolum
701 2315 795 2381 David,
814 2315 862 2370 sed
879 2324 1014 2373 etomncs
1028 2321 1166 2390 pmpbetae
1216 2318 1461 2385 modumcitiaarre,
1475 2319 1522 2376 sed
1535 2319 1608 2392 qaod
1622 2321 1772 2377 inmodum
1786 2321 1872 2394 clypei
1884 2322 2014 2394 quadrati

367 2407 481 2463 dictiset
491 2407 571 2463 lamis
581 2407 702 2463 loturam
712 2407 885 2463 vaticinando
895 2408 923 2462 in
933 2408 1055 2466 Ecclesia
1061 2411 1164 2469 Christi
1215 2407 1401 2465 conformetur
1412 2424 1474 2465 cum
1486 2411 1582 2466 decem
1592 2411 1713 2477 chordis,
1726 2411 1797 2467 sicut
1807 2413 1938 2483 scriptum
1951 2421 2014 2470 est:

367 2497 549 2556 incarnationi
567 2499 709 2569 prebuere
725 2497 825 2565 locum,
847 2506 879 2553 at
892 2512 925 2555 co
950 2499 1064 2557 celerius
1078 2502 1165 2558 susci·
1216 2499 1251 2556 ln
1272 2501 1395 2572 proberis
1415 2502 1504 2557 decem
1530 2503 1690 2558 citordaram
1710 2502 1823 2574 psallam
1847 2506 1894 2559 tibi
1920 2505 2011 2577 (Psoi.

367 2602 459 2662 parem
478 2591 679 2658 advenientem,
692 2606 747 2663 quo
760 2605 824 2646 enm
845 2592 1003 2664 praescirent
1023 2601 1087 2651 ante
1103 2610 1165 2653 esso
1214 2592 1323 2665 ernau).
1343 2592 1430 2649 liabet
1449 2608 1514 2665 ergo
1535 2594 1694 2664 psalterium
1709 2595 1822 2650 obesum
1836 2602 1959 2651 ventrem
1982 2596 2012 2653 in

367 2681 569 2752 prophetatum.
801 2701 806 2712 ·
914 2745 917 2750 ,
1215 2681 1411 2752 superioribus,
1434 2683 1480 2739 ubi
1495 2683 1659 2738 citordamm
1679 2682 1724 2737 iiia
1745 2682 1869 2753 religata,
1887 2684 2012 2756 discipli·

398 2770 568 2840 sanctificati
581 2779 642 2826 rant
655 2785 717 2843 crgo
730 2771 1047 2841 meermannianam,
1061 2782 1164 2846 vrtpor-
1214 2773 1344 2829 nabiiiter
1366 2773 1468 2844 plectro
1494 2782 1641 2844 percussa,
1666 2773 1856 2829 suavissimam
1882 2774 2014 2832 dicuntur

365 2873 447 2943 urent
462 2880 555 2918 arcam
568 2863 676 2918 Domini
689 2862 740 2919 Dei
760 2862 1033 2920 lametEttalcrant
1048 2864 1164 2934 illiciti
1214 2862 1328 2921 reddere
1356 2865 1532 2920 cantilenam.
1556 2861 1626 2918 iiuic
1648 2862 1760 2918 citlrarae
1777 2864 1877 2933 positio
1901 2864 2012 2921 uidetur

365 2952 423 3009 tat
434 2970 528 3008 arcam
540 2952 589 3008 Dei
600 2951 697 3020 lsrael,
707 2953 774 3008 mcor
787 2962 946 3025 preceperat
960 2953 1163 3025 dioecesianis
1213 2969 1274 3012 esse
1288 2955 1436 3022 contraria,
1450 2954 1514 3010 dum
1528 2953 1600 3025 quod
1614 2955 1666 3010 ista
1682 2955 1709 3009 ia
1723 2954 1779 3010 imo
1793 2956 1927 3022 continet,
1942 2955 2010 3012 iilud

365 3045 469 3100 seriam
484 3045 604 3113 Domini,
624 3047 741 3103 inmcrb
757 3048 812 3103 sais
826 3048 854 3102 in
873 3048 987 3104 vectibus
1002 3047 1098 3119 (Nam.
1111 3049 1161 3122 vv).
1213 3046 1426 3103 conversoriae
1449 3054 1537 3119 gestat
1559 3046 1586 3101 in
1608 3046 1706 3116 capite.
1729 3046 1893 3103 Psaiterinm
1919 3048 2012 3119 itaquo

366 3135 553 3192 Samdliestio
563 3137 736 3193 sacerdotum
747 3144 775 3193 et
791 3137 946 3193 Levitamm
954 3136 1163 3209 Juxtatropoio-
1213 3154 1274 3195 cum
1289 3139 1384 3194 decem
1399 3138 1509 3193 chordis
1522 3137 1646 3192 Ecclesia
1660 3145 1704 3193 est
1725 3153 1788 3193 cum
1806 3137 1901 3194 decem
1919 3140 2013 3197 verbis

365 3228 412 3298 giae
422 3227 547 3301 regulam
562 3227 642 3284 docet
654 3228 793 3284 ministros
804 3227 872 3284 Novi
883 3228 1050 3285 Testamenti
1064 3243 1162 3300 puram
1211 3228 1279 3300 legis
1291 3228 1425 3293 contritis,
1437 3243 1498 3298 qua
1508 3234 1604 3284 contra
1615 3241 1724 3283 omnem
1738 3228 1864 3283 heresim
1876 3229 2012 3299 quadrata

365 3319 516 3376 &cinnam
526 3326 556 3374 ct
570 3319 699 3375 mandam
712 3319 814 3376 babere
824 3320 920 3385 vitam,
930 3319 1029 3390 quibus
1043 3320 1106 3376 aiibi
1119 3319 1159 3375 di·
1212 3335 1261 3392 per
1285 3327 1404 3391 qnamcr
1418 3319 1562 3390 Evangelia
1586 3319 1756 3393 intelligitur.
1773 3319 1843 3377 ilinc
1862 3323 1951 3392 posita
1968 3328 2012 3379 cst

364 3410 433 3466 citam
445 3429 452 3465 :
466 3409 560 3466 Sancti
572 3411 736 3482 caletensis
749 3419 774 3465 ct
785 3427 831 3481 ego
843 3418 950 3465 sanctam
962 3427 1020 3465 ram
1032 3410 1160 3467 Dominam
1173 3377 1197 3441 C
1214 3412 1332 3479 cithara,
1347 3412 1381 3468 de
1403 3427 1456 3482 qua
1481 3412 1508 3468 in
1531 3411 1743 3483 qutadragesimo
1764 3414 1883 3469 sacuam
1905 3414 2012 3484 psalmo

364 3498 432 3556 Dm
445 3509 534 3556 auter
553 3500 647 3572 (hait.
658 3500 709 3569 xri.
728 3501 803 3557 Bene
820 3515 885 3572 ergo
901 3502 1028 3557 converit
1042 3508 1161 3572 gestato-
1213 3503 1344 3574 scriptum
1358 3509 1400 3558 est
1417 3519 1424 3556 ε
1441 3500 1591 3570 confitebor
1603 3501 1650 3556 tili
1663 3502 1692 3556 in
1705 3501 1818 3569 citiore,
1839 3503 1920 3569 Dens,
1938 3502 2011 3565 Desa

364 3589 436 3647 ribus
450 3606 525 3647 arsos
539 3592 689 3648 Dominint
708 3592 764 3648 sint
781 3591 942 3649 sanctificati
959 3591 1038 3661 juxta
1054 3606 1159 3661 prace-
1212 3611 1295 3660 mess,
1322 3594 1394 3666 qnod
1419 3593 1536 3666 pmpriae
1561 3594 1766 3651 consuetudinis
1788 3603 1830 3650 est
1852 3595 1923 3666 apud
1954 3595 2011 3653 iic-

364 3681 729 3755 commensuratam
747 3683 1061 3749 rectaeiidciverbis‚ct
1075 3684 1161 3740 bono
1211 3685 1310 3753 braeos,
1327 3700 1388 3756 que
1410 3699 1473 3740 cnm
1497 3685 1608 3741 cirordls
1627 3684 1723 3758 viginti
1739 3693 1855 3755 quatuor
1878 3686 1958 3757 quasi
1980 3686 2009 3742 in

365 3787 420 3830 rssr
432 3788 554 3846 merum-
564 3775 695 3846 exemplis
707 3775 808 3832 debent
819 3775 988 3831 auditoribus
1001 3775 1059 3832 suis
1069 3775 1161 3831 incar·
1212 3779 1322 3836 modum
1338 3777 1417 3834 deltae
1430 3777 1528 3834 littere
1542 3777 1626 3850 (sicut
1643 3777 1802 3850 peritissimi
1820 3777 1941 3850 tradant)
1957 3779 2011 3834 uti·

365 3867 502 3924 nationem
526 3869 718 3924 commendare
734 3867 796 3924 Filii
810 3868 873 3935 Dei,
894 3867 1159 3938 etiiedemptionevn
1211 3882 1265 3939 que
1278 3867 1461 3938 componitur,
1475 3874 1503 3923 et
1519 3866 1680 3940 pendigines
1702 3865 1815 3923 Pindari
1837 3866 1921 3922 variis
1936 3866 2012 3924 voci·

365 3958 469 4016 issam
485 3960 607 4031 generis,
621 3974 654 4016 ac
675 3959 760 4015 vitam
782 3967 927 4025 aternam,
943 3966 1024 4030 atque
1038 3957 1159 4013 laturam
1210 3960 1263 4016 bns
1278 3958 1444 4030 annulisque
1458 3973 1490 4016 ac
1507 3957 1601 4015 tibidis
1614 3957 1642 4014 in
1663 3958 1787 4015 diversos
1803 3958 1897 4015 modos
1918 3958 2012 4015 conci·

365 4049 491 4121 iudicium
505 4050 610 4107 Christi
625 4049 784 4120 predicare.
1212 4060 1295 4107 tatur.
1316 4051 1427 4108 Cithara
1443 4057 1546 4117 antem,
1561 4050 1596 4107 de
1616 4066 1669 4122 qua
1692 4065 1783 4107 sermo
1798 4057 1857 4116 cst,
1879 4048 2011 4106 Ecclesia

395 4141 468 4197 Dicit
482 4156 588 4213 gsoguc
602 4139 687 4194 David
701 4139 863 4211 prinicipiias
881 4136 1032 4193 iaeot'tcrttm
1049 4147 1078 4192 at
1097 4153 1160 4193 cott-
1210 4142 1389 4214 spiritualiter
1404 4148 1498 4213 typum
1512 4139 1604 4196 habet.
1619 4139 1685 4208 Quae
1704 4154 1766 4195 cum
1780 4139 1876 4211 viginti
1889 4145 2008 4209 qvtatuor

365 4233 496 4290 stiurcrrt
509 4233 545 4288 dc
559 4232 687 4302 [sairdas
706 4232 761 4288 sais
774 4239 894 4286 cantores
905 4231 934 4285 in
953 4230 1060 4300 organis
1077 4228 1160 4282 mart
1210 4230 1349 4288 seniorum
1367 4229 1538 4302 dogmatibus
1553 4230 1651 4284 trinam
1672 4227 1786 4284 lormam
1802 4228 1927 4284 hebetia
1947 4244 2008 4285 mo-

365 4341 460 4390 rrrsm,
475 4323 563 4380 milis
574 4323 691 4380 videlicet
703 4334 727 4378 ct
741 4322 805 4394 lyris
818 4331 842 4378 ct
857 4320 994 4393 cymbalis,
1011 4331 1039 4375 at
1052 4336 1157 4376 resono·
1210 4321 1273 4378 dum
1285 4319 1363 4375 deitae
1375 4319 1481 4383 litterae,
1495 4318 1575 4374 ladem
1589 4328 1689 4374 sanctae
1703 4318 1845 4374 Trinitatis
1857 4333 1913 4374 sure
1924 4317 2008 4375 dubio

364 4428 415 4473 reat
435 4420 465 4473 irs
487 4417 599 4473 accim
620 4419 722 4472 sonim
741 4416 850 4482 intirim,
874 4423 927 4470 etc.
949 4413 976 4485 (i
990 4412 1157 4486 Paeana).
1210 4410 1353 4484 signiticat,
1368 4419 1397 4466 ct
1411 4425 1459 4481 per
1472 4423 1570 4466 manus
1584 4409 1658 4465 Petri
1674 4409 1799 4481 apostoli,
1812 4420 2010 4466 ceterorumve

363 4505 573 4579 liarvaturergo
586 4508 650 4565 aiibi
672 4509 698 4563 in
720 4508 846 4578 presenti
868 4506 993 4574 historia,
1008 4504 1079 4576 quod
1094 4520 1158 4561 cum
1210 4503 1393 4575 apostolomm
1414 4517 1446 4559 ac
1470 4504 1612 4559 doctorum
1635 4502 1791 4575 Evangelii,
1806 4504 1852 4574 qui
1871 4503 2008 4573 predica·

363 4600 491 4670 propbeta
510 4597 596 4653 David
611 4599 706 4655 devota
723 4606 802 4654 atate
815 4597 959 4663 senuisset,
971 4605 1088 4668 quattuor
1100 4595 1159 4651 mil·
1209 4604 1284 4652 tores
1298 4595 1370 4650 iilius
1391 4603 1464 4661 stant,
1481 4593 1508 4648 in
1526 4593 1649 4649 diversos
1663 4594 1757 4650 modos
1775 4593 1882 4650 Veteris
1895 4603 1924 4650 ct
1938 4592 2008 4649 Nori

363 4689 394 4745 iia
416 4689 552 4761 juvenum
577 4704 612 4745 cx
633 4689 782 4746 israelitico
807 4688 906 4760 populo
929 4688 1089 4760 delegisset,
1110 4687 1157 4758 qui
1210 4685 1376 4743 Testanrenti
1395 4685 1475 4741 aliter
1497 4685 1523 4739 in
1547 4684 1650 4750 littera,
1667 4686 1746 4742 aliter
1759 4686 1787 4740 in
1808 4698 1890 4741 sensu
1907 4686 2009 4756 ignara-

362 4781 495 4849 i’saimos,
513 4796 584 4851 quos
604 4781 661 4852 ipse
684 4780 791 4837 Domini
811 4779 976 4850 aspiratione
993 4778 1155 4850 protulerat,
1208 4777 1270 4835 liter
1291 4778 1454 4834 concitatur.
1469 4777 1540 4849 Lyra
1555 4777 1626 4833 dicta
1640 4784 1682 4833 est
1698 4778 1749 4836 ἀπὸ
1760 4781 1791 4836 τὸ
1805 4778 1894 4850 lyrim,
1910 4778 1937 4833 id
1952 4786 2007 4846 est,

360 4874 481 4947 organis,
490 4874 615 4939 citharis,
630 4872 727 4938 nablis,
742 4871 884 4944 cymbalis,
894 4870 976 4935 tubis,
991 4871 1156 4941 propriaque
1208 4885 1224 4925 a
1237 4870 1369 4927 varietate
1388 4885 1497 4935 vocam,
1515 4883 1548 4925 ea
1569 4871 1642 4938 quod
1662 4870 1786 4926 diversos
1800 4884 1882 4925 sonos
1895 4868 2005 4926 eiiciat.

360 4984 425 5025 voce
443 4968 473 5023 in
492 4982 591 5040 magna
601 4965 770 5036 jucunditate
784 4977 907 5032 superne
922 4961 1016 5032 gratie
1029 4975 1156 5031 persona
1208 4960 1273 5018 ilaec
1294 4969 1386 5017 autem
1403 4961 1529 5017 similiter
1554 4969 1643 5031 potest
1670 4961 1820 5018 Ecclesiam
1838 4961 2004 5033 significare,

361 5067 432 5116 rent
452 5057 521 5126 Quae
544 5057 636 5113 suavis
661 5055 789 5110 adunatio
813 5055 900 5110 tribus
924 5051 1047 5123 partibus
1069 5050 1156 5106 divisa
1208 5067 1269 5123 quae
1285 5053 1313 5108 in
1333 5051 1490 5108 diversitate
1507 5052 1645 5107 variarum
1658 5052 1844 5109 doctrinarum
1859 5068 1910 5124 per
1923 5053 2006 5110 bisto

359 5147 671 5206 comubatiiationalis
680 5147 832 5218 pertinebat
841 5124 875 5201 ad
887 5146 1031 5201 humanam
1042 5157 1154 5207 rocem,
1208 5146 1287 5211 mam,
1301 5161 1350 5216 per
1370 5144 1542 5216 allegoriam,
1565 5158 1614 5215 per
1636 5145 1815 5216 tmpoiogiam
1833 5153 1863 5200 et
1877 5160 1927 5215 per
1940 5159 2007 5200 aaa

359 5239 527 5297 imitemur
536 5238 571 5295 ad
581 5240 760 5295 instmmcnta
771 5236 888 5303 musica;
902 5235 1054 5292 commanis
1065 5243 1156 5290 autem
1210 5253 1295 5311 gogen
1306 5252 1418 5293 suavem
1430 5251 1526 5291 sonum
1539 5235 1678 5306 exprimit,
1692 5235 1740 5291 sed
1754 5242 1843 5290 tamen
1855 5249 1870 5290 a
1881 5236 2008 5307 sympho-

357 5331 394 5388 de
411 5330 556 5401 utriusque
576 5328 701 5402 partibus
721 5334 838 5398 aptatur,
859 5335 891 5382 ut
912 5335 940 5381 et
961 5342 1015 5381 vox
1038 5325 1157 5382 bominis
1210 5331 1263 5387 nia
1282 5328 1455 5399 simplicitate
1468 5342 1523 5384 non
1536 5328 1648 5384 recedit.
1664 5326 1794 5400 Cymbala
1809 5333 1901 5405 autem
1915 5335 2007 5384 aeeta-

357 5421 445 5479 oertis
465 5421 695 5478 modulationibus
708 5421 843 5485 elevetur,
865 5426 893 5474 ct
914 5418 1156 5474 instrumentomm
1209 5418 1273 5475 buia
1295 5418 1418 5491 quedam
1438 5425 1516 5483 sunt,
1540 5432 1602 5488 quae
1617 5432 1746 5488 percussa
1768 5416 1885 5474 invicem
1899 5432 1930 5474 se
1945 5425 2006 5474 tan-

357 5514 447 5571 melos
461 5529 580 5571 consona
591 5529 621 5570 se
639 5513 778 5569 vicinitate
797 5512 983 5583 conjungeret.
997 5509 1043 5566 Sic
1063 5509 1156 5566 suavis
1210 5518 1287 5583 gunt,
1299 5519 1327 5566 et
1340 5508 1442 5566 iaciunt
1454 5523 1563 5574 sonum,
1575 5508 1609 5563 dc
1620 5508 1719 5578 quibus
1730 5507 1829 5564 dicitur
1840 5508 1867 5563 in
1881 5507 2004 5578 psalmo:

356 5607 408 5663 illa
429 5614 459 5662 ct
477 5605 598 5675 jamnia
622 5606 726 5662 musica
751 5604 899 5661 Ecclesiam
922 5603 1083 5659 catholicam
1107 5601 1154 5658 tali
1208 5601 1328 5657 madata
1343 5599 1444 5654 carnia
1462 5598 1587 5669 cymbalis
1602 5598 1834 5653 benesonantibus
1848 5594 2003 5669 (Protea).

356 5706 423 5754 acta
439 5696 614 5768 predicebat,
627 5713 689 5769 quas
701 5713 735 5753 cx
754 5695 869 5754 diversis
892 5694 1003 5766 linguis,
1025 5693 1155 5764 varioque
1206 5692 1336 5766 Cymbala
1350 5691 1420 5747 bene
1433 5691 1557 5746 sonantia
1581 5689 1653 5744 labia
1675 5696 1768 5744 nostra
1782 5689 1913 5744 debemus
1933 5685 2005 5742 acci·

355 5797 495 5848 moenia
518 5789 546 5844 in
568 5804 650 5844 unam
673 5789 735 5845 iidci
755 5786 929 5846 concordiam
945 5793 1020 5852 erat,
1042 5783 1156 5839 Domino
1205 5799 1281 5858 pere,
1294 5799 1355 5854 quae
1377 5798 1429 5839 non
1449 5782 1585 5838 immerito
1601 5781 1671 5836 inter
1694 5780 1798 5836 musica
1822 5779 2003 5833 instmmenta

355 5889 522 5955 praesume,
534 5879 674 5937 coalitura.
690 5880 731 5937 Ex
744 5895 798 5951 quo
814 5888 927 5935 numero
944 5876 1030 5932 indita
1045 5877 1159 5957 nomina
1205 5875 1294 5947 posita
1308 5883 1381 5941 sunt,
1394 5874 1457 5944 quia
1475 5880 1503 5929 et
1525 5871 1673 5928 similitudo
1690 5871 1813 5940 quaedam
1828 5874 1870 5921 cst
1887 5865 2002 5937 cymba·

356 5972 521 6048 tranantes
536 5973 565 6030 in
587 5973 673 6032 titulis
693 5973 857 6041 invenimus,
874 5980 904 6029 ιιι
926 5971 1052 6039 iditirun,
1068 5970 1156 6042 Asopi
1207 5967 1306 6036 lorum,
1319 5974 1349 6023 ct
1363 5980 1412 6038 per
1425 5979 1459 6021 ca
1471 5977 1554 6020 rocos
1565 5963 1691 6018 humanae
1704 5956 1875 6015 hmmoubm
1887 5953 2003 6032 reddere
