4709 6767
332 649 386 703 att

793 648 969 707 ebutium.
989 648 1021 704 ΙΝ
1038 649 1318 711 1111111111101113111.
1337 688 1373 699 -
1390 657 1454 713 ltu.
1473 656 1494 715 l.

1911 672 1966 727 bl&

330 764 424 822 sionis,
438 760 557 815 raastodia
572 770 662 815 contra
674 761 818 815 custodiam
834 761 860 832 (1
877 763 939 816 Por.
953 779 1001 818 ιιι
1009 762 1038 834 ι).
1053 762 1122 830 Qua·
1135 764 1161 824 Α
1172 765 1302 832 omnium,
1317 782 1372 836 qm,
1390 784 1448 836 epis
1462 770 1585 839 exemplo
1603 772 1745 840 instructi,
1760 792 1869 833 earnem
1886 797 1965 837 suam

1174 856 1332 926 enrcihqere
1345 866 1372 912 ct
1394 860 1426 914 ad
1445 862 1583 929 passiones
1600 880 1650 934 pro
1674 865 1757 936 ipsius
1775 871 1885 928 nornine
1909 882 1963 928 tra·

1174 944 1238 1000 dere
1252 947 1402 1003 didicerunt
1416 947 1486 1020 (Gal.
1500 952 1536 1022 r).

1209 1033 1294 1090 Porro
1313 1038 1345 1091 de
1357 1039 1420 1107 filiis
1435 1038 1518 1094 Carth
1541 1042 1666 1112 fratribus
1689 1063 1778 1101 eornm
1792 1065 1871 1120 saper
1882 1069 1962 1122 panes

332 865 395 905 mm
409 861 498 905 atatem
516 849 651 921 principes
664 850 810 920 janitorum
824 852 901 920 juxta
921 850 1068 922 spiritalem
1083 851 1124 905 in-

332 940 507 1011 rctttgentiam
520 940 565 1010 qui
587 947 650 994 sunt
671 940 727 1003 alii,
743 941 793 994 nisi
815 941 939 996 doctores
955 942 1061 996 sancti?
1076 941 1122 1011 qni

330 1040 449 1101 quatuor
471 1029 623 1100 Evangeliis
643 1030 744 1084 ostium
768 1029 828 1085 hdei
844 1040 954 1086 serrant
978 1040 1041 1101 pate
1065 1045 1124 1086 ere-

330 1121 467 1186 dentibus,
487 1129 514 1175 et
527 1121 653 1178 abaciam
675 1118 933 1190 blasphemantibus.
946 1120 1048 1188 Quibus
1061 1135 1122 1175 cum

331 1212 411 1269 Petro
421 1212 512 1267 clares
523 1212 597 1283 regni
607 1211 725 1267 coelestis
733 1212 857 1269 Christus
868 1215 1003 1269 commisit
1013 1213 1120 1286 (liatth.

330 1317 385 1366 xm,
400 1316 484 1365 ιιιιις
506 1299 587 1354 lona.
603 1298 659 1370 tx).
684 1299 716 1353 lli
739 1315 787 1369 per
804 1308 921 1370 quatuor
934 1310 1028 1356 ventos
1052 1304 1121 1357 ostia

329 1390 497 1455 custodiunt,
512 1390 572 1459 quia
592 1403 640 1459 per
660 1397 776 1459 quatuor
798 1390 891 1461 plagas
912 1391 986 1446 orbis
1002 1392 1122 1462 undique

330 1488 437 1550 qentmu
452 1479 487 1533 ad
507 1478 588 1533 iidem
611 1477 717 1533 Domini
742 1487 906 1546 convocant,
927 1490 955 1535 et
974 1481 1121 1537 Ecclesiam

329 1578 453 1624 sanciam
467 1568 590 1639 pervigili
605 1569 735 1623 tutamine
749 1577 868 1623 seruant.
885 1568 961 1635 Quod
974 1579 1063 1625 autem
1078 1586 1121 1627 se·

329 1662 421 1731 quitur
433 1679 440 1715 :

362 1750 402 1804 De
415 1767 507 1804 aarum
519 1767 595 1821 prepe
609 1760 683 1805 erant
696 1762 720 1805 et
735 1768 813 1822 super
829 1769 891 1806 uasa
907 1754 1065 1820 ministerii,·
1085 1756 1120 1809 ad

329 1858 467 1897 numemm
485 1844 564 1905 enim,
578 1853 602 1895 ct
625 1842 806 1912 inferebantur
825 1861 887 1898 oasa
907 1853 931 1898 at
946 1845 1121 1913 efferebantur

328 1933 360 1986 de
378 1933 454 2003 ipsis,
468 1943 492 1986 et
513 1933 558 2003 qui
574 1933 672 1987 credita
687 1933 814 1988 habebant
830 1934 951 1989 utensiiia
965 1936 1119 2001 sanctuarii,

328 2032 352 2077 st
372 2024 420 2093 qui
441 2031 570 2093 preerant
592 2023 696 2086 sirnila’,
719 2034 743 2076 et
760 2025 817 2077 tirso
841 2035 864 2079 et
883 2023 938 2080 oleo
962 2035 985 2079 et
1005 2025 1076 2079 thuri
1094 2034 1120 2080 et

1172 1136 1246 1180 erant
1262 1130 1455 1198 propositionis,
1470 1141 1498 1184 ut
1511 1148 1611 1204 semper
1623 1152 1703 1190 noros
1717 1155 1763 1207 prr
1776 1140 1880 1209 sinpuia
1896 1141 1963 1196 Salt-

1172 1217 1233 1271 hata
1258 1231 1450 1290 propararent,
1470 1231 1522 1277 cte.
1543 1223 1629 1280 Panes
1653 1229 1751 1297 quippe
1768 1232 1961 1300 propositionis

1172 1306 1323 1375 duodecim,
1337 1310 1450 1367 Domino
1474 1313 1557 1386 Moysi
1570 1318 1742 1387 praecipiente
1757 1320 1850 1390 (lenit.
1865 1323 1959 1393 xxiv),

1171 1402 1336 1471 parabantur
1349 1404 1382 1457 ad
1398 1404 1587 1475 imponendmn
1603 1424 1684 1479 super
1698 1427 1820 1466 mensam
1842 1414 1960 1482 Domini,

1171 1507 1232 1561 que
1243 1494 1332 1548 stabat
1347 1495 1373 1549 1ιι
1392 1494 1565 1552 tabernaculo
1577 1496 1653 1566 juxta
1668 1500 1805 1557 decretum
1822 1503 1898 1576 legis,
1914 1505 1960 1560 athi

1171 1589 1199 1634 et
1212 1580 1295 1636 altare
1318 1582 1511 1653 thymiamatis,
1530 1602 1580 1641 uec
1603 1604 1655 1643 non
1672 1599 1698 1644 et
1714 1592 1903 1649 candelabrum
1921 1595 1962 1650 lu·

1171 1670 1251 1726 minis
1265 1673 1351 1741 posita
1361 1681 1449 1728 erasit.
1464 1673 1655 1745 coquebantur
1666 1690 1754 1734 autem
1770 1697 1853 1750 panes
1867 1684 1906 1754 (ιιι
1916 1684 1962 1741 lo

1171 1760 1271 1828 seplms
1284 1761 1389 1833 scribit)
1406 1764 1459 1817 duo
1479 1772 1507 1819 et
1521 1765 1574 1820 ι1ιιο
1589 1767 1666 1822 diuisi
1682 1777 1744 1823 ante
1759 1770 1918 1838 Sabbatum,
1933 1784 1963 1830 et

1171 1848 1290 1906 Sabbato
1305 1868 1384 1909 mane
1406 1854 1487 1909 oblati
1512 1872 1594 1927 super
1608 1874 1712 1913 sacram
1737 1878 1856 1917 mensam
1880 1880 1963 1934 pone-

1170 1944 1271 1999 bantur
1284 1946 1341 2001 seni
1365 1947 1398 2001 ad
1416 1948 1560 2004 alterutros
1576 1954 1716 2018 conversi,
1732 1955 1836 2011 duabus
1860 1959 1962 2026 pateris

1170 2035 1260 2090 aureis
1271 2039 1448 2108 superpositis
1462 2039 1541 2093 thure
1553 2041 1648 2110 plenis,
1661 2045 1705 2112 qui
1719 2048 1915 2114 permanebant
1928 2048 1962 2102 ad

328 2112 502 2177 aromatibus,
525 2113 558 2167 dc
571 2128 666 2166 reorum
680 2127 761 2182 grege
779 2114 854 2178 dicit,
880 2116 932 2171 boc
952 2126 1002 2180 est,
1025 2132 1121 2171 secun-
1134 2117 1157 2177 B
1171 2123 1243 2179 aliud
1256 2125 1414 2191 Sabbatum,
1429 2137 1457 2182 et
1476 2136 1539 2184 tunc
1550 2144 1599 2198 pro
1613 2131 1665 2185 illis
1679 2132 1723 2186 alii
1739 2135 1960 2204 deportabantur.

328 2202 390 2256 dunt
403 2202 559 2268 historiam,
574 2204 607 2256 ilc
627 2205 833 2274 congregatione
852 2205 1007 2261 heritarum
1021 2209 1121 2263 consti-

328 2293 474 2346 tuebantur
488 2306 568 2360 super
582 2307 645 2346 vasa
659 2292 802 2347 ministerii
817 2304 844 2348 ct
857 2295 983 2349 uterisilia
998 2305 1121 2351 sanctua-

327 2384 376 2451 rii,
402 2393 433 2438 ut
453 2391 607 2454 praeessent·
627 2384 720 2439 simile
742 2394 771 2440 ct
793 2387 855 2442 vino
876 2396 903 2441 et
925 2388 993 2451 olco,
1010 2404 1071 2459 quae
1085 2388 1120 2443 ad

327 2473 461 2530 sacrificia
473 2475 655 2543 pertinebant,
667 2483 695 2529 et
708 2476 779 2530 thuri
793 2486 822 2531 et
835 2478 1010 2544 aromatibus,
1022 2479 1120 2550 quibas

327 2561 540 2619 conficiebantur
554 2573 688 2634 unguenta
701 2574 729 2619 et
746 2565 941 2635 thymiamata:
957 2568 1028 2622 sicut
1046 2569 1073 2622 iu
1087 2568 1120 2623 li·

326 2655 375 2710 bra
388 2653 568 2710 Nunterorum
582 2656 731 2711 distinctim
746 2666 826 2726 atque
848 2658 992 2726 separatim
1016 2658 1119 2713 descri-

327 2750 402 2811 ptum
412 2752 454 2798 est
466 2743 559 2815 (Num.
569 2742 666 2815 ιιι,ιι’),
679 2745 744 2813 quid
758 2743 897 2811 Caatbita,
910 2745 1011 2815 etquid
1022 2745 1119 2803 Gerso-

327 2832 400 2899 uita,
413 2833 512 2901 quidue
525 2832 660 2887 hieracita·
679 2832 830 2887 ministerio
844 2834 999 2899 habuerint,
1013 2843 1041 2889 et
1055 2835 1119 2904 quid

327 2922 415 2978 Aaron
428 2931 456 2977 et
469 2921 515 2977 lilii
527 2924 585 2994 ejus
595 2938 650 2993 prae
661 2924 766 2980 calens
778 2926 827 2980 sub
836 2941 902 2980 cura
916 2941 965 2981 sua
976 2926 1118 2982 haberent.

331 3009 405 3066 [lude
417 3010 590 3082 subiungitm
602 3027 609 3066 ι

364 3123 429 3179 Filii
450 3136 537 3181 astent
561 3128 725 3182 sacerdotnm
750 3138 935 3200 unquentum
958 3132 1118 3186 aromatibus

328 3214 511 3283 conficiebant.
522 3214 633 3286 llystiee
644 3224 734 3272 autem
748 3217 780 3272 de
794 3225 866 3272 cetu
881 3227 1036 3274 sanctorum
1051 3235 1119 3289 praa·

328 3307 479 3362 dieatomm
503 3309 664 3363 ordinantur
678 3309 705 3364 hi
723 3311 769 3379 qui
791 3325 873 3380 super
888 3327 952 3367 vasa
973 3312 1117 3369 ministerii

327 3399 426 3462 diuini,
441 3399 492 3454 boc
516 3407 573 3464 est,
588 3415 670 3469 super
688 3402 793 3457 animas
816 3401 945 3469 fidelium,
970 3404 996 3457 in
1017 3404 1118 3473 quibus

1172 2213 1212 2268 llli
1225 2230 1289 2269 vero
1302 2217 1487 2273 sacerdotibus
1500 2220 1708 2288 erlrihehantm,
1722 2231 1748 2277 et
1763 2225 1841 2278 tlmrc
1853 2225 1965 2280 incenso

1171 2305 1199 2360 1ιι
1213 2305 1375 2375 ignescere,
1390 2308 1417 2362 in
1430 2324 1482 2378 quo
1496 2311 1585 2365 omnia
1601 2313 1755 2368 holocausta
1772 2315 1882 2380 bellant,
1899 2318 1962 2373 thus

1171 2395 1242 2450 allud
1259 2412 1341 2466 supet·
1355 2398 1421 2454 alios
1439 2415 1521 2470 panes
1534 2402 1722 2472 adjiciebatur.
1742 2403 1854 2473 llysticc
1868 2417 1961 2461 atatem

1171 2487 1311 2542 duodecim
1337 2506 1422 2559 panes
1451 2492 1478 2545 in
1507 2507 1600 2547 mensa
1627 2495 1793 2549 tabernaculi
1819 2495 1960 2552 duodecim

1170 2587 1232 2633 sunt
1246 2580 1370 2647 apostoli,
1384 2589 1412 2634 et
1434 2596 1529 2637 ornnes
1550 2582 1681 2638 doctrinae
1698 2584 1804 2641 illorum
1829 2603 1960 2657 sequaces

1170 2667 1197 2722 iu
1215 2668 1345 2734 Ecclesia,
1366 2671 1411 2740 qui
1432 2671 1539 2741 quando
1555 2688 1639 2742 nsque
1654 2674 1687 2728 ad
1702 2677 1960 2732 consummationem

1169 2758 1260 2813 saeculi
1275 2759 1401 2829 populum
1417 2761 1463 2814 hei
1480 2762 1614 2817 alimoniis
1628 2764 1703 2818 verbi
1722 2765 1834 2821 reficere
1847 2781 1900 2821 non
1914 2767 1961 2822 de·

1169 2849 1279 2915 sinunt,
1305 2868 1387 2922 panes
1412 2854 1506 2925 viginti
1535 2857 1727 2926 propositionis
1760 2876 1896 2930 nunquam
1925 2860 1959 2916 de

1168 2957 1262 2997 mensa
1285 2944 1389 2998 homiui
1412 2946 1550 3001 recedunt.
1570 2946 1603 3000 Et
1618 2948 1689 3002 beate
1705 2948 1786 3002 iidem
1800 2965 1884 3019 panes
1906 2965 1959 3006 non

1170 3033 1204 3088 de
1219 3033 1338 3102 qualibet
1354 3033 1452 3100 farina,
1475 3036 1522 3090 sed
1544 3036 1577 3090 dc
1598 3037 1686 3091 simila
1712 3037 1769 3093 lieri
1789 3039 1959 3105 videbantur,

1168 3126 1231 3196 quin
1257 3127 1382 3181 nitrrirum
1404 3128 1556 3198 quicunque
1572 3127 1633 3183 aliis
1657 3131 1768 3184 verbum
1793 3132 1856 3186 rite
1877 3132 1957 3187 mini·

1168 3223 1273 3280 strant,
1296 3218 1384 3286 primo
1406 3218 1478 3288 ipsos
1495 3233 1606 3274 necesse
1625 3227 1668 3274 est
1686 3220 1816 3275 virtutum
1839 3219 1960 3291 lmgibus

1168 3320 1279 3376 operam
1296 3308 1372 3372 dare,
1389 3316 1523 3377 quatenus
1544 3323 1576 3363 ea
1596 3324 1656 3379 quae
1679 3312 1850 3380 praedicando
1868 3314 1960 3368 admo·

1169 3406 1244 3462 stent,
1261 3405 1289 3452 et
1302 3397 1427 3454 iaciendo
1439 3401 1640 3466 commendent,
1654 3402 1813 3471 configurati
1828 3403 1960 3473 exemplis

328 3489 453 3544 soluritas
468 3489 513 3544 bai
532 3491 652 3559 quotidie
667 3490 882 3557 administratur,
897 3492 1051 3564 peruigilem
1071 3465 1154 3548 cu·C
1170 3493 1241 3547 illius
1255 3493 1299 3562 qui
1314 3493 1347 3546 dc
1367 3494 1510 3561 semetipso
1530 3494 1586 3547 ait:
1604 3492 1663 3548 Nisi
1684 3511 1795 3565 pronum
1818 3495 1958 3564 sarmenti,

328 3581 443 3636 stodiam
457 3580 567 3636 habent.
583 3579 639 3636 Sub
660 3582 779 3651 ipsorum
794 3598 858 3636 eura
874 3590 915 3637 est
940 3591 967 3636 et
986 3583 1073 3637 simila
1089 3593 1117 3639 et

329 3672 419 3725 sinum
433 3679 462 3725 et
484 3671 584 3731 oleum,
597 3671 625 3726 in
643 3672 742 3742 quibus
764 3679 933 3727 sacramenta
955 3673 1077 3743 coepturis
1090 3682 1119 3729 et

329 3763 469 3833 sanguinis
492 3762 597 3818 llomini
622 3763 812 3828 coniiciuntur,
835 3774 863 3819 ct
888 3764 1006 3834 Spiritus
1030 3768 1117 3822 sancti

328 3855 412 3924 qratia
437 3853 549 3923 speciali
570 3854 697 3908 unctione
720 3855 846 3919 traditur,
869 3856 974 3926 ipsique
993 3857 1054 3911 tltus
1072 3873 1116 3911 sa-

329 3958 436 3998 crarum
451 3943 616 4009 orationum,
630 3954 657 3999 et
671 3954 793 3999 aromata
807 3946 936 4000 virtutum
954 3946 980 4000 in
996 3947 1117 4003 Ecclesia

329 4034 373 4091 hei
387 4034 525 4091 odorilere
534 4046 709 4106 componunt,
723 4046 750 4092 et
762 4037 789 4092 1ιι
803 4047 948 4107 conspectu
963 4039 1010 4094 liei
1024 4041 1117 4094 vinnm

329 4126 495 4199 acceptabile
509 4125 633 4182 reddunt.

360 4217 395 4272 m
414 4217 575 4272 Mathathias
589 4216 687 4272 Lenites
705 4219 892 4288 primoqenr'tus
907 4217 1006 4273 Selium
1022 4218 1118 4274 Corittu

328 4310 530 4380 prefectuserat
541 4324 630 4363 eorum
639 4324 697 4378 qua
705 4309 732 4361 in
743 4309 875 4377 sartaqinc
886 4309 1058 4377 [riqrbantur.
1066 4310 1117 4377 Qui

1167 3584 1261 3638 mitetur
1275 3585 1420 3647 interram,
1435 3593 1566 3637 mortuum
1584 3584 1678 3654 fuerin
1701 3586 1785 3653 ipsum
1801 3585 1885 3639 solum
1901 3602 1958 3638 tna·

1167 3685 1210 3730 net
1230 3674 1320 3740 (ioan.
1334 3673 1394 3746 ιιιι).
1411 3673 1518 3727 lhneet
1533 3674 1612 3729 iidem
1626 3690 1709 3744 panes
1725 3674 1782 3729 seui
1800 3674 1960 3730 altrinsecus

1167 3783 1249 3839 super
1271 3782 1391 3821 mensam
1416 3767 1496 3821 statui
1512 3767 1746 3836 praecipiebantur,
1761 3776 1871 3838 propter
1890 3782 1957 3823 cou-

1167 3857 1287 3912 conliam
1302 3855 1407 3910 scilicet
1421 3856 1562 3910 charitatis
1576 3866 1603 3911 et
1617 3858 1764 3912 societatis.
1780 3856 1846 3910 Nam
1866 3865 1893 3911 et
1910 3858 1959 3912 Do

1169 3948 1258 4002 mitius
1284 3947 1360 4000 binos
1386 3947 1419 4000 ad
1444 3947 1644 4017 praulieandunt
1678 3946 1823 4016 discipulos
1851 3948 1960 4002 misisse

1167 4038 1326 4108 perhibetur
1343 4036 1440 4107 (liare.
1452 4054 1494 4103 rt;
1513 4037 1574 4091 Luc.
1588 4039 1633 4107 ιι),
1653 4037 1801 4107 figuraliter
1818 4037 1959 4093 insinuans

1167 4129 1239 4200 quod
1262 4130 1347 4184 sancti
1364 4130 1487 4185 doctores
1512 4147 1649 4201 nunquam
1676 4134 1709 4184 ah
1732 4131 1848 4186 invicem
1867 4129 1910 4185 rel
1931 4130 1959 4185 in

1168 4219 1317 4273 assertione
1329 4220 1458 4283 veritatis,
1474 4219 1516 4274 rel
1539 4220 1566 4273 in
1580 4219 1676 4274 allectu
1690 4219 1842 4273 dilectionis
1860 4219 1959 4274 disere

1167 4316 1241 4379 pant.
1265 4307 1342 4375 Quod
1365 4318 1454 4363 autem
1470 4323 1551 4379 super
1573 4324 1658 4377 panes
1676 4310 1739 4364 tluts
1762 4308 1957 4363 lucidissimum

329 4416 375 4473 per
386 4400 577 4465 liathathiam,
593 4400 800 4471 primogenitum
824 4400 925 4454 Selium
940 4398 1048 4464 Carice,
1065 4404 1118 4459 nisi
1167 4400 1326 4470 ponebatur,
1339 4400 1467 4454 uirtutem
1490 4400 1620 4454 orationis
1643 4400 1774 4469 deslqnat,
1789 4400 1852 4467 quia
1876 4399 1957 4453 iidem

329 4489 492 4561 herlemptor
522 4498 614 4546 noster
637 4489 776 4560 figuratur.
800 4491 846 4560 qui
869 4500 906 4544 est
932 4492 1117 4562 primoqenitns
1168 4491 1292 4546 doctores
1307 4487 1551 4542 sineministerium
1566 4487 1764 4556 praedicationis
1779 4486 1898 4541 simulet
1913 4486 1959 4541 de-

329 4587 501 4642 mortuorum,
519 4587 542 4631 et
558 4579 677 4649 princeps
695 4595 783 4648 rcqum
795 4589 870 4633 terro
884 4578 909 4651 (1
921 4578 982 4633 Cor.
995 4596 1044 4644 xv;
1058 4579 1116 4636 cot.
1168 4580 1302 4635 sotionem
1314 4578 1403 4647 operis
1416 4578 1529 4632 Dornino
1543 4578 1743 4632 commcmlant.
1756 4576 1822 4630 Nam
1836 4590 1884 4647 per
1897 4577 1959 4630 thus

329 4683 352 4736 ις
364 4670 447 4741 Aper.
459 4669 491 4742 ι).
504 4669 587 4736 Quem
602 4681 672 4741 pater
696 4671 866 4740 sanctificarit
881 4682 904 4725 et
920 4673 988 4727 misit
1002 4674 1029 4727 in
1044 4690 1119 4727 man-
1168 4667 1317 4723 orationem
1341 4666 1475 4735 desigtmri
1500 4673 1612 4720 testatur
1637 4665 1789 4730 l’salmista,
1812 4666 1856 4735 qui
1872 4665 1937 4719 dicit
1950 4684 1956 4717 :

329 4761 390 4814 dsus
404 4758 497 4832 (ioan.
509 4763 549 4833 x),
569 4770 600 4815 ut
622 4775 671 4831 per
687 4762 840 4831 passionem
862 4764 951 4818 crucis
973 4766 1118 4819 redimeret
1169 4759 1306 4830 Diriqatur
1319 4762 1403 4813 oratio
1419 4777 1488 4824 ntea,
1501 4762 1567 4813 sicut
1581 4763 1713 4814 incensmn
1726 4762 1752 4813 in
1765 4772 1901 4829 conspectu
1914 4771 1959 4815 tuo

330 4867 413 4924 psum
425 4854 583 4908 humanum.
598 4852 674 4920 Quod
686 4854 756 4908 hene
770 4854 828 4923 ipsa
842 4855 950 4909 nomina
969 4870 1018 4910 sua
1034 4856 1117 4910 inter·
1169 4847 1255 4922 (Paul.
1266 4850 1339 4919 exn).
1355 4849 1388 4904 Et
1401 4850 1463 4904 thus
1477 4849 1671 4905 lucidissimum
1685 4865 1767 4919 super
1782 4866 1868 4920 panes
1882 4853 1959 4921 poni-

330 4946 479 5015 praetiosae
491 4946 654 5016 exprimunt.
669 4945 736 5000 Nam
752 4946 915 5002 blathathias
925 4948 1117 5019 interpretatur
1169 4949 1214 4996 tur
1232 4941 1259 4994 in
1274 4950 1476 4996 nrooumeutum
1491 4940 1634 4996 oblationis
1650 4941 1767 5007 homini,
1784 4941 1891 5010 quando
1908 4942 1959 5010 pia·

332 5036 435 5092 sonan
454 5035 514 5101 Dei,
528 5045 556 5092 et
570 5036 682 5103 Selium,
698 5037 798 5093 evulsio
813 5038 855 5095 rel
866 5040 1000 5106 dimissim
1012 5041 1115 5108 Corita,

331 5129 469 5199 dissipans,
480 5128 522 5184 vel
536 5128 696 5199 disperdens.
711 5129 782 5186 Deus
796 5132 868 5186 enim
882 5134 1053 5202 omnipotens
1066 5135 1118 5189 dis·

332 5217 419 5288 sipare
444 5226 526 5289 atque
550 5218 665 5275 euellere
688 5221 839 5278 deliberans
860 5224 1043 5294 principatum
1060 5226 1118 5279 dia-

332 5304 395 5374 boli,
407 5310 512 5378 proprio
525 5306 597 5363 Filio
616 5327 667 5365 nan
680 5314 802 5382 pepercit,
821 5312 867 5366 sed
883 5330 930 5383 pro
948 5314 1019 5368 nobis
1036 5316 1119 5369 omni·

333 5395 377 5451 tas
395 5399 505 5452 tradidit
519 5398 610 5464 illum,·
629 5408 762 5470 quatenus
776 5417 885 5457 carerem
907 5418 983 5457 suam
1003 5404 1028 5458 in
1046 5403 1116 5459 mola

333 5488 463 5556 passionis
478 5496 578 5554 wreus,
592 5505 623 5544 ac
645 5489 705 5545 oleo
722 5492 914 5547 misericordia
931 5493 957 5546 in
983 5495 1118 5562 sartagine

334 5580 419 5635 emeis
435 5579 546 5650 frigens,
562 5596 578 5635 a
599 5590 732 5652 potestate
749 5581 865 5647 Satanae,
879 5593 907 5638 et
920 5584 1033 5637 uinculis
1053 5576 1117 5653 pec-

334 5679 453 5726 catorum
466 5685 542 5725 reum
556 5671 707 5728 absolveret
722 5674 860 5728 mundum.
873 5673 1036 5729 hlathathias
1048 5690 1119 5745 pne-

335 5757 417 5816 tatus
442 5769 504 5816 crat
523 5775 617 5817 eorum
644 5778 704 5831 quaa
727 5764 755 5816 in
782 5764 918 5832 sartagine
939 5765 1116 5834 frigebantur,

334 5850 394 5918 quia
410 5848 536 5906 Christus
547 5861 641 5908 auctor
655 5860 698 5907 est
710 5862 941 5908 sacramentorum
956 5854 1115 5919 caelestium,

335 5942 376 5998 ubi
391 5942 513 6012 quotidie
533 5945 612 6014 panis
632 5955 659 6000 ct
675 5946 765 6000 ιίιιιιιιι
783 5945 810 6000 1ιι
833 5948 1118 6003 commemorationem

337 6032 466 6100 passionis
482 6031 541 6102 eius
562 6033 721 6099 ollcruntur,
743 6044 770 6089 et
792 6045 873 6105 caput
893 6044 936 6090 est
962 6045 1117 6091 sanctorum

1169 5041 1325 5089 sanctorum
1339 5034 1438 5089 actioni
1453 5049 1485 5089 ac
1499 5033 1630 5089 doctrine
1643 5034 1730 5088 oratio
1748 5048 1815 5102 pura
1832 5034 1960 5102 superad-

1170 5127 1251 5192 ditur,
1265 5142 1319 5196 quo
1335 5142 1383 5196 per
1397 5126 1454 5180 haec
1466 5134 1581 5195 utraque
1601 5126 1653 5179 rite
1670 5125 1770 5180 sociam
1784 5139 1891 5193 semper
1903 5138 1960 5177 me·

1170 5218 1256 5271 moria
1271 5232 1355 5271 sacrae
1375 5216 1519 5269 oblationis
1537 5216 1563 5269 in
1583 5223 1730 5285 conspectu
1748 5215 1846 5270 smmni
1864 5215 1959 5269 arbitri

1170 5318 1308 5378 appareat.
1331 5307 1402 5361 Bene
1426 5314 1516 5360 autem
1539 5306 1714 5376 persingulas
1742 5306 1852 5359 sabbata
1876 5319 1960 5374 panes

1170 5413 1263 5452 coram
1278 5397 1390 5452 homino
1410 5396 1510 5450 mutari
1533 5395 1703 5450 mandantur.
1724 5396 1813 5450 Panes
1832 5410 1958 5463 namque,

1170 5488 1217 5558 qui
1230 5505 1278 5557 per
1290 5504 1336 5543 scu
1353 5489 1410 5543 dies
1424 5489 1553 5558 operandi
1570 5489 1598 5542 in
1615 5504 1707 5542 mensa
1723 5489 1828 5543 Donthti
1850 5487 1959 5543 fucrant

1170 5581 1262 5651 positi,
1279 5579 1397 5635 Sabbata
1418 5580 1495 5634 novis
1508 5586 1656 5643 tnumntur,
1675 5595 1736 5633 cum
1750 5579 1875 5634 doctores
1897 5574 1958 5645 qui·

1171 5687 1223 5742 que
1246 5680 1347 5726 sancta>
1364 5671 1502 5735 Ecclesiae,
1523 5669 1656 5740 completo
1672 5678 1793 5739 tempore
1807 5670 1848 5724 sui
1873 5666 1957 5722 sancti

1171 5764 1283 5829 laboris,
1304 5764 1385 5817 etiam
1406 5763 1432 5816 1ιι
1447 5762 1523 5816 coelis
1536 5768 1752 5823 remunerantur,
1769 5768 1797 5812 et
1811 5757 1878 5811 alios
1897 5764 1959 5824 post

1170 5869 1201 5910 sc
1219 5855 1246 5908 in
1261 5855 1331 5909 idem
1347 5869 1414 5922 opus
1428 5852 1567 5907 laborandi
1581 5852 1607 5905 in
1622 5850 1704 5904 verbo
1719 5849 1769 5902 sub
1781 5846 1901 5915 ejusdem
1912 5860 1960 5915 spe

1171 5946 1356 6002 retributionis
1381 5945 1543 6016 relinquunt.
1566 5942 1666 6010 Sicque
1683 5940 1713 5993 ht
1733 5946 1763 5991 ιιι
1786 5950 1879 5991 mensa
1905 5936 1959 5991 tto-

1171 6038 1236 6091 miui
1253 6052 1389 6107 nunquam
1407 6038 1484 6105 panis
1505 6035 1581 6104 inops
1600 6036 1756 6089 remaneat,
1782 6043 1874 6083 verunt
1896 6044 1958 6084 mox
