4709 6767
355 600 420 655 tete
792 590 968 650 cubuerit.
988 592 1022 647 ΙΝ
1041 588 1346 646 uectustasvtctttt.
1367 621 1401 630 -
1420 588 1483 643 ltu.
1504 587 1549 642 IX.
1917 590 1980 643 tutti

638 709 750 766 catut
776 709 845 764 Xlx.
1154 712 1178 771 Λ
1194 722 1254 759 nem
1277 706 1403 760 seductus
1417 714 1468 767 est,
1482 702 1553 771 juste
1568 704 1593 758 in
1618 702 1676 770 ejus
1695 711 1854 772 potestatem
1870 706 1981 759 traditus

1190 806 1243 862 est,
1261 796 1324 865 quia
1343 796 1449 850 Domini
1469 796 1510 849 sui
1537 796 1661 848 irrotulata
1690 796 1909 864 transgrediens,
1934 798 1982 852 ini-

1191 887 1255 944 mici
1268 885 1376 941 nefandi
1389 887 1525 955 peruersis
1548 886 1718 941 suasionibus
1731 887 1878 950 murensit,
1893 895 1921 941 et
1943 889 1979 943 ita

1190 979 1263 1034 bcus
1279 978 1450 1045 omnipotens
1469 978 1526 1047 (nivi
1541 986 1582 1031 cst
1593 992 1698 1031 summe
1720 978 1818 1044 bouus,
1840 977 1895 1033 imo
1910 994 1983 1034 sum-

355 844 454 903 Nuvrut
469 842 615 928 Sapientia,
631 844 752 897 launacum
775 845 832 926 vitu*
852 846 944 897 intimo
957 844 1083 912 pandent,
1097 859 1141 895 ne·

507 930 682 967 sestariorum
703 930 789 966 reram
810 926 991 968 tristrruuentu.

391 1064 528 1121 rlnitinm
549 1064 709 1118 necessaria
723 1064 761 1119 rei
784 1063 810 1117 in
825 1063 879 1116 vita
903 1063 1041 1117 lominum
1061 1076 1140 1131 anua,
1192 1080 1266 1119 mum
1288 1066 1397 1126 bonnam.
1418 1067 1606 1121 universorum
1632 1066 1919 1141 ordinatoroptimus)
1937 1071 1984 1125 bo-

353 1177 364 1209 ι
383 1157 463 1227 ignis,
475 1163 504 1209 et
516 1154 633 1218 lernam,
649 1163 676 1209 et
688 1155 737 1215 sal.
753 1154 805 1218 lac,
824 1162 852 1209 ct
871 1157 952 1225 panis
970 1154 1141 1224 similaginis,
1191 1156 1281 1212 mines
1295 1157 1482 1226 superbientes
1500 1157 1550 1210 snb
1564 1157 1684 1212 dominio
1700 1159 1876 1228 superborum
1901 1174 1982 1230 ange·

359 1254 413 1307 «et
437 1245 490 1300 mel
511 1252 539 1299 et
557 1246 650 1299 botrus
671 1259 741 1311 uvae,
764 1244 871 1311 oleum,
892 1252 921 1299 et
941 1245 1140 1299 vestimentum.
1192 1242 1280 1299 lorum
1293 1245 1410 1315 subegit,
1425 1244 1502 1299 utab
1521 1245 1586 1315 ipsis
1601 1246 1718 1315 correpti
1738 1246 1884 1313 discerent,
1898 1264 1983 1318 qivan-

362 1335 449 1390 tllanc
462 1335 552 1389 omnia
577 1336 678 1389 sanctis
704 1336 731 1389 in
752 1335 852 1390 bonum
874 1335 937 1389 :sic
958 1344 985 1389 et
1006 1335 1095 1404 impiis
1115 1340 1142 1390 et
1194 1341 1252 1387 tom
1267 1333 1351 1388 distat
1370 1333 1441 1387 inter
1463 1333 1521 1387 veri
1544 1341 1572 1388 et
1593 1333 1708 1403 piissimi
1733 1333 1849 1399 llomini,
1865 1342 1893 1391 et
1913 1336 1984 1390 inter

355 1448 367 1478 r
389 1426 577 1496 peccatoribus
591 1425 616 1479 iu
638 1426 708 1481 mala
730 1436 930 1480 convertentur.
953 1445 962 1477 r
985 1424 1081 1478 Narrat
1097 1440 1142 1479 sa-
1194 1424 1300 1495 tyranni
1311 1424 1489 1479 crudelissimi
1506 1425 1678 1490 servitutem
1704 1426 1754 1495 ipsi
1773 1441 1837 1481 vero
1849 1427 1985 1482 demones

353 1518 455 1588 pientia
468 1518 593 1570 bumana·
605 1517 667 1570 vitae
685 1515 776 1579 initia,
794 1515 914 1583 pandens
929 1513 1143 1569 necessariarum
1193 1524 1222 1569 et
1232 1523 1350 1570 tortores
1362 1514 1501 1570 bominum
1523 1516 1686 1570 atrocissimi
1700 1516 1728 1569 in
1745 1515 1836 1571 ivrrore
1852 1531 1902 1571 suo
1920 1533 1984 1571 con·

356 1621 446 1660 rernm
459 1606 647 1666 instrumenta,
659 1613 689 1658 nt
699 1614 852 1674 compescat
865 1604 996 1657 immanes
1012 1602 1143 1657 auintosa
1194 1604 1304 1659 tirvvtant
1318 1613 1451 1658 tormenta
1466 1619 1526 1668 sua,
1540 1605 1585 1674 qui
1606 1606 1633 1659 in
1656 1605 1746 1662 loturo
1755 1604 1857 1674 judicio
1871 1622 1921 1676 pro
1937 1623 1983 1662 ne-

354 1696 417 1749 luxu
444 1695 536 1748 mimdi
559 1703 588 1748 et
619 1694 772 1748 illicitarum
797 1707 885 1748 rerum
913 1693 1142 1761 coarcttpiscentia.
1194 1693 1278 1761 quitia
1297 1694 1404 1763 propria
1417 1703 1446 1748 ct
1456 1694 1567 1749 busciani
1581 1695 1688 1764 generis
1704 1697 1870 1761 seductione,
1885 1699 1985 1767 suppli·

352 1787 437 1856 llqum
462 1786 533 1839 enim
556 1796 585 1839 et
603 1784 672 1854 ignis
693 1784 833 1838 elementis
855 1784 973 1838 maxime
996 1782 1144 1853 corporalis
1194 1783 1381 1839 cia'subibunt
1398 1792 1516 1848 mterna;
1530 1784 1716 1852 sedquoniam
1738 1784 1776 1838 illi
1792 1784 1820 1838 in
1838 1785 1985 1839 novissimo

354 1879 409 1932 vita
424 1877 560 1940 nutritur3
579 1884 607 1930 et
634 1875 699 1931 ierri
725 1877 853 1931 ntateries
877 1878 910 1930 ad
935 1874 1144 1929 instrumentum
1196 1883 1317 1942 tempore
1335 1874 1453 1928 urarime
1473 1874 1593 1928 bumano
1611 1874 1704 1944 generi
1729 1874 1820 1929 inlecti
1839 1884 1935 1941 erunt,
1959 1884 1988 1930 ct

354 1968 521 2023 diversamnr
532 1967 630 2020 artium
643 1966 743 2021 tributa
755 1977 797 2020 est
810 1980 818 2020 a
833 1966 911 2020 sicet
922 1965 961 2019 sal
973 1966 1006 2020 ad
1020 1966 1146 2019 condien-
1195 1962 1256 2031 eius
1266 1962 1405 2017 interltum
1430 1972 1495 2018 utne
1515 1966 1649 2033 praecipue
1664 1966 1866 2021 meditabuntur
1878 1966 1987 2036 quando

354 2057 403 2113 dos
422 2056 505 2117 cibos,
523 2057 556 2111 ad
570 2055 794 2126 compescendam
810 2055 979 2125 putredinem
999 2055 1145 2124 providen-
1161 2078 1183 2138 Β
1197 2051 1318 2105 solvetur
1330 2049 1447 2105 Satanas
1468 2052 1502 2106 de
1515 2066 1702 2119 earceresno,
1722 2066 1750 2110 et
1762 2055 1848 2110 exibit
1860 2065 1889 2112 ut
1908 2058 1987 2112 sedu-

353 2147 391 2201 tia
405 2146 495 2201 divina
507 2146 667 2202 collocatum
683 2153 736 2200 est.
757 2145 797 2199 lta
820 2160 927 2215 etimne
944 2153 972 2199 et
994 2154 1056 2199 ante
1074 2144 1144 2199 dilu-
1193 2149 1240 2197 eat
1252 2149 1347 2212 gentes
1366 2156 1428 2210 quae
1450 2149 1513 2199 sunt
1529 2156 1611 2210 super
1637 2151 1752 2212 ortatuor
1775 2144 1887 2215 angulos
1910 2155 1988 2200 ternu

353 2238 428 2292 trium
455 2234 658 2302 immutante,
684 2246 712 2292 et
738 2235 855 2291 naturali
883 2235 944 2291 cibo
965 2234 1145 2290 vescebantur
1194 2232 1253 2305 Gog
1262 2242 1291 2289 et
1304 2233 1410 2305 diagog,
1422 2243 1451 2291 et
1461 2235 1637 2305 congregabit
1647 2250 1694 2290 eos
1705 2236 1731 2290 in
1750 2235 1883 2306 prelium,
1902 2251 1988 2307 quavi-

355 2328 496 2392 bominea,
516 2327 635 2382 nondum
656 2341 763 2397 quoque
785 2325 839 2382 illis
859 2326 985 2382 carnium
1007 2341 1055 2381 esa
1079 2340 1140 2380 con·
1195 2323 1283 2392 degite
1305 2323 1448 2379 revelatus·
1464 2323 1546 2379 luerit
1569 2326 1650 2380 bomo
1675 2327 1778 2394 peccati
1802 2326 1873 2381 lilius
1898 2328 1989 2398 perdi-
2088 2390 2091 2393 ,

354 2434 449 2483 cesso;
477 2419 524 2475 sed
554 2419 618 2487 quia
643 2419 708 2488 ipse
735 2433 780 2473 res
809 2431 904 2473 omnes
926 2416 1003 2471 bonae
1028 2431 1044 2469 a
1072 2416 1144 2470 bono
1196 2412 1296 2478 donis,
1326 2414 1374 2483 gui
1399 2414 1610 2484 adversatores
1638 2415 1779 2471 extollitur
1803 2432 1885 2487 supra
1908 2432 1988 2474 omne

354 2518 478 2565 creatore
503 2509 537 2563 ad
565 2523 644 2564 rvnvm
670 2509 809 2564 bominum
833 2515 933 2564 create
956 2514 1030 2571 sunt,
1045 2506 1082 2560 illi
1098 2507 1144 2577 qui
1196 2505 1267 2573 quod
1290 2504 1388 2560 dicitur
1399 2505 1473 2566 Deus
1487 2513 1534 2560 aut
1547 2506 1619 2575 quod
1630 2506 1738 2571 colitur,
1753 2506 1791 2562 ita
1805 2516 1836 2561 ut
1849 2508 1877 2562 in
1889 2508 1988 2577 templo

354 2597 396 2652 eis
409 2606 555 2667 temperate
570 2605 692 2660 utuntur,
708 2605 735 2651 et
749 2596 897 2652 secumdum
915 2594 1042 2649 nrandata
1053 2594 1146 2648 viven-
1195 2593 1243 2650 llei
1257 2593 1351 2650 sedeat
1371 2596 1516 2651 ostendeus
1534 2610 1564 2651 sc
1577 2602 1706 2665 tanquam
1725 2596 1783 2666 ipse
1796 2599 1832 2652 sit
1850 2597 1932 2661 licus,
1948 2598 1990 2649 vir

355 2699 406 2755 tes,
418 2690 444 2745 in
454 2690 776 2746 omnibusdiserctioaem
789 2688 890 2743 babere
897 2686 1072 2750 contendant,
1080 2686 1145 2756 ipsis
1196 2684 1252 2741 neo
1264 2684 1371 2741 deditus
1378 2686 1431 2742 boe
1439 2684 1597 2755 pmpbetieo
1607 2701 1682 2741 more
1694 2686 1869 2754 prenuntiat,
1879 2686 1987 2740 dicens:

354 2775 1146 2847 nimimmresboumadluturabouaadipisceudaadmiai·
1243 2777 1304 2832 rln
1327 2785 1447 2847 tenrpore
1470 2776 1709 2833 consummationis
1738 2776 1877 2833 ellundem
1906 2778 1989 2831 rirtn-

354 2872 418 2927 culo
426 2872 503 2927 llunt.
518 2871 571 2926 illis
583 2878 671 2926 numm
679 2870 725 2939 qui
737 2869 870 2924 illecebris
878 2867 968 2923 seculi
980 2867 1145 2931 deserviunt,
1199 2883 1209 2917 r
1227 2873 1291 2929 tem,
1312 2874 1340 2920 et
1354 2864 1473 2921 furorem
1487 2863 1547 2935 eius
1560 2864 1606 2935 nui
1627 2864 1692 2920 lecit
1715 2864 1775 2922 illos
1797 2866 1952 2935 placabunt.
1976 2886 1985 2918 s

354 2972 384 3017 et
394 2962 526 3017 bonarmn
539 2977 628 3017 rerum
645 2960 839 3030 nequissimum
849 2974 928 3014 usum
939 2959 1047 3020 liabent,
1059 2970 1145 3026 pteram
1197 2953 1272 3008 'ltine
1299 2956 1371 3009 enim
1391 2955 1538 3010 secuudum
1567 2954 1756 3024 Evangelicant
1776 2956 1986 3019 attestationem,

356 3050 454 3106 lttluvae
467 3051 508 3106 eis
520 3050 680 3121 praeparatio
693 3050 732 3114 lit,
748 3063 781 3104 eu
795 3047 864 3118 quod
880 3046 958 3102 bonis
970 3046 1146 3116 presentibus
1195 3053 1277 3099 erunt
1288 3045 1345 3100 dies
1358 3045 1395 3100 illi
1408 3032 1587 3101 tribulationis
1610 3044 1688 3110 tales,
1703 3044 1796 3114 quales
1813 3059 1866 3100 uon
1880 3044 1989 3098 tuerent

356 3142 451 3199 illicite
459 3143 600 3198 abutentes
608 3143 697 3196 tatum
708 3144 776 3197 bona
790 3156 911 3210 girmrere
924 3139 1108 3211 neglexerunt.
1196 3137 1231 3191 ab
1241 3137 1318 3193 initio
1338 3146 1470 3192 creature
1483 3152 1564 3206 quarn
1586 3126 1707 3191 condidit
1718 3136 1788 3194 Deus
1803 3151 1888 3206 usque
1904 3152 1989 3201 nuvae,

396 3255 406 3287 ι
425 3236 494 3291 Suut
515 3236 625 3305 spiritus
642 3235 687 3303 gvii
703 3235 737 3288 ad
750 3234 896 3288 vintlictam
918 3232 1003 3287 creati
1023 3240 1087 3287 sunt
1100 3249 1106 3285 :
1119 3241 1147 3286 et
1197 3243 1285 3299 neque
1304 3229 1368 3283 dent
1382 3246 1389 3282 :
1403 3246 1413 3280 r
1428 3229 1463 3284 Et
1479 3228 1531 3283 nisi
1543 3228 1693 3284 breviasset
1711 3227 1840 3283 Dominus
1851 3228 1920 3293 dies,
1934 3245 1988 3284 non

360 3346 370 3378 ι
389 3327 416 3379 in
436 3325 527 3382 lurore
541 3341 589 3380 suo
602 3324 832 3380 eondmvnverunt
851 3331 984 3377 tormenta
1007 3337 1066 3377 sua.
1084 3341 1094 3373 r
1109 3322 1147 3376 lle
1197 3319 1293 3377 luisset
1307 3320 1381 3375 salva
1405 3319 1493 3375 omnis
1512 3334 1576 3376 earo
1588 3336 1595 3373 t
1606 3320 1654 3375 sed
1670 3327 1780 3390 propter
1797 3318 1908 3385 electos,
1921 3333 1989 3389 quos

359 3417 484 3489 malignis
502 3418 642 3487 spiritibus
654 3417 729 3481 dicit,
746 3432 814 3486 givos
829 3415 915 3471 bonus
937 3423 1043 3470 creator
1061 3416 1184 3485 bonose
1201 3417 1292 3488 elegit,
1311 3416 1442 3471 breviabit
1463 3414 1522 3469 dies
1540 3411 1650 3482 tllattlv.
1663 3407 1748 3480 utu).
1770 3425 1779 3459 t
1793 3404 1826 3459 Et
1838 3406 1909 3460 ltcue
1922 3405 1990 3460 dici-

359 3513 386 3567 in
400 3512 477 3566 initio
498 3512 615 3575 creavit:
639 3512 685 3565 sed
700 3510 751 3579 ipsi
769 3517 880 3579 propter
895 3508 1046 3578 superbiant
1070 3521 1147 3562 suam
1204 3521 1247 3564 tur
1265 3525 1273 3561 a
1291 3525 1301 3559 ι
1320 3507 1355 3561 Et
1375 3504 1637 3572 intercatiensem
1655 3499 1792 3555 lecititloa
1807 3497 1991 3562 tattrluudeut,

360 3601 453 3672 (cuiuis
468 3599 575 3654 luerunt
597 3599 677 3653 iidem
691 3598 771 3668 primi
796 3595 967 3667 inventores>
993 3596 1028 3651 de
1042 3595 1147 3651 coelesti
1201 3591 1265 3662 quia
1280 3591 1307 3645 in
1325 3590 1513 3660 iniquitatibus
1527 3589 1584 3646 suis
1599 3596 1627 3645 et
1645 3588 1673 3644 tn
1685 3587 1826 3643 inimicitia
1837 3602 1916 3657 quam
1930 3602 1992 3642 cou-

359 3691 457 3761 gaudio
468 3690 494 3744 in
508 3690 643 3745 miseriam
655 3689 800 3743 maximam
815 3697 990 3751 curvtu¹rtvtv13
1007 3695 1148 3757 postquam
1204 3694 1245 3740 tra
1261 3684 1409 3740 Ecclesiam
1425 3683 1527 3746 Cbristi
1540 3682 1650 3748 babent,
1676 3682 1815 3739 coelestem
1840 3682 1867 3737 in
1885 3697 1915 3737 sc
1934 3682 1990 3734 vin-

359 3789 451 3836 autem
465 3780 545 3834 lrotrto
559 3796 574 3831 a
589 3778 644 3833 ueo
667 3779 792 3833 conditus
817 3792 864 3846 per
878 3776 976 3831 diaboli
1001 3779 1148 3847 suggestio·
1202 3778 1300 3833 dictant
1314 3764 1461 3848 provocare
1480 3793 1533 3832 nou
1549 3777 1654 3832 timent.

365 3906 422 3925 μ-

989 3968 1354 4081 ιιιιιιιιιιοιιιιε.

1055 4134 1295 4157 ‘nu—d—

616 4192 729 4249 CAPUT
743 4191 884 4247 Putttult.
1201 4193 1374 4263 suscipiebat.
1400 4186 1532 4248 Similiter
1553 4201 1581 4250 et
1607 4194 1754 4249 animantia
1780 4203 1862 4264 atque
1885 4194 1991 4266 reptilia

362 4306 498 4378 Sapientia
511 4313 601 4360 narrat
615 4304 799 4375 quodpropter
811 4310 917 4372 peccatu
937 4300 1071 4356 iroutirtunt
1090 4296 1164 4354 oin-'
1201 4291 1290 4349 ῑθῐιῑῡι
1304 4300 1364 4355 ‘11¹OE
1378 4285 1453 4356 prius
1468 4286 1518 4341 ⁸1¹¹)
1537 4300 1570 4373 ,⁰⁰
1584 4285 1659 4341 milla
1678 4295 1705 4341 θῑ
1720 4294 1859 4341 mansuem
1872 4286 1991 4350 silerum.

397 4377 469 4429 dicto
482 4374 650 4444 procedatid
664 4383 711 4436 cat,
722 4371 928 4441 subvenerimus,
938 4372 1084 4431 decimare
1097 4380 1150 4424 ste·
1201 4383 1263 4445 post
1272 4373 1374 4443 peccati
1390 4374 1562 4430 commissum
1577 4375 1605 4429 in
1625 4376 1844 4432 contrarietatem
1859 4383 1887 4431 et
1901 4375 1993 4430 noxie-

398 4445 493 4509 'mm’
508 4453 533 4498 θ’
545 4444 701 4499 mmmm·
1203 4474 1284 4521 tatem
1298 4465 1337 4520 illi
1351 4466 1536 4532 vertebantur,
1548 4466 1610 4538 quia
1626 4467 1780 4538 rlrompbtea
1798 4466 1916 4522 coelcstis
1930 4466 1992 4520 vin·

401 4575 411 4609 r
434 4555 517 4627 lgnis,
532 4554 644 4626 grantlo,
660 4552 745 4608 fatuos
762 4562 790 4608 ot
809 4568 892 4618 utors,
918 4551 1009 4607 omnia
1036 4550 1094 4605 haec
1118 4549 1152 4603 ad
1203 4556 1282 4611 dicte
1299 4556 1326 4610 in
1349 4557 1438 4625 impiis
1452 4556 1572 4611 divinum
1593 4555 1724 4625 judicium
1743 4557 1897 4612 exercebat.
1916 4555 1993 4623 Quod

366 4670 375 4702 ι
399 4649 543 4704 vindictam
557 4657 646 4704 creata
660 4656 732 4703 sunt.
749 4648 899 4703 Bestiarum
919 4646 1024 4711 dentes,
1035 4655 1063 4701 et
1077 4660 1151 4700 scor·
1204 4656 1295 4703 autem
1308 4648 1428 4705 dicitur:
1451 4669 1460 4700 r
1478 4648 1509 4704 ln
1525 4648 1659 4704 mandatis
1679 4648 1738 4719 ejus
1762 4648 1951 4721 epulabuntur,
1967 4655 1992 4702 et

365 4760 374 4791 ι
397 4740 500 4810 piones,
511 4748 538 4794 et
549 4746 695 4808 serpentes,
709 4747 735 4792 ct
749 4740 902 4809 rbornpbaca
916 4738 1055 4793 vindicans
1067 4738 1093 4791 in
1103 4751 1151 4792 er·
1206 4736 1234 4791 in
1251 4739 1411 4794 necessitate
1420 4739 1643 4809 praeparabuntur
1657 4757 1663 4792 ε
1682 4758 1692 4790 r
1706 4738 1823 4794 insinuat
1834 4739 1904 4808 quod
1915 4740 1993 4809 juxta

365 4849 375 4881 ι
398 4829 551 4884 terminium
566 4828 671 4899 itnpios.
692 4829 721 4883 ln
741 4829 877 4884 mandatis
890 4828 948 4899 ejus
959 4826 1151 4899 epulabuntur,
1182 4891 1184 4893 ,
1205 4842 1349 4898 supernam
1362 4830 1521 4885 sententiam
1536 4829 1655 4886 immissa
1674 4829 1740 4885 ultio
1754 4839 1911 4900 peccatores
1924 4838 1992 4885 unv-

365 4940 376 4975 ‹
397 4930 424 4976 et
438 4929 632 4991 superterram
648 4920 674 4974 in
695 4919 854 4975 necessitate
875 4920 1108 4989 praeparabuntur,
1124 4926 1151 4974 et
1204 4934 1270 4991 pore
1283 4929 1432 4990 opportuno
1445 4920 1581 4986 devastat;
1594 4919 1638 4975 cui
1651 4918 1739 4974 simile
1749 4926 1791 4975 cst
1805 4919 1868 4974 illud
1882 4919 1952 4989 qrrod
1966 4919 1992 4973 in

364 5033 376 5066 ι
400 5013 428 5068 in
452 5011 617 5081 temporibus
646 5011 701 5065 suis
725 5026 778 5065 non
803 5010 958 5081 praeterient
986 5007 1107 5064 verbum.
1140 5012 1310 5084 ›neantico
1336 5012 1535 5067 deuteronomii
1561 5027 1593 5066 ex
1620 5010 1709 5066 diviua
1725 5026 1840 5080 persona
1858 5010 1992 5082 prolatum

362 5103 478 5171 Quando
490 5103 562 5158 enim
577 5103 683 5157 homoa
699 5101 753 5156 Deo
765 5109 883 5164 creatus,
900 5099 1022 5155 subditus
1036 5099 1152 5154 creatori
1203 5102 1320 5170 legitor:
1337 5122 1345 5153 ι
1361 5102 1495 5157 Exacuam
1510 5101 1583 5156 velut
1599 5100 1691 5170 lulgur
1712 5100 1828 5171 gladium
1851 5117 1952 5165 meum,
1966 5113 1994 5157 et

363 5211 414 5251 sno
429 5193 549 5264 parebat,
564 5192 630 5247 nibil
641 5191 813 5247 adversitatis
826 5191 989 5255 sustinebat,
1004 5190 1049 5244 sed
1063 5189 1154 5245 omnia
1204 5201 1265 5263 aget
1281 5189 1411 5258 judicium
1434 5206 1530 5246 manus
1552 5205 1623 5256 ntea,
1641 5199 1668 5245 et
1692 5191 1839 5247 retribuam
1860 5190 1992 5260 judicium

362 5287 402 5342 illi
420 5298 547 5356 prospere
564 5285 736 5349 eveniebant,
751 5290 901 5351 cunctaque
915 5280 1061 5335 animantia
1077 5288 1155 5333 terrae
1205 5282 1332 5344 inimicis,
1351 5289 1377 5335 ιι
1391 5280 1433 5334 bis
1445 5280 1491 5351 quvi
1511 5280 1629 5337 oderunt
1643 5296 1685 5335 me
1703 5281 1829 5348 reddam;
1853 5281 1994 5337 inebriabo

362 5375 416 5432 sub
443 5391 491 5431 sua
517 5376 697 5431 dominatione
715 5374 833 5428 tenebat.
859 5373 925 5427 Cum
955 5381 1045 5426 autcnt
1062 5387 1155 5442 supcr—
1204 5373 1315 5443 sagittas
1331 5389 1404 5426 meas
1417 5372 1442 5425 in
1457 5372 1595 5443 sanguine,
1610 5382 1637 5428 et
1651 5372 1756 5444 gladius
1780 5388 1857 5429 meus
1879 5371 1992 5427 mandu-

362 5468 464 5525 biendo
481 5477 645 5540 praeceptum
670 5466 800 5521 creatoris
828 5466 869 5520 sni
895 5466 1153 5535 transgrediuntur,
1203 5466 1275 5520 cabit
1287 5481 1393 5529 carues,
1404 5480 1419 5519 a
1429 5466 1560 5536 sanguine
1573 5465 1787 5531 vulneratorum,
1799 5482 1814 5521 a
1827 5463 1989 5535 captivitate,

362 5560 399 5615 de
412 5559 542 5615 felicitate
554 5559 670 5629 paradisi
686 5556 797 5626 ejectus,
812 5558 837 5611 in
859 5558 928 5612 banc
951 5556 1099 5611 convallem
1114 5555 1155 5609 la·
1204 5555 1319 5624 acapitc
1334 5555 1483 5625 principum
1499 5555 1669 5610 inimicorum
1688 5555 1777 5627 (Dect.
1795 5554 1890 5625 xxxvi).
1906 5573 1914 5602 r

362 5666 519 5723 cryptarum
534 5648 973 5715 decidit,ubidiversiscalumniis
986 5648 1151 5718 agitabilem
1244 5667 1253 5700 ι
1275 5648 1421 5715 Propterea
1436 5646 1469 5701 ab
1488 5647 1565 5701 initio
1589 5646 1763 5701 confirmatus
1784 5653 1812 5701 ct
1835 5644 1994 5701 consiliatus

363 5742 403 5797 ibi
414 5742 486 5797 enim
493 5741 641 5797 laborando
652 5738 771 5796 sterilem
784 5746 885 5794 terrant
898 5737 1092 5807 habebatque
1105 5752 1153 5806 pro
1208 5759 1218 5790 r
1239 5754 1308 5802 sum,
1328 5745 1356 5792 et
1377 5739 1504 5808 cogitavi,
1518 5746 1546 5793 et
1560 5738 1660 5808 scripta
1672 5736 1770 5791 dimisi.
1786 5734 1872 5789 »llaec
1883 5733 1993 5803 qrtidem

362 5831 500 5888 iruntemo
514 5834 605 5903 spinas
616 5841 644 5887 et
659 5830 771 5885 tribulos
783 5828 955 5901 germinavit,
966 5828 1085 5898 ipsisque
1099 5827 1154 5883 ele-
1206 5830 1340 5884 scntentia
1355 5828 1389 5882 ad
1405 5829 1542 5897 superiora
1561 5827 1672 5896 respicit
1695 5824 1739 5878 ubi
1764 5822 1894 5892 scriptum
1918 5831 1961 5877 cst
1984 5840 1991 5874 :

362 5927 464 5981 irretitis
487 5926 638 5996 vapulabat.
656 5923 732 5980 Unde
751 5922 829 5977 tanus
846 5922 1034 5978 necessitatem
1058 5934 1154 5991 passus
1209 5940 1218 5971 t
1242 5921 1299 5974 ll'on
1313 5929 1354 5974 cst
1368 5918 1468 5982 dicere,
1483 5918 1546 5987 quiid
1562 5925 1603 5970 est
1617 5916 1684 5971 boc?
1707 5922 1753 5967 aut
1772 5913 1835 5982 quid
1855 5917 1898 5968 esi
1912 5912 1994 5967 illud?

363 6018 622 6091 aegritudinibusque
636 6017 760 6084 allectus,
777 6016 884 6071 tantilem
912 6015 1004 6070 mortis
1025 6014 1152 6068 darianum
1207 6010 1294 6065 catania
1324 6010 1394 6063 enini
1431 6008 1456 6061 in
1493 6016 1610 6075 ternpore
1635 6020 1682 6059 suo
1705 6013 1861 6073 quaerentur
1888 6002 2008 6071 idaeae,
