4709 6767
381 571 434 630 set
698 573 730 630 B.
749 569 878 628 RABAM
897 567 1008 630 militi
1025 567 1185 630 incidite.
1206 569 1365 632 seeum.
1384 567 1530 629 orendil
1546 568 1637 629 PARS
1654 570 1676 629 i.
1959 575 2014 639 m

384 704 397 739 r
418 684 637 743 tomhonrlolhns
654 699 736 757 snper
748 685 905 752 ternomio
918 692 1172 757 quooporseatnos
1186 686 1212 747 Δ
1224 691 1253 741 et
1272 691 1372 740 utera
1391 682 1469 750 ritis,
1491 682 1554 740 idea
1574 680 1675 740 Parim
1697 683 1733 742 sd
1754 683 1930 746 mnesar-
1951 689 2023 748 stal-

384 793 396 829 r
417 777 508 833 salsos
522 775 591 833 lieri.
612 793 623 829 s
1226 776 1294 834 bens
1312 776 1370 831 ait:
1387 793 1398 828 r
1424 774 1545 847 Precipe
1560 773 1690 831 divitibus
1703 773 1783 844 huius
1793 776 1888 836 secun
1906 793 1962 838 nan
1973 793 2020 842 ss·

413 851 431 920 'r
452 867 546 924 Omnis
564 866 669 939 iniuriae
686 866 803 938 proximi
824 881 861 923 ne
875 866 1043 933 memineris,
1059 875 1089 924 et
1104 866 1174 924 nih!
1228 885 1237 922 a
1259 867 1342 925 hlime
1352 882 1450 939 sapere
1461 882 1549 938 neque
1558 881 1670 937 sperare
1682 866 1710 922 in
1725 867 1831 925 ineerto
1841 869 2019 946 entiam-3

384 978 394 1010 a
416 973 481 1029 agas
495 958 523 1013 in
536 959 663 1029 operibus
683 958 797 1029 injuriae.
817 975 827 1009 a
848 957 917 1013 Huic
931 958 1073 1013 sententie
1084 957 1173 1014 simile
1226 974 1237 1009 a
1257 959 1352 1014 sedin
1369 959 1425 1014 lieo
1437 958 1499 1013 rim
1520 955 1577 1029 (nui
1597 957 1797 1028 prestatnobis
1815 959 1911 1015 omnia
1932 961 2021 1018 abm-

380 1060 422 1105 est
434 1049 498 1104 iliud
512 1050 583 1119 quod
598 1051 625 1105 in
635 1049 756 1105 Levitico
768 1050 898 1119 scriptum
913 1056 974 1104 est:
995 1067 1004 1101 a
1026 1047 1085 1104 Non
1098 1064 1172 1120 qum-
1226 1065 1237 1099 a
1259 1049 1358 1104 dantsr
1381 1048 1416 1104 atl
1429 1047 1586 1120 irruendum)
1603 1048 1673 1104 hene
1687 1063 1779 1121 agere,
1795 1051 1969 1110 diritesherl
1991 1053 2020 1114 is

382 1139 948 1210 arasultionem,necmemorcrisiujuriae
958 1139 1172 1197 ciuiumtuorum
1225 1139 1386 1208 «operibus
1407 1138 1497 1204 bonis,
1528 1138 1607 1193 facile
1636 1138 1767 1207 tribuere,
1799 1142 2021 1218 communicare,

382 1249 392 1283 r
415 1231 508 1303 (Lenis.
531 1231 626 1304 ⁸¹¹)st
654 1231 683 1287 Si
713 1232 920 1287 meminerimus
938 1231 1011 1287 illius
1028 1233 1171 1290 sententian
1225 1245 1234 1279 s
1257 1228 1445 1284 thesaurizare
1462 1228 1514 1283 sibi
1538 1227 1744 1285 fundamentum
1769 1231 1872 1287 bonum
1898 1232 1927 1288 in
1947 1231 2019 1290 iutu-

380 1322 536 1385 Dominicae,
559 1336 619 1391 quae
631 1322 758 1392 praecepit
773 1320 851 1377 nobis
864 1322 976 1393 diligere
987 1321 1171 1381 inimieosno·
1223 1337 1233 1371 a
1255 1335 1327 1387 rum,
1348 1327 1379 1374 at
1404 1318 1611 1390 apprehendant
1637 1333 1730 1375 teram
1753 1321 1838 1377 uitam
1860 1322 2018 1396 (liidie

378 1423 460 1476 siros,
485 1421 513 1468 et
529 1412 689 1469 benefacere
712 1414 757 1468 his
769 1414 815 1483 qui
829 1412 944 1469 oderunt
962 1429 1021 1477 nos,
1041 1423 1069 1469 et
1089 1429 1169 1471 orare
1220 1409 1288 1464 Nem
1303 1408 1367 1479 ‘lilia
1382 1409 1494 1464 alatilia
1510 1417 1552 1464 0⁸²
1572 1408 1707 1465 id⁰¹⁰i11111
1719 1411 1849 1478 servitus.
1877 1414 2017 1485 duillius

377 1516 427 1571 pro
440 1502 663 1571 persequentibus
685 1510 713 1557 et
724 1503 954 1558 calumniantibus
967 1504 1057 1566 nobis,
1073 1509 1101 1559 et
1117 1519 1167 1559 an·
1219 1509 1351 1567 sectatur,
1362 1509 1535 1570 contemptor
1547 1499 1596 1556 Dei
1608 1516 1670 1556 esse
1684 1504 1828 1572 probatur,
1844 1513 1873 1561 et
1891 1506 1956 1562 ideo
1968 1522 2017 1566 nee

377 1592 475 1649 serenti
495 1592 573 1648 nohis
590 1594 721 1659 tunicam,
745 1591 910 1649 dimittimus
918 1603 948 1650 et
960 1594 1083 1665 pallium,
1103 1610 1168 1666 per-
1218 1609 1309 1650 rerum
1320 1595 1445 1650 dominus
1457 1595 1481 1650 is
1491 1594 1544 1650 rite
1556 1594 1896 1665 deriposseeonrincitur,
1907 1600 2017 1669 qnando

376 1684 488 1741 'cotienti
508 1685 644 1741 maxillam
661 1685 813 1756 prebemus
830 1693 858 1741 et
873 1685 998 1751 alteram,
1017 1685 1168 1743 haucsen-
1217 1692 1338 1739 extrema
1347 1684 1452 1755 primis,
1464 1692 1493 1740 et
1502 1685 1631 1742 vilissima
1642 1688 1783 1757 anteponit
1796 1688 2014 1757 pretiosissimi.

377 1775 488 1830 tentiam
511 1776 645 1831 veraciter
667 1775 854 1845 adimplemus.
874 1775 921 1830 ille
939 1777 1013 1832 onim
1029 1777 1099 1833 bene
1121 1777 1167 1831 in·
1216 1776 1343 1831 Animam
1356 1776 1428 1831 enirn
1440 1791 1519 1832 suam
1529 1774 1652 1832 venalem
1664 1777 1757 1844 habet,
1778 1784 1807 1833 et
1819 1792 1872 1848 pro
1886 1777 1959 1836 lueri
1972 1793 2015 1835 se·

372 1868 472 1936 iuriam
484 1870 600 1939 proximi
613 1883 666 1924 non
680 1869 813 1935 meminit,
825 1870 871 1940 qni
885 1869 1055 1925 dilectionem
1070 1878 1166 1925 eontra
1216 1865 1363 1936 quisitione
1377 1865 1404 1920 in
1423 1865 1539 1921 titasus
1561 1865 1678 1937 pmjecit
1702 1867 1799 1923 intima
1828 1882 1889 1924 sua.
1912 1886 1925 1923 r
1946 1868 2015 1937 Quid

375 1951 477 2024 odium,
490 1966 518 2013 et
531 1959 746 2015 benedictionem
763 1968 856 2016 contra
867 1959 1029 2015 calumniam
1041 1960 1166 2030 proximo
1218 1974 1229 2008 t
1249 1958 1333 2021 enim,
1353 1954 1432 2025 lutis
1449 1956 1580 2014 Veritatis
1599 1958 1797 2027 testimenium,
1822 1961 1952 2030 proderit
1968 1961 2014 2020 ΙΙο·

374 2046 514 2119 impendit.
1178 2035 1230 2101 Ba
1252 2050 1330 2115 mini,
1343 2050 1365 2105 si
1381 2050 1537 2106 uniuersum
1549 2050 1679 2106 mnndum
1692 2051 1825 2119 lucretur,
1840 2053 2014 2110 animarem

412 2158 422 2192 a
440 2140 554 2197 odibilis
577 2156 670 2197 coram
688 2141 744 2197 lieo
758 2150 800 2198 est
814 2149 842 2197 et
853 2141 1009 2199 hominihus
1024 2144 1161 2216 superbia,
1217 2158 1228 2193 r
1249 2154 1306 2196 snae
1318 2142 1510 2198 detrimentum
1527 2143 1690 2212 patiaturli

376 2242 435 2288 act
448 2232 622 2289 exsecrabilis
637 2235 726 2289 omnis
737 2234 865 2305 iniqnitas
884 2236 1121 2307 gentiumrilino
1136 2238 1163 2292 in
1251 2232 1762 2303 s0nrnispotentatusbrerisrita.»
1794 2233 1933 2291 «Panum
1956 2234 2011 2308 agri

372 2321 526 2378 Proverbiis
549 2324 680 2393 scriptum
694 2332 755 2379 est:
774 2343 785 2375 r
803 2324 976 2381 Abominatio
992 2327 1099 2382 Domini
1120 2336 1163 2384 est
1216 2325 1329 2381 rhodie
1351 2335 1406 2392 est,
1433 2337 1461 2381 et
1475 2341 1538 2382 eras
1566 2326 1592 2381 in
1613 2326 1748 2381 clibanum
1775 2328 1918 2382 mittitur:
1943 2326 2012 2385 diist

374 2431 384 2463 r
406 2413 494 2467 onmis
508 2426 649 2483 arrogans,
674 2421 702 2468 et
719 2414 827 2468 domum
842 2416 1019 2473 superborum
1034 2415 1163 2473 demolie·
1215 2436 1225 2470 a
1247 2419 1320 2473 enim
1346 2418 1465 2475 hominis
1489 2427 1620 2473 tenturus
1638 2429 1682 2474 est
1700 2418 1727 2475 in
1746 2419 1834 2490 gloria
1861 2419 1956 2478 Patris
1971 2420 2009 2477 sni

377 2518 388 2552 s
412 2510 455 2555 tur
469 2500 599 2556 murinus
621 2498 798 2574 (Pronurus).
819 2522 829 2554 a
861 2503 930 2559 ilinc
948 2512 975 2559 et
987 2502 1084 2559 Petrus
1097 2505 1159 2559 ait:
1214 2526 1225 2560 r
1247 2524 1309 2564 cum
1329 2508 1433 2580 angelis
1451 2510 1527 2575 snis;
1554 2517 1581 2564 et
1594 2517 1659 2565 tnnc
1683 2509 1779 2565 reddet
1800 2510 1953 2580 unicuique
1968 2526 2009 2568 se·

373 2609 383 2643 a
405 2590 537 2662 Superbia
556 2592 627 2648 ileos
641 2593 752 2658 resistit,
767 2593 915 2648 humilibus
929 2604 1019 2649 arttcm
1035 2595 1081 2650 dat
1099 2610 1161 2666 gra·
1216 2618 1225 2651 r
1249 2599 1367 2655 cundum
1382 2614 1466 2670 opera
1485 2615 1534 2655 sua
1549 2617 1557 2654 ε
1573 2608 1600 2656 et
1613 2600 1691 2656 ibunt
1708 2601 1782 2671 impii
1801 2602 1830 2657 in
1846 2603 2009 2674 supplicius

371 2701 381 2733 r
405 2682 469 2735 tiam
485 2680 511 2753 (l
528 2681 584 2736 Pet.
597 2682 635 2755 vl.
658 2701 668 2735 r
691 2683 759 2737 ilinc
774 2684 955 2740 etPsalmista
971 2703 978 2738 ε
995 2704 1005 2737 i
1028 2686 1159 2758 Populum
1214 2708 1224 2743 a
1245 2699 1388 2756 eternum,
1399 2688 1465 2759 justi
1478 2699 1569 2745 autem
1585 2690 1612 2744 in
1624 2691 1707 2744 vitam
1724 2699 1868 2747 aternam.
1888 2713 1899 2747 a

372 2790 382 2824 s
409 2773 507 2842 inquit,
529 2774 658 2829 humilem
673 2774 775 2830 salvum
795 2774 888 2840 iacies,
916 2784 944 2832 ct
958 2778 1051 2834 occulos
1066 2795 1160 2849 snper·
1248 2799 1259 2833 s
1281 2779 1409 2851 Languor
1421 2779 1658 2849 proiixiorgravat
1672 2781 1819 2846 medicum,
1833 2785 1947 2840 brevem
1958 2785 2008 2840 las·

371 2881 381 2915 a
403 2864 500 2919 humm
515 2864 670 2920 humiliabis
685 2865 771 2938 (Prot.
786 2866 864 2937 surr).
884 2888 894 2920 r
911 2868 945 2922 iit
959 2869 1045 2924 item:
1065 2888 1074 2920 r
1092 2870 1159 2926 odi-
1212 2891 1222 2925 a
1243 2888 1353 2944 guorem
1369 2871 1492 2942 praecidit
1503 2872 1635 2927 medicus.
1655 2890 1665 2924 i
1683 2872 1760 2930 lianc
1773 2877 2006 2946 comparationem

371 2976 381 3011 a
405 2958 453 3021 sti,
479 2957 601 3023 Pontium,
615 2961 661 3030 qni
686 2971 833 3031 operantur
855 2963 1025 3033 iniquitatem
1038 2982 1045 3031 ;
1059 2965 1157 3034 perdes
1209 2963 1270 3018 ideo
1292 2962 1364 3026 lacit,
1384 2969 1414 3016 ut
1427 2962 1552 3017 ostendat
1569 2962 1641 3031 ntrod
1655 2964 1778 3018 avaritiae
1793 2968 1893 3034 pestis,
1920 2969 1944 3024 si
1964 2968 2006 3023 dis

370 3067 380 3100 r
400 3061 495 3104 omnes
510 3050 556 3119 qui
571 3050 717 3121 loquuntur
730 3053 898 3109 mendacium
916 3052 1002 3126 (Psoi.
1027 3057 1065 3126 v).
1086 3074 1096 3108 s
1208 3061 1328 3111 mentem
1341 3054 1502 3125 possederit,
1516 3052 1623 3109 difficile
1633 3055 1792 3122 curabitur;
1809 3058 1833 3112 si
1848 3069 1942 3114 antem
1959 3067 2007 3116 sta·

415 3140 566 3211 allegnnm
591 3150 701 3212 agente
723 3144 869 3214 ingentem
892 3144 1062 3210 transfertur,
1091 3162 1157 3217 pro·
1208 3144 1256 3198 tim
1274 3145 1401 3214 inprime
1420 3141 1665 3215 imnteaspirims
1678 3137 1784 3201 ratione
1804 3148 1843 3202 illi
1858 3151 2005 3218 resistitur,

347 3261 349 3266 »
369 3248 379 3282 a
400 3240 459 3301 pter
473 3231 628 3301 iniistitias.
650 3240 678 3287 ct
691 3233 812 3303 injurios,
829 3241 855 3288 et
869 3236 1056 3302 contumelias,
1075 3244 1103 3291 et
1119 3237 1158 3291 di·
1207 3245 1234 3290 et
1243 3251 1292 3307 per
1305 3236 1351 3292 bei
1364 3238 1489 3291 timorem
1505 3251 1537 3292 ac
1551 3251 1693 3307 paenarum
1707 3248 1813 3295 metum
1827 3243 1852 3311 ei
1869 3244 2004 3315 ingressus

368 3345 378 3378 a
401 3340 494 3382 versos
518 3327 602 3383 dolos.
629 3348 638 3380 l
662 3328 747 3397 llrrjns
774 3334 914 3387 sementim
928 3333 1070 3388 veritatem
1092 3349 1153 3390 om·
1206 3342 1240 3386 ex
1254 3329 1513 3400 cogitationenoria
1531 3328 1694 3395 occluditur·
1720 3330 1830 3389 facilius
1840 3335 1903 3404 ejus
1917 3337 1999 3392 nnn

365 3418 439 3474 nium
452 3433 522 3489 pene
535 3420 654 3486 gentium
667 3430 762 3475 notant
773 3421 901 3487 historiar,
918 3434 944 3477 et
959 3439 1053 3479 causas
1068 3427 1155 3480 direr-
1205 3420 1395 3491 exstinguitur.
1411 3419 1464 3475 Sed
1481 3429 1509 3474 et
1526 3420 1579 3475 hoc
1600 3422 1720 3476 multum
1746 3422 1861 3492 adjurat
1879 3430 1916 3483 ad
1939 3430 2002 3485 resi-

365 3531 458 3571 sorum
484 3518 643 3589 populorum
679 3513 834 3568 ostendunt.
858 3513 912 3568 Nec
941 3513 993 3569 hoc
1026 3517 1153 3586 ignorare
1204 3511 1328 3565 stendum
1340 3510 1473 3576 avaritie,
1497 3510 1520 3565 si
1538 3509 1658 3566 brevitas
1685 3517 1857 3571 transeuntis
1880 3518 1955 3585 sitm,
1977 3527 2003 3574 et

364 3617 463 3677 potest,
487 3608 533 3676 qui
545 3606 731 3661 Ghahlaeorum
743 3613 770 3660 ct
786 3604 929 3660 Persarum
944 3604 1154 3678 Graecorumque
1203 3600 1295 3658 intera
1315 3600 1431 3658 deiectio
1445 3603 1472 3658 in
1490 3617 1574 3658 earne
1593 3618 1625 3659 ac
1639 3606 1772 3674 gehennae
1785 3607 1887 3665 horror
1898 3611 1927 3666 in
1948 3611 2004 3666 ani·

364 3696 551 3768 potentissima
568 3709 651 3764 mgna
677 3692 806 3748 subversa
833 3692 906 3764 legit,
927 3702 955 3748 et
968 3694 1152 3752 ilonrnnorum
1203 3709 1248 3748 nra
1271 3702 1523 3760 commemoratum
1544 3694 1605 3749 ideo
1628 3692 1791 3767 subjungit:
1927 3769 1930 3776 1

363 3803 476 3861 regnum
491 3786 617 3843 vacillare
631 3786 773 3857 conspicit,
803 3800 853 3840 nee
871 3786 968 3841 stabile
994 3786 1094 3857 aliquid
1124 3789 1152 3843 in
1242 3801 1251 3835 t
1275 3783 1321 3839 Sic
1342 3793 1433 3839 etrer
1453 3783 1533 3839 hodic
1549 3795 1601 3851 est.
1626 3793 1655 3840 et
1672 3801 1736 3842 cras
1760 3791 1923 3858 morietur;
1942 3809 1998 3849 cam

363 3880 464 3936 mundo
475 3893 534 3934 esse
547 3877 695 3948 perpendit.
711 3876 806 3941 Aliter,
823 3876 874 3931 hoc
888 3875 1041 3947 signiticare
1052 3885 1150 3947 potest,
1205 3891 1216 3926 a
1235 3877 1307 3931 enim
1331 3875 1463 3931 morietur
1488 3876 1581 3940 homo,
1609 3876 1783 3933 hereditabit
1800 3893 1955 3952 serpentes,
1973 3893 1999 3938 et

362 3973 562 4045 quodpropter
581 3971 818 4043 praevaricationes
840 3979 868 4026 et
883 3971 1032 4027 eaecitatem
1051 3972 1152 4043 prioris
1204 3987 1214 4020 a
1236 3968 1386 4028 homiaem
1399 3981 1515 4022 vermes.
1536 3986 1546 4020 a
1567 3966 1692 4023 Potestas
1708 3971 1850 4027 mundana
1864 3975 1997 4030 etdiritie

363 4063 454 4135 populi
467 4062 627 4118 translatum
639 4069 681 4117 est
694 4063 728 4117 ad
744 4069 838 4133 gentes
850 4061 1024 4134 Evangelium
1036 4060 1148 4118 Christi.
1202 4059 1293 4116 seeull
1316 4058 1424 4129 longam
1448 4071 1501 4111 nou
1533 4066 1647 4128 ponunt
1669 4059 1793 4117 tribuere
1815 4063 1914 4131 vitam,
1939 4066 1997 4137 nris

360 4154 438 4222 Quod
450 4154 545 4226 etipsa
557 4153 666 4210 Veritas
679 4153 706 4207 in
717 4152 861 4224 Evangelio
878 4153 981 4208 eisdem
994 4151 1095 4209 ludaeis
1109 4155 1151 4209 ln·
1201 4150 1318 4205 insana
1330 4148 1462 4220 fragilitas
1478 4165 1575 4206 enrsns
1588 4152 1630 4207 sni
1646 4154 1795 4209 terminum
1812 4158 1936 4216 transire
1948 4172 1997 4214 ses

360 4245 488 4310 sinnarit,
512 4243 624 4299 diecnse
643 4262 653 4295 r
674 4239 737 4298 ideo
752 4242 890 4298 auleretnr
903 4259 917 4297 a
930 4243 1008 4299 vobis
1036 4259 1150 4315 regnum
1199 4247 1297 4309 potest.
1312 4240 1543 4309 llorietnrhomo,
1553 4251 1582 4298 et
1593 4244 1682 4314 puluis
1691 4254 1847 4302 revertetur
1857 4248 1887 4305 in
1901 4259 1996 4306 tem·

363 4352 372 4386 a
395 4334 453 4401 liei,
467 4342 495 4391 et
505 4334 615 4390 dabitur
625 4333 696 4405 genti
711 4332 821 4389 iacenti
838 4332 944 4390 imatus
961 4332 1020 4403 elus
1034 4333 1147 4405 (hotot.
1200 4345 1293 4395 snam;
1310 4345 1361 4387 nee
1374 4345 1449 4396 eam,
1465 4347 1526 4403 qne
1542 4333 1689 4404 aliquando
1709 4333 1825 4393 herebat
1845 4337 1995 4407 inrestnttt

362 4440 372 4475 a
394 4422 492 4498 κω.»
1199 4420 1332 4475 vermium
1353 4423 1527 4490 putredinem
1541 4423 1675 4492 effugiam
1696 4428 1744 4482 sed
1763 4437 1822 4484 iota
1842 4430 1997 4501 jncunditas

664 4511 778 4568 CAPUT
796 4511 828 4567 ll.
1199 4507 1259 4577 ejus
1276 4508 1363 4565 ictorc
1385 4521 1572 4569 mmrimetur.
1595 4514 1709 4586 llystiee
1727 4526 1832 4585 autem,
1856 4520 1994 4591 bomani

606 4603 646 4659 De
664 4603 781 4658 nurnine
796 4603 875 4659 muto.
1198 4600 1317 4669 peccatis
1330 4600 1447 4667 vivebat,
1468 4604 1490 4658 si
1503 4619 1534 4659 se
1554 4606 1643 4661 abeis
1659 4621 1713 4662 non
1726 4611 1860 4675 correxit,
1879 4621 1963 4683 aigne
1977 4627 1993 4667 s

398 4713 407 4747 a
427 4693 516 4750 Auaro
529 4703 617 4750 autem
630 4693 698 4749 nihil
716 4702 758 4749 est
772 4695 922 4751 scelestius.
943 4694 1013 4763 Quid
1026 4698 1148 4766 superbit
1159 4724 1186 4785 D
1199 4689 1305 4745 ἆθΙὶθῑῑῦ
1323 4706 1377 4746 ¹¹0⁰
1387 4692 1550 4761 whiboeiih
1570 4704 1658 4752 morte
1672 4698 1804 4755 multatur
1824 4710 1941 4766 uem·
1950 4701 1992 4758 11Ιὶ

359 4802 370 4839 s
393 4795 466 4842 terra
480 4795 507 4841 et
522 4786 613 4841 cinis?
636 4785 707 4840 Nihil
722 4794 764 4841 est
774 4786 891 4858 iniquius
903 4802 984 4857 qnam
998 4802 1147 4858 amarepe·
1199 4791 1353 4855 serpentem
1374 4786 1527 4855 antiquum,
1548 4795 1578 4842 et
1602 4787 1707 4845 bestias
1728 4791 1894 4861 diabolicas,
1922 4803 1992 4850 stre·

359 4895 370 4930 r
390 4879 507 4934 curnam.
536 4877 585 4932 ilic
604 4877 676 4932 enim
698 4885 725 4931 et
738 4877 855 4931 animam
866 4894 942 4933 suam
959 4880 1082 4935 uenalem
1098 4881 1148 4936 ha·
1198 4874 1324 4930 tissimes
1335 4875 1435 4931 sentiet
1458 4891 1489 4932 se
1506 4879 1604 4947 punire
1620 4887 1738 4936 tortores
1753 4899 1761 4948 ;
1780 4897 1834 4939 nec
1846 4884 1905 4955 ianr
1919 4898 1990 4955 spe·

358 4985 369 5020 a
390 4971 446 5034 bet,
468 4967 595 5038 quoniam
609 4969 636 5022 in
653 4966 708 5021 rita
726 4981 773 5021 sua
796 4966 911 5037 projecit
929 4968 1023 5023 intima
1051 4985 1108 5024 sua.
1132 4989 1143 5023 i
1199 4964 1279 5021 hahet
1299 4967 1444 5034 evasionis,
1469 4985 1532 5025 cum
1549 4971 1622 5030 nulla
1646 4974 1755 5043 requies
1772 4974 1811 5030 illi
1826 4977 1910 5033 darm
1929 4992 1989 5032 eom

355 5059 502 5129 Postquam
517 5059 637 5130 deregni
653 5059 801 5113 mutatione
816 5058 945 5124 narravit,
960 5067 1022 5129 apte
1037 5059 1146 5116 desua·
1198 5055 1268 5110 tintti
1287 5056 1397 5112 ‹loboris-
1497 5089 1500 5096 ·

356 5149 418 5203 ritia
433 5151 581 5218 subjunxit,
604 5151 666 5219 qnia
684 5159 795 5220 proptor
807 5152 947 5206 avaritiam
963 5152 1005 5209 ris
1022 5155 1088 5210 recti
1104 5171 1144 5213 re
1500 5167 1614 5225 cenum
1638 5169 1679 5224 m,

354 5239 592 5310 giurinismaxime
609 5241 762 5310 negligitur.
787 5241 855 5296 lium
872 5242 1007 5299 enimsibi
1022 5252 1146 5301 terrenas
1196 5254 1236 5311 De
1259 5256 1389 5326 reperim
1415 5256 1498 5325 malo,
1523 5260 1593 5330 φωα
1617 5262 1674 5330 mm
1699 5261 1781 5330 [Μ
1807 5272 1986 5333 mm.

356 5343 401 5383 res
424 5343 473 5396 per
486 5331 659 5400 cupiditatem
673 5330 742 5386 ultra
761 5333 868 5388 modum
886 5335 948 5404 quis
961 5338 1094 5405 vendicat,
1117 5339 1144 5394 in
1564 5329 1630 5385 Μ·

354 5419 510 5489 snperbiam
527 5420 624 5488 elatus,
652 5422 734 5476 aliurn
758 5423 905 5481 delinihus
931 5428 1145 5487 suisinridendo
1235 5428 1373 5484 sibilium
1400 5431 1534 5500 superbit!
1557 5433 1685 5497 homiliis,
1709 5443 1869 5505 limium
1894 5452 1910 5491 ⁸
1936 5435 1985 5491 ΒΘ

353 5508 453 5578 ejicere
475 5517 573 5564 certat.
591 5526 600 5560 a
626 5511 712 5565 Radix
730 5512 803 5566 enim
820 5516 942 5570 omnium
956 5518 1089 5575 malorum
1102 5529 1145 5577 est
1199 5538 1209 5573 a
1233 5521 1307 5587 lacit,
1328 5522 1457 5592 quoniam
1472 5523 1551 5578 abeo
1563 5523 1609 5593 qui
1625 5522 1687 5579 lecit
1704 5524 1793 5590 illum,
1813 5528 1929 5583 recessit
1940 5539 1983 5582 eor

355 5599 530 5671 «cupiditas,
556 5602 759 5672 quamquidam
778 5613 934 5674 appetentes
952 5619 1143 5668 erravemnta
1196 5609 1294 5679 «ejus.
1318 5629 1328 5663 t
1358 5610 1502 5681 Apostasia
1524 5612 1596 5667 enim
1613 5612 1686 5668 nulia
1716 5612 1803 5684 major
1830 5624 1885 5681 est,
1907 5628 1983 5687 quan

356 5699 444 5765 eddo,
460 5711 486 5755 et
499 5700 673 5756 inseruerunt
688 5716 716 5757 se
730 5702 873 5759 doloribus
889 5706 981 5762 moltis
995 5717 1022 5762 et
1032 5709 1139 5766 deside-
1194 5701 1300 5757 avertit>
1322 5710 1457 5757 tretium
1478 5716 1494 5755 ⁸
1518 5711 1641 5759 timim
1665 5718 1738 5769 ⁸⁰⁰3
1764 5713 1793 5761 ei
1810 5706 1872 5763 haet
1893 5703 1982 5761 &¹5¹⁰

355 5791 433 5845 «riis
459 5791 541 5846 variis
557 5799 584 5847 et
605 5793 717 5859 nocivis,
743 5810 804 5863 qun
831 5807 956 5868 mergunt
971 5798 1135 5857 liorninesin
1193 5794 1339 5850 ascribitur
1362 5795 1507 5865 superbiit,
1534 5798 1662 5865 quoniam
1687 5798 1817 5867 nimbis
1843 5806 1895 5864 eti,
1917 5793 1979 5866 ild

353 5872 489 5929 interitum
505 5886 532 5931 et
542 5877 720 5945 perditionem
733 5878 758 5946 (l
772 5876 1031 5952 Tim.sn‚retquia
1048 5888 1138 5941 auari-
1192 5885 1330 5942 mediocre
1344 5886 1446 5941 bonnm
1471 5886 1623 5944 assimilare
1645 5886 1688 5943 tel
1717 5888 1868 5959 adequare
1889 5883 1980 5945 senii

258 5965 262 5972 ·
353 5955 418 6010 tiam
433 5971 543 6030 semper
558 5959 686 6031 soperbia
701 5961 859 6031 comitatur,
881 5963 1004 6023 simulet
1020 5964 1134 6036 invidia,
1179 5989 1299 6036 ,summo
1311 5976 1393 6033 hono.
1412 5975 1655 6034 lloelsitinitiurn
1668 5977 1876 6048 daholiessas,
1894 5978 1978 6035 haret
