4709 6767
359 652 429 711 4075
791 635 968 693 colttlnh't.
990 634 1025 689 ta·
1044 631 1350 690 ecetesiasttct'h.
1373 662 1405 668 —
1425 630 1487 684 tib.
1511 629 1555 684 lX.
1937 630 2002 686 tuit

358 761 525 821 iracundiam
540 755 709 816 excitantur,
723 753 769 806 sed
780 752 919 821 patienter
932 751 1022 806 onrnia
1037 750 1156 805 serentes
1170 752 1197 810 Α
1209 748 1327 818 ignoras,
1344 746 1393 801 Nix
1408 748 1506 817 qnippe
1520 747 1560 801 rcl
1576 747 1677 817 grando
1694 745 1780 801 luerat
1797 744 1892 801 Saulus
1906 762 1953 817 per
1965 748 2005 803 iu·

356 856 507 930 persistunt
519 849 545 902 in
557 844 678 902 custodia
692 843 783 915 gregis
794 842 844 896 sihi
858 843 1007 907 commissi,
1022 856 1158 896 rrtcruures
1209 838 1290 892 lhlam
1309 837 1560 902 insensibilitatent;
1577 837 1622 892 sed
1638 837 1683 891 nix
1699 847 1726 891 et
1737 837 1840 907 grando
1853 846 1945 892 contra
1960 837 2004 892 ad·

357 959 467 1015 semper
483 938 548 995 illud
564 936 737 992 borninicnm
751 933 843 989 sedulo
858 933 883 987 lu
897 934 979 989 corde
992 933 1131 987 rolrentes
1150 949 1156 985 :
1210 929 1391 984 versariorum
1406 935 1516 997 pectora
1532 925 1619 981 lactus
1630 937 1682 989 est,
1698 927 1739 979 rel
1753 926 1870 980 candore
1881 926 2004 995 justitian,

361 1054 371 1087 r
391 1033 452 1091 Sint
469 1028 552 1086 lumbi
575 1026 656 1080 vestri
676 1025 833 1095 praecincti,
856 1035 884 1080 et
899 1025 1016 1079 lucernae
1033 1025 1159 1080 ardentes
1209 1019 1250 1076 vel
1274 1018 1388 1074 districti
1420 1017 1519 1086 eloquii
1546 1017 1728 1085 correptione.
1753 1015 1775 1070 0
1800 1014 1907 1083 qualem
1933 1013 2005 1068 huuc

348 1124 389 1190 ¹in
401 1120 527 1178 manibus
542 1117 655 1180 restris,
673 1124 703 1170 et
716 1130 763 1170 ros
778 1115 881 1169 similes
896 1115 1051 1170 hominihus
1064 1129 1159 1185 caspe·

358 1211 497 1272 cuntibus
511 1208 651 1265 dominnm
667 1221 764 1271 snum,
785 1205 892 1275 qnando
913 1215 1063 1261 revertatur
1076 1222 1092 1259 a
1107 1223 1158 1260 rau-

357 1304 425 1377 ptlis
444 1301 525 1374 (Lar.
547 1298 613 1369 sul.
637 1297 732 1353 Estote
750 1297 851 1367 parati,
870 1297 933 1366 quia
954 1314 1006 1367 qna
1026 1298 1091 1353 hora
1105 1314 1158 1353 non

358 1395 482 1467 putatis,
507 1392 578 1445 hlins
595 1389 715 1443 hominis
731 1389 802 1444 vertit
816 1387 923 1460 (llntth.
938 1388 1022 1461 xxm).
1041 1410 1049 1440 r
1067 1390 1094 1444 ln
1114 1406 1160 1460 pn·

361 1482 457 1540 tientia
470 1487 562 1535 restra
575 1477 751 1547 possidebitis
767 1478 872 1532 aniruas
887 1487 1000 1533 restrae.

402 1594 411 1626 ι
429 1573 495 1629 tino
513 1586 623 1633 areum,
645 1578 672 1623 ct
692 1568 806 1622 benedic
821 1568 866 1637 qni
889 1566 952 1622 lecit
968 1567 1042 1621 illurn
1059 1586 1066 1620 ;
1084 1568 1160 1622 ralde

343 1665 375 1716 ἰ
396 1663 535 1735 speciosus
550 1668 592 1715 cst
611 1660 637 1713 in
653 1658 794 1729 splendore
816 1673 874 1712 suo.
889 1657 1000 1729 Gyrarit
1018 1657 1117 1714 coelntu
1132 1658 1159 1712 iu

363 1775 375 1806 ι
395 1752 510 1810 circuitu
525 1749 618 1822 glorie
633 1765 702 1811 suae,
719 1763 815 1802 uranus
834 1747 931 1802 excelsi
947 1755 1110 1817 aperuerunt
1129 1746 1161 1800 il-

365 1864 375 1897 ι
396 1845 461 1898 Ιιιιιι.
481 1861 490 1895 ι
507 1846 609 1895 arcum
623 1840 795 1909 omnipotens
809 1838 879 1892 Deus
893 1838 963 1892 inter
977 1851 1005 1892 se
1018 1845 1099 1907 atque
1113 1837 1161 1892 ho-

362 1936 453 1991 miues
470 1932 497 1987 iu
518 1933 625 2002 signnm
647 1929 751 2000 posuit,
777 1936 807 1981 nt
828 1928 898 1982 nltra
916 1928 1044 1982 mundum
1060 1926 1160 1982 diluvio

364 2044 418 2082 non
433 2024 552 2090 deleret,
568 2023 639 2077 unde
659 2029 686 2076 et
707 2021 734 2075 iu
749 2035 813 2074 arcu
832 2020 926 2075 codem
945 2018 1020 2074 color
1036 2033 1113 2090 aquae
1132 2028 1160 2074 et

1211 1112 1368 1165 thesaurum
1383 1109 1409 1163 iu
1422 1108 1483 1163 nire
1498 1118 1523 1163 ct
1536 1109 1667 1179 grandine
1684 1109 1791 1171 halant,
1808 1108 1916 1176 quando
1930 1105 2005 1161 illum

1210 1202 1282 1258 inter
1305 1216 1450 1272 pratorum
1472 1202 1556 1255 sitam
1580 1201 1698 1270 positam
1719 1199 1777 1268 jam
1802 1207 1866 1253 tnttc
1889 1198 2008 1260 electum

1210 1310 1288 1348 sumn
1310 1293 1438 1348 Dominus
1454 1293 1571 1347 latenter
1590 1290 1740 1361 prrrseirit!
1758 1290 1828 1346 Oad
1842 1298 1941 1360 quauta
1957 1286 2006 1345 atl-

1212 1384 1394 1441 rersariomm
1417 1393 1527 1455 pectora
1554 1382 1674 1437 ferienda
1700 1381 1770 1436 hauc
1796 1381 1823 1435 in
1847 1395 1929 1435 mann
1957 1394 2006 1433 sna

1210 1477 1369 1549 grandinem
1391 1477 1521 1547 sumpsit,
1547 1490 1596 1545 per
1617 1490 1697 1544 qnam
1721 1482 1761 1528 tot
1780 1474 1830 1528 sihi
1851 1471 2006 1529 resistentia

1210 1568 1292 1623 corda
1305 1567 1466 1636 prostrarit?
1478 1566 1562 1621 bienno
1575 1565 1705 1636 itaquede
1717 1565 1772 1620 suis
1785 1563 1912 1634 operibus
1921 1561 2008 1616 erud·

1212 1656 1299 1721 latur;
1316 1672 1396 1711 uerno
1409 1658 1534 1727 desperet
1549 1671 1596 1711 eos
1615 1670 1682 1725 qnos
1695 1656 1782 1710 adhuc
1795 1653 1907 1724 frigidos
1923 1653 2006 1716 ridet,

1212 1745 1274 1816 qnia
1296 1747 1437 1801 thesauros
1458 1746 1504 1800 Dei
1526 1745 1552 1800 iu
1573 1744 1635 1800 alre
1654 1754 1681 1801 et
1701 1743 1831 1816 grandine
1850 1760 1904 1798 nna
1923 1743 2006 1798 ridet.

1212 1838 1278 1906 Quis
1291 1838 1363 1893 onim
1375 1840 1500 1893 crederet
1513 1837 1583 1907 quod
1595 1853 1643 1908 per
1658 1837 1825 1907 apostolatus
1837 1838 1950 1909 gretiam
1966 1839 2008 1895 la-

1212 1934 1331 2005 pidatum
1352 1932 1519 2002 Stephanum
1541 1932 1585 1986 illc
1605 1932 1788 2001 praecederet,
1811 1931 1856 2000 qui
1875 1932 1901 1985 in
1922 1937 2010 1986 nataris

1213 2026 1271 2095 ejus
1284 2026 1404 2080 omnium
1418 2024 1594 2095 lapidantium
1609 2023 1770 2079 vestimenta
1783 2022 1925 2079 seruaret?
1939 2022 2011 2093 (det.

364 2118 435 2190 ignis
455 2115 535 2171 simul
555 2114 722 2181 ostenditur,
738 2113 801 2183 qnia
814 2130 846 2167 en
865 2121 943 2182 parte
961 2121 1003 2167 est
1017 2111 1158 2177 caeruleus,
1175 2102 1198 2161 Β
1213 2120 1272 2191 ιιι.)
1288 2118 1317 2175 Si
1332 2134 1398 2192 ergo
1412 2119 1446 2173 ad
1465 2118 1516 2174 ista
1532 2118 1602 2174 dona
1625 2117 1666 2173 ael
1680 2117 1781 2187 judicia
1796 2116 1901 2172 occulta
1919 2130 2009 2171 recur-

362 2214 442 2262 etex
461 2213 538 2276 parte
558 2203 742 2269 rubicundus,
762 2212 791 2257 nt
812 2203 953 2274 utriusque
973 2202 1064 2273 indicii
1084 2205 1162 2259 testis
1213 2212 1316 2276 rimas,
1336 2209 1424 2265 nullos
1442 2209 1555 2264 omnino
1570 2209 1761 2277 desperamus,
1780 2220 1830 2262 nee
1849 2206 1901 2261 illis
1919 2220 1968 2261 nos
1982 2205 2010 2259 in

365 2297 411 2352 sit.
429 2294 516 2353 Unius
531 2293 656 2350 videlicet
670 2291 796 2359 faciendi,
807 2302 835 2347 et
845 2293 955 2349 alterius
969 2294 1031 2349 lacti
1050 2309 1056 2348 :
1071 2295 1159 2359 idest,
1212 2302 1294 2357 carde
1305 2310 1397 2356 nostro
1410 2299 1589 2372 praeferimus,
1601 2299 1700 2368 quibus
1710 2313 1760 2367 pro
1775 2306 1896 2367 tempore
1907 2296 2009 2367 praelati

364 2386 430 2455 qnia
446 2384 563 2439 mundus
575 2383 669 2456 judicii
689 2384 751 2456 igne
767 2384 945 2449 cremabitur,
961 2400 1022 2439 nam
1038 2401 1107 2455 aqna
1122 2385 1162 2440 di·
1212 2407 1317 2456 sumas,
1328 2391 1392 2462 qnia
1402 2391 1452 2444 etsi
1462 2390 1518 2460 iam
1531 2388 1652 2443 ridemus
1667 2395 1799 2458 qnantum
1810 2386 2009 2457 processimus,

365 2473 434 2528 hnii
454 2482 495 2529 est
515 2472 630 2527 deletus.
653 2474 755 2527 Arcum
770 2473 860 2545 itaque
874 2472 1042 2542 scripturam
1055 2472 1121 2528 h'ori
1135 2482 1163 2529 et
1213 2482 1350 2537 nescimus
1369 2488 1498 2551 qnantum
1516 2479 1580 2535 dnm
1596 2491 1708 2533 currere
1727 2476 1860 2549 coeperint
1873 2475 2011 2548 preceda-

366 2560 475 2617 veteris
491 2561 656 2617 Testamenti
668 2564 1017 2635 congruenteraccipirnus,
1035 2564 1079 2635 qni
1097 2564 1162 2619 dno·
1213 2590 1285 2628 mur,

366 2652 419 2709 bus
436 2652 634 2723 quodammodo
655 2653 774 2709 curratis
789 2651 903 2710 flexibus
916 2655 1075 2710 devotorum
1093 2654 1162 2710 colla
1252 2682 1261 2714 ι
1283 2663 1311 2718 ln
1331 2661 1515 2734 magnitudine
1535 2676 1585 2716 sna
1604 2659 1695 2732 posuit
1712 2658 1813 2724 nubes,
1832 2665 1861 2714 el
1878 2655 2011 2713 confracti

364 2746 566 2818 complectitur.
583 2745 621 2802 lle
634 2762 687 2817 quo
702 2746 800 2818 legitur
816 2762 822 2801 :
842 2766 851 2797 r
868 2746 968 2802 Arcum
983 2762 1060 2803 suum
1074 2757 1160 2803 tetcu-
1217 2774 1226 2805 ι
1246 2761 1309 2809 snat
1322 2752 1426 2824 Lapides
1439 2752 1589 2824 grandinis.
1606 2750 1719 2807 »Nubes
1732 2764 1797 2823 ergo
1810 2750 1936 2807 doctores
1946 2755 2012 2805 sunt

366 2837 666 2910 dit,ctparat·itillnm
677 2837 769 2912 (Psnl.
783 2856 819 2894 ru
830 2841 849 2912 l.
864 2860 873 2891 r
887 2839 1069 2896 llielidelibus
1080 2854 1163 2896 snare
1214 2845 1318 2910 saneti,
1336 2845 1383 2914 qul
1410 2842 1527 2901 imbrem
1544 2841 1664 2899 cetastis
1686 2841 1818 2898 doctrinae
1837 2846 1962 2911 portant,
1984 2846 2013 2895 et

364 2929 459 2999 jugum
475 2929 641 2995 ostenditur,
658 2929 865 2986 contumacibus
880 2939 970 2986 autem
990 2945 1065 2984 arma
1083 2931 1162 2985 terri·
1216 2942 1315 2990 terram
1331 2932 1443 2989 hnmani
1461 2931 1698 3002 cordisirrigaut,
1712 2929 1759 3001 qni
1773 2930 1896 2987 etiamst
1910 2938 2013 2999 tempe·

345 3033 350 3040 ·
367 3020 433 3074 bilia
445 3019 627 3075 declarantur.
643 3018 731 3076 Arcus
740 3021 818 3077 valde
832 3022 970 3091 speciosus
981 3030 1023 3077 est
1036 3022 1062 3077 in
1074 3021 1164 3092 splen:
1215 3033 1313 3080 statem
1325 3023 1392 3079 inse
1412 3022 1605 3093 increpationis
1615 3028 1721 3092 gerunt,
1733 3029 1760 3077 et
1776 3021 1821 3076 ubi
1832 3028 2012 3092 opportunum

367 3110 436 3166 dore
449 3125 509 3175 sno,
523 3111 586 3181 qnia
602 3110 741 3181 Scriptura
757 3127 833 3168 sacra
847 3112 924 3169 ralde
935 3121 977 3169 est
991 3114 1120 3183 preclara
1136 3112 1163 3168 iu
1214 3127 1256 3171 est
1275 3111 1425 3171 effundunt.
1448 3113 1526 3170 Unde
1546 3114 1647 3170 dicitur
1666 3114 1737 3184 qnod
1756 3112 1858 3183 lapides
1871 3110 2012 3183 grandinis

367 3215 452 3256 sensu
473 3208 500 3255 et
519 3199 654 3256 intellectu
676 3216 735 3257 sno.
758 3201 870 3274 Gyrarit
889 3201 986 3258 coelum
1007 3202 1164 3258 incircuitu
1216 3189 1557 3277 frangant,cumdurltiam
1568 3218 1714 3275 pratorum
1728 3201 1835 3259 sortiter
1846 3200 2011 3274 increpando

368 3292 463 3367 gloriae
483 3306 553 3358 snae,
569 3291 630 3363 quia
652 3293 684 3348 de
697 3294 823 3363 supernis
837 3301 866 3349 et
880 3292 982 3349 intimis
998 3291 1165 3350 sufficienter
1216 3310 1231 3349 a
1245 3293 1444 3366 persecutionis
1458 3293 1587 3349 instantia
1602 3292 1752 3358 emolliant,
1764 3309 1797 3350 ne
1811 3292 1929 3349 lructnm
1943 3293 2011 3351 riut-

368 3392 476 3440 narrat.
487 3382 582 3439 Manus
592 3373 665 3438 enim
675 3383 774 3440 excelsi
785 3383 1045 3456 aperuernntillnm,
1057 3387 1164 3457 qnando
1215 3385 1249 3441 lis
1264 3384 1394 3458 germinis
1413 3384 1439 3440 iu
1460 3382 1583 3440 fidelibus
1603 3381 1705 3439 Christi
1723 3381 1796 3443 ultra¹
1809 3382 1890 3439 lerlrc
1908 3397 2014 3453 praera-

342 3480 345 3483 ”
367 3490 421 3547 por
437 3474 564 3530 dualem
584 3482 611 3529 et
632 3474 793 3547 sapientiam
814 3476 862 3535 llci
883 3476 1026 3534 llomiunm
1041 3454 1200 3535 videlicetC
1216 3476 1297 3531 leant.
1314 3474 1352 3531 lle
1367 3474 1427 3530 istis
1438 3474 1543 3531 scilieet
1556 3474 1672 3529 uirilibus
1686 3474 1768 3529 simul
1781 3483 1809 3530 et
1820 3474 1950 3548 grandine
1962 3474 2014 3531 ali·

364 3563 508 3621 'Christum
522 3572 595 3621 totns
605 3563 672 3619 ordo
684 3566 790 3621 Veteris
802 3574 830 3625 et
840 3565 907 3623 Nori
923 3565 1088 3624 resnaaeau
1100 3583 1164 3626 con·
1218 3574 1260 3621 ter
1274 3566 1301 3621 in
1321 3565 1427 3636 psalmo
1448 3563 1579 3636 scriptum
1596 3572 1639 3619 est
1654 3582 1661 3619 z
1682 3583 1691 3615 r
1712 3563 1771 3619 Prae
1785 3564 1891 3638 lnlgore
1904 3566 1932 3622 ln
1945 3582 2011 3623 con·

369 3653 444 3712 ditias
457 3663 508 3721 est,
521 3655 621 3725 dequo
636 3654 751 3711 dicitur:
767 3675 775 3706 r
791 3654 828 3713 Os
839 3656 912 3713 enim
926 3656 1031 3712 boarini
1045 3657 1164 3713 leeutnm
1216 3664 1309 3727 spectu
1328 3653 1387 3725 ejus
1404 3656 1489 3710 nubes
1506 3656 1692 3723 transierunt,
1714 3656 1819 3727 grando
1838 3664 1866 3713 et
1879 3657 2013 3713 carbones

368 3753 413 3802 ast
428 3746 486 3802 brec
502 3743 569 3819 (lm.
588 3745 664 3818 ιιι).
687 3770 695 3799 ι
1216 3747 1296 3820 ignis.
1315 3766 1325 3800 r
1341 3745 1402 3802 Prae
1416 3744 1519 3815 lulgme
1530 3760 1595 3801 rero
1609 3745 1694 3801 nubes
1708 3753 1860 3808 transeunt,
1872 3747 1935 3816 qnia
1944 3759 2013 3815 prc-

347 3858 351 3862 ·
409 3836 553 3907 «imperio
566 3851 615 3893 suo
629 3837 791 3893 accelerat-it
809 3838 916 3904 nirem,
930 3846 957 3893 et
970 3838 1102 3895 accelerat
1118 3856 1164 3896 co·
1216 3834 1455 3893 dicatoressanctl
1470 3834 1596 3891 universa
1612 3833 1705 3915 mundi
1719 3834 1806 3905 spatia
1820 3834 2012 3891 miraculorum

373 3945 384 3981 ι
401 3929 572 3985 rascatioucs
590 3929 715 3985 emittere
729 3926 824 3998 judicii
840 3931 891 3987 sui.
915 3951 925 3982 a
944 3930 973 3986 lu
988 3930 1051 3988 nire
1068 3932 1166 4003 qnippe
1217 3924 1342 3982 claritate
1360 3932 1546 3997 percurrunt;
1561 3923 1608 3995 qui
1629 3924 1711 3980 etlam
1724 3923 1828 3994 grando
1841 3932 1870 3981 et
1882 3924 2014 3979 carbones

370 4019 455 4074 corda
476 4017 573 4090 frigida
587 4035 731 4091 pravorum
751 4034 895 4092 possumus
910 4023 1049 4093 accipere,
1071 4023 1099 4078 in
1117 4040 1165 4080 co·
1217 4019 1289 4093 ignis
1303 4018 1393 4073 rocati
1411 4024 1491 4085 sunt,
1505 4016 1569 4088 qula
1582 4024 1609 4073 et
1626 4030 1676 4088 per
1690 4014 1888 4072 correctionem
1899 4014 2011 4079 feriunt,

370 4108 527 4164 nseattme
546 4116 664 4165 terrores
680 4108 775 4178 judicil
796 4111 853 4166 sire
873 4112 1003 4167 virtutum
1024 4112 1164 4169 miracula.
1217 4116 1245 4164 et
1257 4122 1307 4180 per
1324 4106 1463 4163 ssarnmam
1481 4106 1622 4164 eharitatis
1642 4106 1805 4163 accendunt.
1826 4106 1886 4179 lpsa
1906 4121 2013 4177 quoque

370 4194 429 4251 Sed
444 4196 508 4267 qrrla
523 4213 594 4269 saepe
611 4200 742 4256 Dominus
761 4201 905 4257 sententiis
919 4216 1003 4258 sacrae
1020 4202 1168 4274 Scriptura
1218 4199 1304 4255 libera
1316 4207 1472 4254 sanctorum
1486 4198 1673 4269 increpaboin
1687 4206 1785 4254 natura
1797 4198 1937 4271 grandinis
1948 4212 2012 4253 eon·

370 4285 583 4352 comariuando,
604 4296 685 4360 atque
702 4290 889 4347 consecatione
907 4292 1098 4350 miraculorum
1111 4302 1166 4350 ter·
1218 4292 1544 4364 t·enieuteresprimitur;
1556 4292 1661 4364 grando
1672 4292 1746 4350 enirn
1760 4293 2011 4365 reuienspercutit,

370 4369 461 4431 rendo
472 4377 585 4448 corripit
595 4378 777 4445 adversarios,
795 4379 824 4435 tlt
834 4380 956 4452 prolecto
968 4382 1120 4457 uthigidos
1133 4386 1168 4442 ad
1218 4385 1319 4456 liquida
1339 4386 1418 4460 rigat.
1439 4385 1533 4443 Sancti
1552 4396 1643 4445 autem
1663 4387 1714 4444 viri
1738 4387 1821 4445 corda
1844 4387 2012 4444 audientium
2064 4456 2066 4459 Α

369 4468 490 4523 ultorem
501 4468 613 4539 justitie
627 4472 772 4540 perducat,
786 4482 813 4528 et
827 4490 875 4545 per
895 4490 1038 4547 supernam
1052 4478 1167 4549 gratiam
1219 4484 1353 4534 terrentes
1375 4476 1495 4542 feriunt,
1521 4490 1548 4534 et
1570 4478 1739 4536 blandientes
1761 4479 1927 4546 inluudnut;
1949 4495 2013 4535 raam

368 4553 504 4614 candidos
522 4572 583 4615 esse
600 4558 698 4624 breint,
714 4564 845 4632 scriptum
865 4580 982 4637 namque
995 4575 1038 4624 est
1057 4586 1063 4621 ι
1085 4585 1094 4619 ι
1113 4567 1167 4624 La·
1219 4566 1446 4639 quemadmodum
1463 4565 1566 4624 feriunt
1584 4567 1720 4641 Propheta
1738 4578 1870 4638 testatur,
1889 4570 2007 4626 diceus:

369 4649 452 4705 rabis
464 4664 518 4715 me,
532 4660 560 4705 et
573 4665 656 4721 super
669 4652 758 4708 nivem
771 4654 917 4710 dealbabor
930 4653 1016 4728 (Paul.
1031 4657 1069 4729 n).
1086 4677 1095 4710 a
1113 4657 1168 4713 Sno
1222 4676 1231 4708 ι
1249 4658 1383 4715 Virtutem
1397 4659 1558 4716 terribilium
1572 4668 1680 4716 tuorum
1694 4661 1795 4727 dicent,
1805 4669 1834 4718 et
1848 4661 2013 4734 magaritmli·

369 4753 482 4809 qnoque
505 4740 619 4811 imperio
645 4740 776 4799 hominnm
800 4746 887 4800 nivem
914 4754 942 4802 et
963 4748 1168 4827 coruscationes
1220 4768 1282 4807 nora
1297 4761 1370 4807 tuam
1387 4753 1536 4809 narrabunl
1549 4750 1634 4825 (Paul.
1650 4753 1757 4826 rstrr);
1775 4774 1784 4808 r
1799 4763 1827 4810 et
1838 4754 2013 4824 qneuradmo·
2050 4799 2053 4805 .

368 4826 526 4894 accelerat,
540 4844 603 4885 curn
621 4830 701 4886 celeri
717 4835 923 4891 couversatione
941 4835 967 4891 id
982 4837 1053 4906 quod
1067 4847 1130 4894 auto
1142 4839 1166 4894 oi
1220 4842 1284 4897 dum
1298 4841 1468 4898 blandientes
1479 4842 1567 4915 rigent
1579 4853 1777 4916 consequenter
1787 4844 1909 4913 adiunxit
1917 4860 1945 4902 :r
1955 4844 2027 4904 lle·-

368 4917 535 4987 displioebat
547 4931 711 4987 commutat,
728 4932 755 4979 et
769 4938 961 4980 conversorum
976 4928 1058 4980 vitam
1078 4926 1103 4982 in
1117 4928 1166 4983 bo-
1220 4933 1334 4988 moriam
1348 4932 1518 4989 abundantiae
1534 4936 1677 4992 suavitatis
1688 4946 1740 4993 tuae
1753 4938 1924 5004 cructabunt,
1939 4944 1967 4993 et
1984 4936 2013 4994 iu

368 5010 417 5064 nis
429 5010 557 5081 operibus
571 5011 623 5066 sihi
643 5012 750 5081 placere
762 5012 898 5079 declar·at;
920 5015 967 5070 sed
982 5016 1045 5085 qnia
1060 5018 1116 5072 hacc
1134 5035 1167 5074 ex
1220 5031 1265 5077 tua
1277 5022 1381 5092 justitia
1397 5024 1572 5080 exsultabunt
1586 5026 1690 5098 (lirim).
1709 5047 1718 5080 a

354 5097 483 5154 -oceulto
502 5098 598 5154 dirime
618 5101 727 5171 pietatis
747 5104 897 5173 procedunt
912 5106 1048 5171 thesauro,
1067 5108 1168 5162 idcirco
1259 5132 1268 5164 ι
1285 5113 1314 5169 ln
1326 5122 1473 5185 conspectu
1486 5115 1544 5186 ejus
1559 5119 1801 5174 commonebuntur
1815 5130 1931 5187 montes,
1946 5131 1974 5177 et
1985 5122 2013 5179 in

353 5187 569 5260 -1trlrjnugitnr:
1224 5225 1231 5254 r
1252 5202 1459 5274 rolnntatccjns
1473 5206 1703 5275 aspirabltnotus.
1728 5231 1738 5262 a
1758 5210 1863 5269 llontes
1882 5214 2015 5284 superbus

355 5311 360 5320 -
411 5299 424 5331 a
443 5280 589 5351 Propterea
611 5294 696 5357 aperti
717 5294 779 5341 stmt
795 5288 930 5353 thesauri,
952 5300 979 5343 et
993 5290 1187 5373 erolnrorunt'
1221 5304 1248 5349 ot
1262 5294 1347 5349 elatos
1360 5294 1513 5366 significant
1527 5297 1659 5354 bortrincs.
1675 5298 1759 5355 h'otus
1774 5317 1854 5373 ergo,
1868 5305 1914 5373 qui
1927 5314 1955 5358 ct
1968 5321 2016 5359 au·

360 5389 387 5424 .r
404 5371 513 5428 nebulae
530 5374 602 5430 sicut
621 5391 694 5433 aves.
717 5397 726 5431 r
748 5378 816 5435 lluic
836 5395 943 5451 qnoque
965 5381 1023 5437 loco
1042 5387 1167 5455 congruit
1222 5395 1277 5441 ster
1291 5387 1399 5452 dicitur,
1415 5398 1512 5443 ventus
1524 5390 1694 5461 eali.lus,qui
1707 5409 1791 5464 aquas
1807 5395 1905 5469 frigore
1919 5397 2015 5470 ligatas

369 5461 441 5520 illud
452 5464 525 5534 qnod
537 5465 572 5520 ad
582 5466 689 5522 beatum
702 5468 753 5524 lob
764 5470 855 5525 dirinn
866 5485 931 5525 voce
942 5471 1039 5526 dicitur
1051 5491 1058 5527 :
1071 5492 1080 5522 ι
1095 5473 1168 5529 hun·
1222 5477 1329 5546 saporis
1342 5478 1382 5531 sni
1397 5478 1497 5534 virtute
1511 5480 1642 5548 dissolvit,
1655 5482 1803 5553 hgrtraliter
1813 5490 1939 5558 exprimit
1950 5502 2013 5558 gra·

359 5553 442 5625 -qotd
463 5552 601 5624 ingressus
622 5573 652 5613 es
675 5559 818 5616 thesauros
842 5562 932 5616 nivis?
955 5572 1002 5618 arrt
1025 5564 1168 5622 thesauros
1222 5566 1288 5623 tiam
1308 5566 1425 5638 Spiritus
1441 5571 1543 5634 sancti,
1559 5586 1619 5640 quae
1637 5573 1734 5629 delicta
1756 5578 1852 5632 mortis
1871 5577 1931 5647 gela
1946 5589 2011 5629 rott-
2047 5582 2050 5589 '

370 5642 516 5713 grandinis
528 5646 671 5716 aspexisti,
685 5662 744 5717 qnae
757 5650 905 5719 praeparari
921 5651 947 5705 iu
961 5660 1065 5724 tempus
1082 5655 1168 5714 hostis
1182 5653 1197 5700 ·'
1221 5658 1314 5713 stricta
1333 5659 1374 5713 sui
1389 5658 1487 5714 caloris
1502 5661 1599 5717 ardore
1617 5661 1737 5720 discutit.
1756 5666 1866 5735 aspirat
1883 5677 1947 5735 ergo
1962 5680 2014 5717 no·

371 5736 401 5791 in
415 5736 490 5789 diem
510 5746 648 5808 pugnaret
666 5738 772 5793 bellila
793 5738 832 5796 hc
850 5742 873 5795 si
893 5752 985 5811 aperte
1004 5747 1141 5802 diceretur
1160 5764 1167 5802 ;
1220 5758 1280 5815 tus,
1293 5759 1320 5805 ct
1333 5752 1574 5808 coturnorehuntur
1592 5765 1713 5823 montes,
1733 5757 1840 5828 qnando
1854 5773 1903 5826 per
1915 5756 2014 5828 pucili-

366 5827 446 5883 lb'nlli
460 5836 487 5882 te
507 5828 541 5884 de
552 5829 679 5899 operibus
691 5830 744 5884 tuis
761 5831 904 5900 praelcras.
919 5834 980 5902 qnia
998 5836 1030 5889 dc
1045 5837 1087 5891 his
1100 5850 1168 5907 qnos
1220 5850 1325 5895 catores
1340 5840 1550 5904 sanctos,llatum
1564 5859 1637 5900 sanae
1648 5846 1776 5902 doctrinm
1786 5847 1885 5902 emittit
1895 5847 2014 5918 Spiritus

370 5921 493 5975 latueris
507 5921 595 5977 adhuc
611 5937 661 5992 per
677 5922 782 5993 culpam
801 5924 928 5995 frigidos,
942 5936 1057 5996 quantos
1073 5943 1168 5999 opera·
1220 5939 1339 5984 sanctus.
1350 5928 1426 5985 Unde
1437 5932 1679 5988 commonebuntur
1689 5943 1875 6000 montes,cmu
1889 5946 2014 6010 potentes

370 6021 452 6065 teres
466 6009 578 6080 jttstitiae
595 6020 623 6066 et
637 6010 793 6070 defensores
807 6024 888 6071 recte
907 6016 968 6072 fidei
984 6017 1034 6072 sbn
1048 6019 1168 6076 sancturus
1219 6023 1299 6077 istius
1309 6022 1400 6077 mundi
1412 6023 1560 6077 incitantur
1571 6023 1604 6077 ad
1616 6023 1838 6083 Christianorum
1845 6031 2031 6096 praesentas·
