4709 6767
362 591 415 651 ¹157
773 593 951 655 comus.
970 595 1004 652 ΙΝ
1023 595 1154 656 stendit
1173 593 1379 656 sartensis.
1397 629 1432 642 ·-
1450 599 1516 656 tm.
1533 599 1576 658 ltt
1943 601 1997 662 lbi

361 710 485 775 millii&
495 721 644 780 ΜΜΙ
653 715 766 765 “amat
774 707 927 779 scismata.
943 705 1073 762 ilirabilis
1081 722 1160 763 crea⁴
1171 713 1198 771 Α
1211 717 1345 767 tormenta
1355 711 1502 782 patientur,
1516 712 1579 781 qula
1593 712 1660 768 ialsa
1672 728 1722 784 pro
1735 716 1860 783 veritate,
1872 724 1901 774 et
1912 718 2001 776 besa-

361 809 408 857 tor
419 806 555 856 ercamrao
572 813 630 855 suaa
645 798 721 854 dedit
735 799 887 858 seientiam,
900 807 1036 868 maternus
1048 799 1075 853 io
1087 814 1159 870 prae-
1210 813 1269 855 ram
1283 815 1333 869 pro
1349 799 1453 857 factore
1466 802 1589 856 venerari
1607 800 1798 860 moliebantur.
1827 804 1880 864 Sed
1893 807 1956 877 quia
1970 806 2003 863 li·

360 887 614 948 massmannus
625 889 711 960 possit
724 888 867 944 consulere
883 889 1049 954 necessitati,
1064 897 1093 944 et
1108 888 1161 944 lte
1209 905 1292 960 anum
1305 906 1355 962 pro
1367 892 1478 947 bomine
1492 892 1609 962 positum
1623 907 1693 962 sape
1709 894 1736 949 in
1752 893 1901 965 Scripturis
1915 898 2004 954 sacris

359 980 432 1038 mini
453 981 496 1036 aul
518 980 657 1036 deservire
680 980 822 1037 voluntati.
849 979 896 1036 Sic
919 981 1002 1035 etiam
1029 982 1064 1037 ab
1081 982 1159 1037 initio
1209 979 1370 1046 invenimus,
1385 981 1463 1049 juxta
1477 981 1632 1053 tropologiae
1642 983 1772 1053 maulam,
1789 985 1948 1043 benedictus
1961 995 2005 1043 est

360 1069 473 1141 quando
480 1084 566 1142 genus
577 1070 726 1125 humanum
737 1078 767 1125 ot
777 1070 937 1126 idololatriae
947 1073 1051 1127 servire
1065 1072 1157 1143 eoepit,
1209 1068 1291 1125 bomo
1303 1071 1350 1141 qui
1368 1070 1450 1126 verba
1471 1071 1595 1127 veritatis
1611 1072 1725 1141 profert,
1744 1082 1772 1128 et
1784 1088 1867 1142 opera
1881 1073 1946 1132 lacit
1958 1074 2004 1143 ju-

362 1160 576 1219 etoruniamala
590 1175 640 1232 per
655 1162 787 1231 superbos
807 1161 929 1233 gigantes
947 1163 1112 1231 gerebantur
1129 1152 1174 1218 in'
1209 1162 1302 1218 stitim.
1325 1161 1475 1218 Haeretieus
1498 1171 1590 1218 autem
1612 1163 1658 1233 qui
1683 1162 1785 1218 erroris
1806 1163 1848 1218 sui
1874 1162 2002 1236 figmenta

361 1263 454 1320 tarra,
473 1252 575 1309 arbiter
592 1252 766 1322 amnipotens
785 1251 891 1309 lidelem
920 1254 1052 1309 cultorem
1079 1269 1157 1309 suum
1207 1259 1354 1308 veneratur
1376 1251 1537 1308 maledictus
1559 1260 1621 1319 est,
1643 1261 1671 1306 et
1692 1253 1837 1322 perditioni
1859 1254 2003 1324 deputatus

360 1343 422 1400 ane
433 1357 526 1399 aream
537 1341 628 1397 lacere
637 1340 731 1410 jussit,
744 1357 794 1412 por
805 1358 887 1412 quam
904 1342 962 1412 ipse
974 1353 1002 1397 et
1016 1343 1157 1415 progenies
1207 1351 1326 1407 nmina,
1341 1342 1399 1412 ipse
1409 1342 1535 1398 videlicet
1545 1349 1573 1397 et
1588 1357 1657 1413 opus
1668 1343 1737 1412 eius,
1750 1343 1801 1398 boe
1811 1352 1866 1410 est,
1877 1343 2002 1399 doctriua

361 1436 423 1508 ejas
432 1434 593 1498 salvaretur,
605 1434 763 1504 speciesque
784 1435 905 1490 omnium
925 1435 1103 1490 animantium
1122 1436 1158 1493 ad
1206 1431 1276 1502 ejus,
1289 1446 1370 1502 quam
1385 1430 1429 1485 ille
1440 1429 1508 1486 lalso
1521 1447 1571 1502 pro
1584 1432 1698 1488 veritate
1710 1434 1807 1492 docere
1818 1432 2003 1504 praesumpsit,

361 1526 483 1582 luteram
509 1525 734 1580 remorationem
759 1525 834 1581 orbis
860 1535 1047 1581 servarentur.
1073 1525 1157 1594 Cujus
1207 1523 1308 1593 dequo
1321 1534 1349 1578 et
1361 1521 1551 1594 subjungitur:

360 1616 488 1673 videlieet
499 1616 656 1687 mysterium
667 1615 764 1670 Petrus
781 1616 919 1685 apostolus
935 1616 962 1671 in
977 1616 1095 1688 Epistola
1106 1633 1155 1673 sua
1242 1611 1370 1669 Similiter
1389 1622 1477 1668 autem
1492 1614 1549 1670 Deo
1566 1614 1627 1670 odio
1647 1625 1708 1671 aaut
1727 1616 1822 1687 impius
1840 1626 1864 1670 at
1883 1615 2003 1688 impieraa

358 1707 484 1763 ostendit
495 1705 588 1761 dicens
604 1723 612 1760 ε
626 1704 752 1761 cbristus
769 1703 848 1760 aemei
865 1722 913 1775 pro
931 1707 1156 1776 peccatisnostris
1205 1705 1273 1774 ejas.
1302 1702 1406 1759 Etenim
1424 1707 1494 1777 qaod
1508 1706 1609 1776 [aetum
1625 1716 1663 1762 ert
1679 1725 1738 1762 earn
1751 1708 1797 1761 illo
1811 1709 1855 1779 qai
1871 1707 1932 1777 iecit
1947 1717 2002 1764 tor·

358 1797 640 1867 marcomanicum
660 1813 707 1867 pro
729 1795 847 1866 injustia,
870 1804 898 1850 ut
919 1813 966 1852 noa
986 1797 1155 1866 offerretDea
1204 1805 1292 1851 arama
1305 1798 1429 1867 potietur.
1446 1796 1516 1852 lline
1536 1805 1622 1867 otpec
1635 1795 1780 1852 ieremiam
1793 1798 1892 1853 dicitur
1906 1813 1914 1853 ε
1928 1797 2003 1856 Stai-

357 1890 533 1959 martirisatur
548 1887 654 1959 qaidrm
676 1904 764 1954 earne,
784 1887 929 1956 uiuificataa
948 1897 1036 1942 autam
1049 1888 1153 1958 spirita.
1204 1896 1246 1941 tata
1260 1885 1346 1955 faetus
1358 1897 1395 1942 ert
1408 1888 1493 1942 omnia
1509 1888 1587 1941 lromo
1600 1904 1617 1940 o
1628 1888 1737 1941 scientia
1749 1905 1808 1950 auo.
1823 1889 1949 1959 corrinaua
1963 1898 2002 1946 ast

357 1979 394 2037 ln
402 1998 455 2053 pao
469 1990 494 2036 rt
507 1980 602 2053 ltiapni
616 1979 644 2035 in
657 1996 760 2035 carcere
773 1988 847 2034 arant
859 1980 955 2039 aniritu
967 1979 1070 2033 veniena
1086 1995 1154 2050 praa·
1204 1977 1289 2032 omnir
1300 1977 1420 2045 falsorin
1430 1976 1558 2048 scalptile,
1576 1977 1638 2049 quia
1656 1978 1771 2032 mendac
1785 1980 1915 2049 conflator
1932 1980 2000 2050 eitra,

355 2072 468 2138 dicarit,
480 2072 525 2143 qai
538 2070 667 2125 inereduli
685 2070 789 2140 [urrant
810 2069 963 2140 aliquando,
983 2069 1089 2141 qnando
1106 2086 1153 2124 es·
1169 2060 1192 2119 B
1206 2081 1252 2120 nee
1270 2077 1308 2120 rat
1323 2067 1432 2137 spiritua
1451 2067 1479 2121 in
1493 2068 1541 2131 ria,
1560 2083 1627 2121 nana
1642 2066 1711 2121 euim
1725 2078 1785 2121 aurit
1802 2084 1891 2138 opera,
1905 2080 1929 2124 rt
1947 2072 2002 2124 riarr

355 2163 510 2234 aperiebam
522 2162 570 2218 liei
583 2161 747 2232 patientiores.
771 2160 804 2215 ln
817 2160 907 2215 diebus
919 2160 978 2214 Nor
992 2176 1050 2214 earn
1069 2159 1155 2229 sairi-
1206 2157 1297 2227 diona,
1312 2159 1339 2211 in
1351 2166 1464 2228 ternpore
1475 2158 1630 2212 visitationis
1643 2174 1698 2212 aare
1709 2158 1828 2229 peribunt
1844 2157 1912 2230 (ier.
1925 2158 1965 2231 x).

356 2262 466 2308 caretur
478 2270 540 2308 areo
557 2253 586 2308 in
598 2269 650 2324 qua
667 2254 753 2322 norici.
775 2252 803 2306 iri
821 2261 870 2317 eat,
892 2261 951 2305 octo
966 2253 1062 2307 anitiae
1075 2250 1155 2307 aairoe
1242 2247 1354 2319 Propter
1365 2249 1414 2303 lroc
1424 2259 1448 2304 st
1458 2250 1487 2303 in
1499 2248 1578 2303 idoiia
1587 2250 1724 2304 nationum
1734 2265 1786 2304 non
1796 2250 1844 2304 erit
1856 2261 2003 2320 respectas:

357 2343 439 2414 iam
453 2354 513 2400 mat
525 2360 572 2416 prr
582 2359 688 2414 annana,
699 2343 769 2414 quod
782 2351 806 2397 et
820 2359 865 2397 noa
876 2358 945 2396 nrrnc
954 2341 1047 2396 similia
1061 2341 1155 2411 [orinia
1204 2340 1329 2410 quoniam
1345 2350 1472 2394 crmturoe
1484 2337 1533 2392 liri
1546 2340 1574 2392 in
1587 2342 1676 2394 odium
1689 2340 1767 2409 {arte
1776 2347 1854 2404 aunt,
1864 2348 1889 2394 et
1907 2340 1935 2395 in
1945 2353 2002 2394 ten·

356 2433 445 2490 aalam
458 2435 523 2505 sarit
540 2434 669 2505 baptisma
687 2433 712 2505 (l
726 2431 800 2488 Petr.
816 2431 870 2505 riv).
886 2432 1013 2490 Formam
1027 2432 1153 2504 baptismi
1205 2430 1329 2484 tationem
1343 2430 1439 2482 animia
1455 2429 1601 2494 immitium,
1618 2438 1642 2483 at
1660 2429 1687 2483 in
1707 2428 1880 2499 arraeipaiam
1895 2430 2003 2499 padibna

357 2525 537 2582 assimilatam
559 2525 652 2580 dieunt
675 2540 746 2580 areae
769 2533 797 2579 et
818 2524 896 2593 aquis
914 2523 1017 2588 diluvii,
1035 2531 1064 2578 et
1080 2531 1155 2579 reete
1205 2523 1395 2593 insipientium.
1418 2521 1476 2577 lion
1491 2530 1555 2578 surrt
1570 2523 1642 2577 euim
1663 2522 1734 2578 idola
1748 2523 1868 2592 gerinum
1883 2533 1911 2579 ot
1925 2524 2000 2577 inlin-

356 2617 470 2674 omuino
481 2617 543 2687 quia
557 2625 585 2671 et
599 2616 658 2686 ipsa
671 2614 813 2670 lubricatio
825 2630 896 2670 arom
910 2615 943 2670 de
957 2614 1036 2685 lignis
1052 2614 1154 2687 leviga·
1205 2614 1337 2670 bitatoros
1350 2629 1455 2679 eorum,
1469 2614 1578 2683 maligni
1594 2614 1718 2670 videlicet
1734 2614 1856 2684 spiritua,
1871 2614 1945 2684 digiti
1958 2629 2003 2668 re-

356 2709 396 2766 tis
420 2709 648 2765 corrsmmtioacm
671 2706 806 2778 signiticat
828 2705 968 2772 Ecclesiae,
994 2720 1054 2776 quae
1074 2706 1104 2758 stt
1121 2704 1155 2761 de
1206 2710 1262 2774 aia,
1281 2709 1409 2779 quoniam
1425 2708 1549 2763 homines
1564 2707 1610 2776 qrri
1624 2708 1658 2762 ad
1671 2707 1814 2777 imaginem
1831 2715 1858 2761 et
1872 2706 2004 2761 bonorem

355 2799 518 2856 ωιιιιιὶοηε
529 2799 681 2854 animarum
696 2797 813 2852 fidelium
828 2811 877 2866 per
890 2795 1053 2851 architectos
1066 2794 1153 2849 verbi·
1206 2800 1253 2855 bei
1268 2800 1352 2856 creati
1368 2808 1441 2862 sunt,
1455 2798 1622 2854 aconditore
1636 2812 1687 2853 suo
1702 2797 1907 2862 abstrahebant,
1927 2805 1955 2852 et
1976 2798 2003 2851 in

355 2889 393 2946 El
406 2889 480 2959 (illoti
492 2888 699 2960 ιιθιθιιιιῑθθιῦθ
714 2895 769 2942 ῑθῑθ
783 2886 873 2955 pauci,
885 2886 974 2950 idest,
985 2883 1156 2940 ⁰⁰i⁰²¹¹imae
1205 2894 1307 2949 erroris
1324 2894 1365 2949 sui
1383 2891 1533 2962 decipulam
1547 2889 1716 2946 immittendo
1730 2888 1933 2944 subvertebant.
1961 2888 2004 2944 Si

355 2981 442 3040 salva
455 2981 533 3037 tacta
548 2988 610 3036 sunt
623 2995 672 3049 per
685 2994 794 3048 aquam,
808 2978 943 3048 siruilcat
956 2978 1019 3047 noia
1034 2976 1068 3031 ti
1081 2991 1156 3031 corr-
1205 2985 1306 3041 rnuuer
1321 2993 1350 3040 er
1364 2982 1484 3040 nereum
1496 2983 1518 3037 rt
1529 2981 1797 3051 perseveraverintin
1809 2981 1929 3049 requini
1940 2994 2000 3043 sna,

355 3074 528 3145 parationem
548 3071 718 3143 perivolium
731 3070 882 3142 sslttiiiittfflr
892 3067 1058 3133 iudeorum,
1072 3068 1156 3122 aare
1205 3092 1259 3147 qua
1272 3076 1396 3133 bouvines
1410 3091 1425 3130 a
1439 3075 1551 3130 veritate
1563 3074 1591 3128 io
1604 3072 1748 3128 salsitatem
1759 3072 1901 3136 seducunt,
1917 3085 2005 3140 neque

356 3167 474 3222 tit-orum
496 3173 524 3220 et
545 3163 673 3220 salsorum
687 3162 817 3227 fidelium,
836 3161 920 3216 inulto
932 3159 1041 3216 brevior
1053 3168 1095 3216 est
1109 3175 1157 3213 nu·
1206 3183 1236 3224 re
1249 3168 1418 3224 correxerim
1440 3174 1468 3221 er
1491 3166 1679 3236 paenitentiam
1693 3164 1807 3234 egerint,
1824 3176 1877 3218 non
1889 3162 2005 3217 eradent

355 3271 454 3314 uerus
472 3256 629 3311 electorum.
659 3252 736 3309 Umle
750 3254 783 3310 de
800 3265 913 3324 angusta
933 3261 1010 3321 porta
1032 3261 1060 3308 et
1079 3260 1155 3307 areta
1205 3259 1339 3331 judiciarii
1355 3257 1425 3328 ignis
1439 3256 1544 3311 aterni.

355 3347 403 3402 ria
422 3363 484 3417 quae
501 3347 576 3402 ducit
593 3347 626 3401 ad
650 3347 733 3400 vitam
753 3346 852 3401 dicitur
867 3362 875 3400 ι
890 3344 925 3398 Et
943 3346 1021 3416 pauci
1035 3354 1094 3399 aunt
1108 3345 1155 3413 oui
1241 3348 1351 3403 initium
1365 3349 1434 3403 sirim
1448 3347 1629 3417 fornicatiouis
1649 3354 1685 3402 ert
1703 3343 1835 3400 idolorum
1855 3346 2002 3418 inpunitio,

355 3441 492 3497 inueniant
503 3456 562 3494 ram
573 3438 682 3512 (Mattio.
696 3439 755 3509 sn).
770 3438 803 3493 m
820 3440 916 3494 iterum
930 3457 937 3493 ι
951 3437 1039 3493 Nolite
1053 3437 1152 3502 timere,
1168 3410 1191 3471 C
1206 3452 1230 3496 et
1246 3440 1394 3496 edisseratio
1405 3437 1512 3493 iliorum
1527 3439 1659 3508 corruptio
1679 3438 1738 3491 abac
1757 3447 1813 3502 eat,·
1834 3453 1915 3508 nanae
1932 3438 2002 3492 enirn

354 3529 794 3606 prailiusprrx,qaioeomplaauit
814 3529 887 3584 Patri
902 3538 985 3584 oestro
1001 3529 1065 3583 dore
1083 3527 1154 3582 ooiir
1206 3542 1282 3590 erant
1300 3532 1333 3586 ab
1361 3532 1461 3597 initio,
1485 3547 1567 3603 neque
1592 3541 1668 3585 arunt
1688 3531 1717 3585 in
1737 3538 1899 3601 perpetuum.
1927 3529 2005 3584 ticet

356 3640 468 3695 repausa
482 3622 558 3695 (Lac.
573 3622 633 3695 arr).
661 3623 739 3691 Quod
751 3638 815 3693 ergo
830 3623 922 3678 diluvii
936 3637 1006 3692 aqua
1027 3637 1080 3678 non
1100 3621 1154 3676 sal·
1207 3626 1290 3682 multa
1305 3626 1360 3681 siut
1374 3624 1561 3681 lomicationis
1573 3638 1682 3694 genera,
1699 3630 1787 3678 umen
1799 3621 1946 3691 moinum
1959 3627 2003 3674 est

355 3716 521 3771 vavitoatra
532 3729 624 3769 arcam
637 3714 749 3783 positos,
758 3714 805 3769 sed
814 3715 926 3779 occidit,
936 3714 1156 3783 siriednmopra-
1208 3716 1272 3772 illud
1285 3732 1338 3786 quo
1351 3716 1440 3774 animo
1456 3714 1605 3770 fornicatur
1623 3714 1752 3770 recedens
1767 3727 1783 3766 a
1799 3712 1855 3768 beo
1868 3720 1896 3767 et
1912 3713 2004 3767 colens

356 3805 495 3880 figurabat
513 3819 622 3862 onmem
638 3805 796 3860 haereticum
816 3803 880 3860 lieet
901 3805 1046 3861 habentem
1067 3806 1156 3876 bapti·
1208 3815 1290 3871 sunta,
1303 3813 1435 3870 similiter
1448 3821 1476 3869 er
1490 3811 1555 3866 illud
1577 3812 1759 3881 perniciosum
1773 3818 1824 3874 est,
1840 3808 1911 3878 qnod
1927 3808 2004 3863 dese-

357 3896 665 3954 smattrsacramentum
678 3909 733 3950 non
749 3894 822 3960 aliis.
840 3895 886 3950 reu
899 3894 1052 3966 sparsurus
1066 3895 1100 3950 at
1115 3895 1156 3950 tu·
1208 3907 1243 3961 rn
1266 3905 1349 3960 ‹vsi-nn
1367 3903 1503 3976 annnam
1518 3903 1673 3966 reserem,
1690 3908 1719 3956 er
1731 3900 1854 3968 nmina
1868 3898 2002 3953 asenne

357 3987 440 4046 iem
448 3988 635 4058 mergendum,
650 3986 750 4058 quibus
758 4001 823 4043 ²10³
835 3987 992 4043 subiilailtr
1002 3988 1036 4043 tii
1045 3987 1154 4043 eninm.
1206 3996 1342 4068 opinionis
1355 3995 1510 4051 salsitatem.
1531 3993 1598 4048 Nam
1611 4001 1638 4048 et
1652 3991 1751 4047 Paulus
1762 3989 1900 4061 apostolus
1912 3990 2002 4043 avari-

357 4081 420 4152 lpse
444 4094 553 4151 quoque
575 4079 731 4134 octonarius
758 4093 889 4134 numerus
918 4080 1070 4134 aniruurum
1095 4094 1156 4149 qum
1209 4087 1274 4142 riam
1296 4086 1428 4141 idolorum
1452 4085 1610 4141 servitutem
1633 4082 1748 4153 appellat
1768 4078 1848 4152 (lipia.
1872 4078 1909 4152 r),
1933 4080 2004 4135 ando

357 4174 443 4230 taltae
457 4171 536 4230 isciae
551 4181 614 4228 itini
627 4186 676 4243 liet
689 4186 789 4241 tultam
810 4171 954 4242 siguificat,
973 4171 1046 4241 tilioli
1063 4178 1156 4226 sancit
1207 4177 1306 4246 conjici
1321 4178 1402 4233 datur
1414 4191 1523 4232 omnem
1537 4174 1634 4229 malain
1656 4169 1905 4242 conccupiscentiam
1931 4177 2006 4224 recte

358 4263 485 4320 Ecclesia
504 4263 531 4318 in
552 4270 753 4318 sacranrcntum
777 4261 925 4319 llonriniem
951 4263 1157 4320 resurrectionis
1207 4267 1414 4324 fornicationem
1429 4266 1531 4329 vocari,
1546 4264 1655 4334 quando
1666 4263 1757 4318 anima
1778 4260 1900 4333 neglecta
1922 4274 2004 4331 aupe-

357 4356 489 4428 baptismi
503 4355 640 4411 lavacrum
653 4356 778 4426 percipit,
798 4365 828 4410 ut
845 4355 987 4426 sicutipse
1007 4356 1158 4411 resurrexit
1207 4360 1288 4415 riore.
1304 4358 1362 4429 lege
1373 4371 1426 4427 qrra
1438 4357 1540 4425 regitur
1556 4354 1678 4420 inferior,
1697 4361 1855 4408 naturamve
1874 4349 1944 4420 turpi
1959 4364 2006 4404 vo-

359 4448 508 4506 amortuis
527 4463 576 4519 {tet
598 4446 713 4519 ssl⁰ti²¹¹1
731 4445 832 4512 Psilis,
855 4446 892 4501 in
910 4461 960 4502 ¹¹⁰⁵
978 4446 1118 4517 expurgari
1140 4460 1157 4500 a
1208 4452 1305 4506 iunuti
1330 4450 1408 4520 quasi
1429 4449 1554 4504 mercede
1573 4447 1719 4517 prostituta
1736 4443 1940 4513 corrumpitur,
1958 4439 2006 4497 serl

358 4539 481 4614 pereatis
500 4553 549 4610 per
565 4553 665 4609 aquam
685 4537 898 4610 regenerationis
918 4537 945 4591 in
965 4536 1085 4592 novitate
1096 4535 1157 4591 riae
1209 4542 1370 4599 haecomnia
1384 4540 1501 4597 sicutab
1517 4539 1660 4595 initiormn
1680 4537 1788 4592 luerunt
1802 4542 1905 4598 ereata,
1926 4533 1964 4589 ita
1979 4540 2007 4587 et

359 4629 542 4687 ambulemus.
1208 4635 1236 4689 in
1252 4643 1385 4689 nmmum
1399 4646 1453 4689 non
1468 4639 1548 4687 erunt
1561 4630 1759 4702 permanentia.
1786 4626 1923 4698 Diaprrdrt
1936 4623 2005 4678 enim

396 4718 569 4778 benedictum
583 4727 621 4774 eat
635 4735 703 4774 amm
719 4717 820 4789 liparam
837 4735 884 4789 per
899 4719 969 4790 qood
989 4718 1020 4788 pit
1038 4718 1156 4789 justitia.
1209 4724 1339 4780 Dominus
1358 4724 1479 4779 anioeraa
1498 4721 1569 4777 labio
1587 4720 1689 4784 dolosa,
1705 4729 1730 4774 et
1744 4717 1833 4790 perdet
1854 4732 1942 4771 ornnes
1960 4715 2006 4787 qai

361 4807 416 4865 Par
428 4825 522 4864 manna
534 4807 701 4879 nucemquod
716 4808 747 4878 pit
764 4807 873 4872 idolum,
893 4808 1059 4863 rnaiedietum
1078 4819 1115 4863 rat
1132 4817 1158 4863 et
1211 4814 1355 4882 loquantur
1367 4813 1534 4868 mandacium
1549 4810 1636 4885 (l'aol.
1650 4810 1701 4881 nr).
1723 4809 1801 4864 llude
1820 4817 1848 4863 et
1869 4821 1917 4876 per
1931 4803 2008 4861 tero-

358 4901 458 4974 maana,
478 4909 503 4955 et
526 4900 571 4970 poi
592 4898 652 4968 [ecit
673 4897 834 4971 illudsqnia
855 4898 899 4953 iiie
916 4898 1021 4971 qumana
1036 4909 1157 4969 operatua
1212 4904 1294 4960 vniam
1307 4904 1425 4960 dieitur:
1440 4903 1484 4957 llii
1505 4903 1551 4975 pai
1570 4903 1664 4957 carlum
1683 4912 1707 4955 et
1727 4910 1875 4955 tarraanon
1889 4897 2006 4967 iecerunt

359 5002 412 5059 eat,
429 4990 498 5046 iliad
508 4999 607 5055 nutriat,
621 5006 679 5044 cum
692 4989 785 5061 [iopila
796 4998 873 5055 earet,
884 4990 948 5044 deur
960 4991 1158 5060 connominatur
1211 5005 1318 5066 pereant
1331 5013 1348 5050 a
1365 5004 1446 5060 terra,
1459 5004 1483 5049 et
1496 4994 1529 5048 de
1541 4994 1653 5066 itiaque
1667 4992 1714 5046 aab
1730 4990 1801 5046 caa'ia
1818 4998 1889 5044 aunt.
1914 4987 2008 5041 bans-

360 5091 412 5142 aat.
424 5082 537 5138 uicorsa
558 5089 602 5136 est
617 5082 676 5137 lucc
694 5081 862 5152 oompmratio
880 5081 995 5137 duorum
1010 5081 1157 5152 lignorum,
1214 5102 1263 5141 naa
1275 5093 1363 5140 aalma
1376 5086 1447 5140 Dana
1461 5095 1594 5149 seruarat,
1606 5086 1660 5155 ipae
1671 5082 1740 5136 liena
1751 5083 1869 5136 airenset
1880 5094 1926 5133 rea
1939 5095 2008 5133 arm·

359 5172 428 5244 quia
445 5186 530 5228 unum
544 5169 769 5235 benedictionem,
787 5169 902 5226 altemm
915 5186 980 5228 vero
995 5172 1160 5230 maledictio
1212 5178 1330 5249 pitarm
1349 5176 1416 5249 (iar.
1432 5179 1471 5248 x).
1496 5176 1571 5233 Unde
1592 5184 1682 5230 autem
1695 5174 1811 5244 primum
1827 5169 2009 5243 processerint

360 5277 427 5320 nem
439 5268 569 5316 meretur.
589 5259 765 5317 Benedictum
786 5268 828 5316 est
845 5260 919 5317 enim
938 5261 1038 5332 lignum
1058 5263 1159 5328 erucis,
1214 5268 1295 5334 idola,
1307 5282 1423 5338 aequem
1436 5267 1555 5324 ostendit
1570 5265 1714 5321 renitentia.

361 5353 392 5410 ita
406 5353 688 5424 quopersanrutnem
702 5350 802 5408 Christi
823 5361 966 5423 reparatus
981 5360 1023 5410 est
1033 5353 1118 5421 orbis,
1132 5363 1160 5411 et
1250 5356 1453 5430 Superoacaitaa
1466 5358 1535 5412 enim
1550 5355 1746 5411 hominumiras
1764 5354 1897 5408 adinvenit
1915 5351 1945 5407 ira
1967 5367 2008 5406 or·

360 5442 516 5514 redemptio
526 5441 647 5512 perlecta
664 5451 707 5498 est
721 5442 833 5497 humani
844 5444 961 5514 generis.
982 5444 1004 5500 Ε
1021 5447 1159 5502 contrario
1213 5449 1270 5506 ianr
1284 5457 1430 5514 terraram
1442 5458 1466 5502 et
1479 5448 1539 5503 ideo
1550 5446 1747 5502 irariaiiloruna
1759 5445 1948 5514 piniainrrntsa
1957 5452 2006 5499 rat.

361 5549 431 5592 vcro
444 5535 616 5592 maledictum
629 5543 673 5591 est
688 5533 800 5601 idolum,
814 5535 867 5591 boo
877 5543 930 5602 ost,
944 5537 1117 5594 simulacrum
1132 5547 1160 5594 et
1213 5540 1314 5597 terrio
1324 5541 1393 5595 mim
1407 5540 1480 5594 laeta
1489 5538 1580 5593 dolam
1593 5547 1677 5610 pater,
1693 5541 1746 5592 rito
1759 5536 1809 5592 aiii
1822 5537 1890 5606 rapti
1902 5534 1954 5602 filii
1965 5534 2007 5603 fa·

361 5625 472 5686 cultura
484 5625 615 5684 misorum
626 5627 751 5693 deorum,
769 5627 846 5698 enjus
860 5636 903 5684 est
914 5637 1005 5684 certus
1021 5629 1157 5698 interitus,
1212 5632 1249 5688 cit
1261 5632 1401 5703 inopinam
1409 5648 1419 5697 ,·
1432 5639 1457 5687 rt
1468 5629 1553 5696 illam,
1572 5630 1617 5700 qai
1633 5640 1695 5685 tunc
1711 5628 1789 5699 prasi
1801 5627 1878 5680 borno
1890 5633 2007 5680 manaan

360 5729 394 5780 et
415 5720 568 5794 operatmb
588 5719 648 5792 ejus
668 5727 761 5778 manet
778 5720 916 5776 cruciatus
934 5729 1063 5778 aterum.
1092 5722 1161 5779 Nam
1213 5722 1312 5793 iurat,
1324 5739 1393 5778 aune
1406 5734 1532 5794 ramnum
1553 5721 1631 5776 mana
1644 5720 1729 5776 catara
1743 5711 2007 5790 rapinncoaatitait

360 5812 491 5872 diabotus
504 5820 579 5868 recto
597 5812 661 5868 inde
682 5811 819 5884 punietur,
844 5812 917 5882 quod
938 5814 1069 5868 bortorcm
1090 5813 1161 5870 divi-
1212 5815 1382 5870 interaemoa
1399 5830 1549 5870 anoraacrn
1569 5823 1594 5868 et
1617 5811 1762 5879 sacrificia.
1782 5803 1882 5860 Mada
1901 5802 2008 5858 iatrrre·

359 5917 434 5962 nunt
457 5902 510 5960 sibi
529 5899 628 5962 olierre
648 5904 785 5976 persuasit
803 5914 885 5976 atque
902 5903 1060 5960 conscrisit:
1075 5905 1163 5962 bomi-
1214 5906 1436 5976 mantetrmpore,
1450 5902 1742 5971 mnaulaareatainiqaa
1756 5892 1952 5960 numeriae.
1964 5892 2008 5948 ἃ

360 6011 418 6054 m
433 6005 526 6054 autem
544 5997 593 6070 qni
612 5997 688 6054 illum
707 6013 757 6068 pro
774 5997 832 6053 lico
851 5996 976 6054 colebant
988 5996 1051 6052 imie
1066 5998 1162 6054 merito
1213 6013 1289 6053 error
1301 6009 1426 6066 tranum
1439 5996 1483 6050 ira
1497 5993 1642 6064 scanditur
1657 6002 1706 6058 rat,
1722 5998 1746 6044 rt
1763 5996 1935 6057 tprraaotttttv
1955 5984 2007 6042 t'av·
