4709 6767
369 625 421 683 lud

709 619 739 672 h.
761 615 884 686 tatttta't
905 615 1014 672 ‚lthlll
1033 613 1192 670 autlttthu.
1213 616 1365 672 ttocua't.
1383 614 1524 670 ot‘Etttltt
1545 616 1662 669 tt-tttst

1948 623 1999 679 tet
2093 635 2125 688 s,

368 752 461 796 octaua
478 738 532 800 die,
547 737 636 796 idest,
653 749 700 803 per
714 733 855 785 sabbatum
869 731 895 783 in
911 730 1023 784 batarino
1039 744 1155 799 praeees-
1169 738 1192 792 ‚t
1208 726 1349 799 :lpostolus
1365 743 1371 780 :
1389 727 1487 781 l'nistis
1511 728 1652 797 aliquando
1674 734 1796 795 tenebra,
1823 750 1895 788 nitrio
1914 749 2000 792 autera
2086 768 2125 803 2,

369 837 414 896 sit,
429 841 457 885 et
479 831 505 884 in
521 829 719 895 nobisquinque
737 840 832 878 <letata
856 825 898 879 die
914 825 993 878 sitnul
1011 835 1038 879 et
1061 835 1156 878 octaua

367 930 447 977 aetate
472 927 605 988 speratur.
627 915 766 985 Praepositi
790 925 879 968 antem
901 924 979 969 eram
1001 917 1052 967 tria
1073 915 1155 968 millia

369 1010 480 1065 ttecenti
504 1015 616 1076 propter·
637 1005 716 1059 lidcnt
736 1006 862 1058 illinitum
881 1013 980 1058 saumae
1003 1003 1154 1065 Trinitatis,

366 1112 445 1167 apuam
463 1105 555 1149 sancta
573 1096 650 1149 nobis
661 1093 767 1161 eloquia
780 1093 936 1163 praedicant.
953 1092 1029 1158 Quod
1051 1108 1113 1146 reru
1130 1093 1155 1145 in

366 1186 506 1258 praesentis
533 1185 592 1238 libri
618 1184 747 1247 historia,
771 1185 821 1237 boc
846 1192 897 1247 est,
920 1182 1154 1252 Paralipomenon,

366 1290 414 1344 pro
429 1275 514 1328 tribus
526 1274 644 1327 millibus
657 1274 784 1327 trecentis
798 1274 959 1343 prepositis,
973 1274 1017 1341 qui
1033 1275 1058 1326 in
1071 1274 1155 1326 bisto-

366 1368 404 1421 t‘ia
424 1366 528 1436 Regum
544 1366 756 1419 adnumerantur
772 1363 830 1432 (tlt
856 1364 918 1433 llep.
938 1365 974 1434 r),
999 1365 1050 1416 tria
1072 1362 1155 1416 millia

365 1456 485 1512 sexcenti
498 1464 560 1508 snm
574 1456 679 1524 scripti,
697 1454 729 1506 ad
746 1454 866 1508 irarrndem
878 1469 989 1521 prorsus
999 1452 1155 1506 sublimium

366 1547 486 1601 uirorum
500 1544 691 1614 perfectionem
707 1544 826 1613 respicit.
842 1543 909 1597 Narin
924 1545 986 1612 quia
1007 1545 1032 1598 in
1047 1544 1155 1598 stratorio

364 1653 478 1693 nttmero
491 1638 619 1691 llominns
632 1638 722 1690 mnndi
736 1647 859 1691 ornatum
876 1638 1028 1707 compleuit,
1044 1647 1116 1692 reete
1129 1639 1155 1690 in

363 1741 396 1782 eu
408 1725 529 1796 perlecta
549 1728 680 1781 bonorum
702 1728 788 1782 solent
805 1745 887 1797 opera
901 1729 1022 1798 figurari.
1040 1730 1072 1782 tlt
1091 1730 1153 1797 quia

362 1824 455 1871 salicta
478 1814 617 1884 Scriptura
639 1832 698 1869 eum
725 1817 776 1871 lide
799 1818 922 1872 ueritatis
944 1834 1026 1888 opera
1042 1820 1154 1889 justitiae

365 1907 443 1962 docet
462 1906 595 1972 habenda,
613 1916 685 1961 recte
705 1908 836 1982 pru'positi
858 1923 969 1978 operum
990 1912 1082 1979 teirtpli
1104 1912 1153 1965 tria

363 1996 446 2051 millia
462 2004 489 2051 et
499 1996 618 2050 sexcenti
634 1995 718 2052 luisse
737 1998 921 2067 perlubentur.

664 2107 777 2164 caetu
802 2110 843 2164 Ill.

361 2181 400 2232 lle
419 2180 530 2247 (roffeio
551 2179 643 2233 dotatus
656 2179 715 2241 net,
735 2190 758 2232 et
780 2180 941 2251 lonpiturline
958 2201 988 2235 ac
1013 2183 1150 2239 latitudine

397 2258 475 2318 atquc
486 2249 635 2302 altitudine.
649 2249 725 2313 Quod
740 2250 845 2304 domum
859 2254 986 2321 arciorem
998 2256 1061 2307 terit
1075 2256 1150 2308 tolut-

396 2318 430 2373 lis
450 2320 555 2386 lipneis,
577 2329 601 2371 et
627 2320 738 2388 desuper
761 2320 867 2374 lontt'nr's
890 2325 977 2377 taureis
1001 2324 1149 2389 adornauit,

394 2387 551 2458 sculpsitque
565 2388 638 2441 illum
653 2390 733 2443 coriis
747 2391 866 2459 picturis.
882 2390 920 2444 De
939 2394 1086 2463 pucirtteuto
1101 2394 1149 2447 do-

394 2473 452 2512 mus
471 2455 531 2521 Dei,
546 2458 615 2527 quod
632 2474 763 2511 inorrrrore
780 2461 967 2527 pretiosissimo
984 2463 1085 2516 stertuit.
1111 2463 1151 2517 De

393 2537 484 2580 torreto
508 2537 658 2580 sanctorum
672 2537 695 2580 et
711 2528 815 2596 lactura
831 2530 964 2584 clrcruhim
982 2535 1010 2585 in
1032 2532 1088 2586 illo.
1111 2534 1151 2587 De

393 2595 449 2650 uelo
473 2598 543 2667 orroei
557 2613 701 2666 oppansum
723 2608 778 2651 erut
803 2616 890 2653 coroin
906 2618 968 2655 arco
989 2602 1106 2667 Domini,
1126 2616 1149 2657 et

392 2676 484 2720 corteto
496 2678 646 2720 srirretorum
670 2670 849 2721 osurrctuorio
865 2671 1004 2724 dividebat.
1027 2672 1066 2725 De
1080 2675 1148 2727 dno-

393 2743 441 2788 bus
452 2735 579 2787 colutianis
592 2754 624 2788 ca
638 2738 674 2789 eis
695 2753 759 2806 quius
774 2738 851 2804 praeit
871 2737 1005 2805 Solonion,
1019 2752 1043 2794 et
1063 2743 1150 2813 posuit

393 2805 563 2857 investibulo
580 2804 677 2873 templi.

394 2890 427 2946 hl
441 2894 514 2961 coepit
530 2893 656 2947 Salomon
675 2894 807 2962 aedificare
820 2898 926 2952 domum
943 2900 1047 2954 bortatur·
1064 2903 1091 2956 in
1104 2901 1150 2957 de·

358 2983 472 3039 rueolem
500 2987 526 3038 in
547 2994 635 3038 oronte
658 2986 755 3052 llorin,
784 2990 828 3060 qui
853 2990 1045 3046 detrtoustrotes
1063 2994 1149 3063 [iterat

358 3074 443 3131 boeio
456 3077 525 3145 patri
544 3077 599 3146 ejus
613 3079 639 3131 in
651 3077 707 3132 loco
719 3097 794 3149 quern
815 3094 1008 3152 preparaverat
1022 3084 1107 3138 Dauid
1122 3087 1149 3140 in

356 3191 420 3229 oreo
447 3173 538 3229 Ornnn
552 3175 668 3231 totnani
682 3175 726 3248 (ll
747 3178 811 3249 [lep.
829 3197 912 3246 xxta'3
932 3180 1056 3236 lClaron.
1078 3183 1146 3254 xxt).

358 3264 555 3322 AEdilicabatur
568 3282 633 3338 ergo
647 3269 742 3322 deintus
756 3268 861 3323 Domini
878 3271 905 3324 in
922 3271 1081 3340 Jerusalem,
1096 3274 1148 3329 hoc

356 3356 438 3411 estin
453 3357 551 3411 risione
564 3358 646 3427 pacis,
663 3358 726 3427 quia
745 3357 855 3414 dilatata
877 3370 963 3415 tottun
988 3379 1036 3433 per
1053 3365 1147 3420 orbem

358 3449 479 3505 Ecclesia
493 3451 519 3506 in
530 3467 583 3505 ona
598 3451 747 3521 eademque
761 3452 822 3517 llde,
835 3463 862 3507 et
874 3456 996 3510 ueritatis
1006 3438 1183 3514 catliottcaeC
1199 3444 1293 3517 'Md-lt
1312 3453 1342 3499 ¹¹²
1355 3445 1532 3501 admoneatur
1545 3445 1632 3500 Ῑθθῑθΐ
1652 3454 1718 3516 (Ιῦοῑ
1736 3461 1870 3501 ³¹¹¹¹⁰f¹¹¹¹¹
1887 3457 2000 3519 l⁰¹¹¹P¹¹⁵

357 3541 488 3597 societate
513 3543 646 3596 consistit.
674 3542 796 3613 Namque
822 3546 848 3598 in
873 3546 989 3601 scissura
1017 3550 1146 3604 mentium

356 3628 429 3683 [leus
443 3644 495 3683 nou
511 3637 561 3694 est,
586 3631 634 3685 sed
658 3628 758 3685 Factus
771 3642 809 3687 est
826 3634 852 3686 in
868 3651 931 3704 pace
951 3634 1022 3690 locus
1042 3638 1109 3706 ojus,
1125 3651 1148 3694 et

357 3717 483 3772 hahitatio
504 3719 560 3787 rjais
581 3721 608 3773 in
635 3719 699 3774 Sion
721 3720 806 3794 (Paul.
826 3723 918 3797 cxxv).
938 3725 1099 3784 AEdihcatnr
1120 3731 1147 3784 iu

357 3815 460 3874 monte,
479 3809 606 3865 videlicet
630 3811 656 3864 in
678 3812 736 3881 ipso
751 3813 863 3870 Domino
879 3816 1029 3883 Salvatore,
1046 3820 1079 3874 de
1093 3836 1146 3889 qrro

356 3898 438 3955 lsttlas
460 3900 497 3953 ait
512 3917 518 3951 t
532 3899 565 3952 th
589 3901 636 3954 etit
660 3902 687 3954 t'n
709 3904 855 3957 tenuissimis
878 3905 967 3960 diebus
983 3918 1146 3977 purpuratus

355 4005 431 4045 orons
452 3990 559 4043 heulini
580 3992 608 4044 in
622 3993 716 4046 uertice
738 3994 864 4047 anuinium
880 3996 958 4068 (Iani.
975 3997 1017 4066 u).
1043 3997 1076 4051 Et
1091 3999 1147 4067 ipse

353 4080 389 4136 tle
408 4096 438 4136 se
454 4080 481 4135 in
499 4081 664 4150 Evangelio:
679 4081 740 4135 Non
759 4093 851 4152 potest,
864 4084 961 4155 inquit,
981 4087 1070 4139 ciuitas
1085 4087 1145 4141 obs-

356 4171 433 4227 condi
447 4187 526 4241 snpra
538 4179 649 4225 orontem
666 4173 750 4240 positu
765 4172 874 4244 (dietih.
892 4174 930 4245 r).
947 4175 1007 4245 lpse
1021 4184 1062 4231 est
1074 4176 1145 4230 enim

356 4275 435 4318 mous
452 4263 595 4326 moratium,
613 4263 658 4331 qni
677 4263 710 4317 de
722 4272 793 4317 terra
813 4264 921 4334 quidem
943 4279 992 4334 per
1014 4266 1145 4335 originem

356 4362 501 4422 assumptae
520 4352 610 4406 earnis
632 4364 708 4407 ortus
727 4361 779 4418 est,
793 4354 840 4408 sed
864 4355 984 4408 omnium
1004 4359 1146 4426 terrigena-

356 4459 415 4500 rum
442 4444 590 4514 potentiam
613 4459 645 4496 ac
666 4445 837 4499 satietitatem
861 4446 1004 4516 singularis
1029 4448 1146 4501 eulmine

355 4534 496 4606 dignitatis
509 4534 686 4587 transcendit.
704 4533 732 4587 ln
750 4549 803 4603 quo
824 4533 952 4588 nintirurn
973 4545 1065 4590 rrronte
1079 4536 1146 4590 eiri-

356 4624 465 4679 tassire
489 4622 584 4677 domus
599 4623 704 4677 Domini
729 4633 884 4678 constructa
903 4632 955 4690 est,
969 4627 1031 4695 quia
1050 4627 1071 4680 si
1090 4641 1144 4681 non

356 4712 383 4766 in
397 4711 442 4767 lllo
459 4712 578 4766 radicem
596 4710 661 4781 ligat
676 4727 739 4781 spes
758 4721 786 4766 et
800 4712 865 4768 lldes
885 4723 988 4778 nostra,
1005 4714 1075 4768 nulla
1090 4724 1141 4770 est.

1209 820 1255 873 lus
1274 821 1300 873 t'n
1324 818 1433 872 llrrmt'rro
1452 818 1558 889 (lfplnu.
1574 818 1612 886 t).
1636 818 1720 873 debus
1737 821 1831 875 eadettt
1847 833 1890 878 est
1905 827 2000 881 ciuiuus
2085 856 2125 894 ὲ·

1208 925 1267 977 quiae
1281 915 1322 962 est
1333 906 1492 969 lertrsalem,
1509 908 1578 960 sicut
1591 923 1672 977 supra
1689 917 1828 964 ostensum
1840 922 1892 967 est.
1911 916 1945 969 Et
1959 918 2001 972 Je-
2077 955 2125 970 -

1207 998 1257 1051 lus
1269 996 1377 1065 quiritum
1399 996 1595 1063 interpretatur
1608 996 1773 1062 corrcolcnto,
1787 996 1939 1056 Jerusalem
1956 1021 2001 1058 au·
2071 1043 2125 1057 -

1209 1098 1261 1142 tem
1274 1088 1337 1141 risio
1350 1087 1434 1156 pincis.
1450 1086 1479 1140 ln
1493 1101 1552 1158 ¹(pra
1566 1086 1685 1156 quiandiu
1696 1086 1787 1142 Ornan
1801 1091 1891 1158 gentis
1905 1107 2003 1165 regim-
2061 1133 2125 1147 -1

1206 1178 1263 1241 hat,
1276 1176 1358 1233 lebas¹
1371 1178 1443 1232 dicta
1468 1187 1526 1244 est;
1547 1192 1610 1231 cnm
1624 1193 1688 1232 rere
1712 1179 1737 1232 in
1755 1194 1787 1233 ea
1803 1181 1889 1235 Darid
1912 1183 2001 1238 lnuma
2063 1209 2125 1247 n

1207 1269 1357 1323 holocausti
1382 1277 1495 1332 erueret,
1522 1283 1583 1320 erran
1607 1267 1736 1322 Salomon
1761 1270 1892 1340 templum
1919 1273 1947 1327 in
1972 1291 2002 1327 ca
2055 1300 2125 1337 η

1206 1356 1320 1413 Domino
1341 1357 1498 1420 aoditlcaret,
1519 1373 1570 1410 non
1591 1355 1648 1424 jam
1663 1356 1757 1422 Jebus,
1778 1360 1826 1413 sed
1849 1360 2001 1417 Jerusalem
2054 1386 2085 1420 ε
2100 1389 2125 1424 11

1206 1460 1299 1504 uocata
1323 1460 1375 1514 est,
1391 1449 1453 1518 qrria
1478 1448 1604 1500 ninnium
1620 1448 1756 1516 gentilitas
1768 1452 1890 1518 quartalia
1916 1452 2000 1505 dirici
2051 1458 2083 1510 ἰ
2106 1461 2125 1513 :i

1206 1540 1294 1594 cultus
1307 1539 1398 1593 nescia
1413 1538 1586 1607 perdurabat,
1602 1537 1813 1593 conculcabatur
1824 1551 1853 1594 et
1869 1541 2001 1596 illudeba-
2043 1575 2125 1588 —.

1206 1642 1250 1683 tur
1274 1630 1308 1683 ab
1330 1628 1474 1682 immundis
1499 1627 1650 1696 spiritibus,
1676 1629 1710 1682 ad
1734 1630 1882 1684 simulacra
1913 1642 1999 1695 muna,
2044 1678 2079 1699 ,
2108 1680 2122 1700 ,,

1205 1729 1285 1790 proiit
1306 1719 1466 1780 ducebatur,
1496 1732 1633 1786 sequens;
1661 1733 1801 1773 eurnrero
1823 1721 1999 1793 illamgratia
2040 1742 2122 1779 na

1205 1810 1247 1863 sui
1261 1808 1408 1863 conditoris
1435 1808 1560 1877 respexit,
1576 1809 1706 1864 continuo
1720 1810 1796 1878 pacis
1819 1810 1848 1865 in
1873 1826 1903 1866 se
1922 1823 1952 1867 et
1965 1814 1990 1867 lo
2080 1834 2114 1867 ι

1204 1917 1265 1957 cum
1283 1901 1386 1954 iureoit
1401 1910 1428 1954 et
1440 1916 1550 1955 tantaleo.

1239 1990 1319 2062 Cupit
1333 2001 1420 2044 orateur
1433 1991 1565 2059 rr‘difienre
1580 2008 1667 2046 metue
1681 1992 1805 2058 secundo,
1818 2010 1890 2049 anno
1903 2008 1999 2066 parcito
2020 2015 2089 2052 0
2110 2013 2123 2052 o

1167 2091 1190 2148 Β
1205 2086 1277 2155 repat
1291 2086 1342 2137 aui.
1358 2084 1387 2137 ln
1403 2084 1471 2138 libro
1490 2099 1554 2138 rero
1568 2084 1669 2154 Regum
1685 2085 1718 2140 de
1732 2085 1784 2140 hoc
1804 2089 1841 2141 ita
1866 2089 1998 2159 scripturn
2013 2104 2123 2144 tta

1205 2185 1247 2231 cst
1261 2195 1267 2228 :
1280 2174 1392 2228 Factum
1408 2186 1445 2228 cst
1456 2190 1517 2244 erpo
1530 2175 1785 2245 quodnupentesimo
1798 2187 1822 2230 et
1838 2180 1998 2249 octopesiuro
2014 2197 2081 2230 o
2103 2194 2122 2230 ·o

1203 2283 1272 2321 onno
1284 2267 1438 2337 opressionis
1457 2266 1573 2334 filiorum
1588 2266 1675 2321 lsrael
1695 2268 1727 2321 dc
1748 2277 1818 2322 terto
1833 2268 1957 2340 AEpppti,
1972 2274 1998 2325 iu
2009 2285 2120 2324 stu

1202 2373 1272 2410 nuno
1285 2367 1390 2427 quarto,
1407 2373 1494 2410 uterne
1506 2354 1567 2422 lio,
1579 2357 1633 2427 ipse
1647 2369 1684 2412 est
1698 2359 1794 2413 mensis
1807 2360 1940 2414 accuratius
1957 2377 1997 2414 re·
2011 2386 2080 2398 --
2089 2371 2118 2404 ·-·

1201 2449 1241 2518 pis
1265 2445 1413 2502 Solomonis
1429 2464 1507 2517 super
1531 2446 1616 2501 lsrael
1637 2447 1698 2518 (tlt
1717 2448 1781 2519 top.
1809 2449 1858 2519 rt).
1882 2449 1958 2505 brito
1972 2459 2050 2503 ets
2069 2455 2116 2498 ‘u

1202 2552 1298 2592 sensus
1317 2546 1377 2591 est:
1392 2536 1420 2589 ln
1444 2552 1515 2590 anno
1530 2550 1629 2605 quarto
1653 2537 1725 2606 regis
1738 2536 1893 2593 Salomonis
1914 2552 2070 2608 sap-r*-
2102 2549 2113 2586 r

1201 2627 1294 2692 lsrael,
1319 2642 1411 2681 mense
1428 2627 1485 2692 zio,
1502 2628 1559 2695 ipse
1574 2635 1616 2682 est
1638 2628 1740 2683 mensis
1755 2630 1902 2683 secundus.
1922 2629 2078 2683 lleo-—-
2098 2653 2108 2663 -

1203 2736 1260 2775 sem
1281 2730 1373 2775 autem
1393 2720 1540 2775 seeundum
1564 2720 1621 2788 ipse
1643 2718 1741 2773 llaium
1766 2719 1841 2775 dicit.
1871 2719 1997 2790 Namque
2013 2727 2102 2770 ε)

1201 2810 1341 2882 apostolis,
1355 2826 1409 2880 qrto
1423 2809 1526 2863 Pascha
1549 2809 1711 2873 celebratur,
1736 2809 1901 2878 principium
1921 2826 2097 2864 theto-*-

1200 2901 1270 2955 sium
1284 2909 1344 2955 erat
1357 2901 1383 2952 in
1399 2899 1536 2954 mensibus
1550 2899 1623 2952 anni.
1638 2899 1677 2953 Ex
1691 2914 1745 2968 quo
1769 2898 1918 2954 manifeste
1943 2900 2090 2954 clam-

1201 3000 1244 3047 ret
1256 2992 1319 3062 quia
1333 3006 1406 3054 trior,
1420 2999 1530 3060 peracto
1548 2990 1663 3055 Pascha,
1688 2991 1771 3060 erepit
1790 2992 1930 3047 edificare
1950 2994 1997 3047 do
2019 3011 2083 3026 Λ

1200 3096 1274 3135 ntum
1289 3080 1427 3151 ⁸llomino;
1448 3088 1474 3133 et
1500 3089 1676 3134 consecratur
1696 3081 1808 3151 mystica
1822 3081 1997 3137 solemnitate
2035 3097 2070 3124 .-

1199 3170 1325 3241 populus,
1345 3171 1408 3239 quia
1420 3184 1530 3223 manum
1545 3168 1578 3223 ad
1602 3171 1744 3240 mysticum
1759 3185 1828 3240 opus
1849 3170 1939 3225 irrisit.
1955 3171 1998 3227 eu

1199 3273 1291 3318 autem
1301 3262 1328 3317 in
1340 3261 1442 3331 llegum
1454 3262 1679 3316 commemoratio
1689 3262 1855 3331 egressionis
1863 3277 1897 3317 eu
1910 3262 1999 3335 AEgy·

1199 3361 1256 3425 pto,
1286 3354 1393 3424 quando
1421 3354 1625 3408 tabernaculum
1655 3355 1782 3409 :edilleari
1806 3366 1931 3426 eoeptirm
1955 3368 1998 3413 est

1202 3537 1273 3591 inter
1290 3533 1496 3590 aedificationem
1517 3535 1659 3604 utriusque
1677 3537 1772 3592 domus
1793 3538 1951 3605 transierit,
1972 3550 2000 3594 et

1201 3626 1264 3681 huic
1277 3640 1385 3696 quoque
1401 3641 1513 3680 summae
1531 3626 1660 3695 leomeris
1683 3637 1885 3682 sacramentum
1904 3629 1999 3685 inesse

1200 3717 1319 3787 speciale
1334 3726 1489 3787 cognoscat.
1506 3716 1657 3771 Permansit
1674 3723 1764 3771 autem
1777 3716 1868 3773 cultos
1882 3728 1912 3773 et
1930 3721 1998 3775 reli·

1201 3808 1245 3878 gio
1270 3806 1436 3862 tahemaculi
1457 3822 1544 3860 annos
1557 3808 1770 3877 quadringentos
1793 3818 1821 3862 et
1838 3813 1997 3883 octoginta,

1200 3915 1232 3954 ac
1244 3900 1284 3954 sic
1300 3899 1426 3969 templum
1441 3899 1567 3953 aedificari
1583 3900 1685 3970 incipit.
1699 3898 1774 3966 Quod
1789 3910 1881 3956 autem
1895 3915 1999 3973 quiarto

1200 4005 1271 4045 anim
1292 3991 1364 4061 regis
1384 3989 1536 4046 Salomonis
1559 3990 1687 4046 aedificari
1714 4000 1801 4062 erepta
1827 4001 1873 4047 est
1895 3995 1999 4052 domus

1199 4082 1316 4145 Domini,
1335 4090 1425 4152 potest
1440 4096 1472 4135 eo
1486 4079 1581 4135 referri
1595 4082 1718 4151 mystice,
1734 4082 1806 4151 quod
1820 4091 1886 4153 post
1900 4085 1999 4155 exple-

1200 4179 1254 4223 tam
1266 4170 1494 4240 dispensationem
1509 4170 1657 4225 Donrinicae
1670 4171 1877 4238 lnoarnationis,
1889 4189 1956 4244 que
1970 4178 1998 4233 io

1198 4269 1314 4331 quatuor
1325 4261 1465 4331 Euangelii
1487 4261 1563 4315 libris
1577 4262 1679 4331 scripta
1694 4271 1744 4327 est,
1760 4263 1846 4317 misso
1858 4266 1893 4318 de
1916 4268 1999 4324 coelis

1199 4352 1299 4423 Spiritu
1315 4362 1419 4417 saneto,
1437 4351 1565 4406 Ecclesia
1579 4338 1714 4406 structura
1729 4353 1843 4422 eruperit
1859 4354 1934 4424 (Act.
1949 4359 1994 4427 n).

1198 4441 1232 4495 Et
1244 4440 1315 4510 quod
1341 4456 1434 4495 mense
1456 4443 1573 4496 secundo
1588 4451 1677 4512 coepta
1695 4452 1748 4507 est,
1765 4451 1856 4513 potest
1876 4449 1913 4503 ad
1941 4449 1999 4504 ele·

1198 4532 1315 4586 ctionem
1338 4531 1457 4601 gentium
1484 4531 1591 4595 relerri,
1617 4547 1678 4600 quie
1706 4533 1824 4588 seeundo
1846 4533 1909 4592 loeo
1933 4548 1996 4608 post

1197 4622 1280 4676 lsrael
1294 4622 1498 4676 aedificationem
1522 4623 1595 4678 inse
1619 4625 1660 4678 sui
1675 4639 1820 4694 suscepere
1838 4626 1990 4686 creatoris.

1199 4712 1274 4767 Unde
1292 4720 1319 4767 et
1339 4712 1472 4767 secundus
1487 4715 1588 4768 mensis
1608 4714 1636 4768 in
1652 4714 1710 4785 lege
1731 4730 1880 4774 concessus
1897 4729 1944 4776 est
1957 4724 1990 4776 ad

355 4802 390 4857 Et
402 4812 476 4857 reete
498 4816 575 4856 mons
590 4800 688 4866 llario,
702 4802 728 4854 id
742 4811 793 4865 est,
816 4804 920 4856 uisiouia
936 4814 1057 4869 uocatur,
1079 4806 1142 4874 quia
1156 4781 1183 4839 Ῑ)
1196 4799 1348 4856 laciendum
1360 4800 1464 4857 Pascha
1476 4803 1519 4858 his
1528 4804 1574 4872 qui
1587 4803 1719 4859 immundi
1731 4820 1813 4876 super
1826 4808 1934 4875 anima,
1950 4811 1987 4866 rel

354 4892 457 4949 eleetos
470 4908 545 4957 suos,
559 4907 627 4961 qnos
639 4893 672 4946 ad
689 4901 817 4947 aetemam
841 4910 896 4949 sua
919 4896 1050 4952 claritatis
1061 4898 1142 4954 risio-

348 4980 632 5044 commanenti
655 4980 707 5034 bac
727 4980 839 5035 interim
861 4983 916 5037 uita
939 4984 1091 5039 laborantes
1105 4988 1143 5039 ri-

354 5073 421 5127 dere
434 5078 462 5128 et
475 5072 604 5138 odjmare
619 5070 755 5140 dignatur.
771 5070 823 5138 Qui
842 5072 1042 5129 demonstratus
1054 5073 1142 5130 luerat

354 5160 441 5215 David
470 5161 541 5231 patri
567 5158 634 5227 ejus.
662 5159 792 5217 Ostensus
818 5178 934 5232 uanique
964 5174 1024 5219 erat
1044 5166 1138 5231 Dauid,

355 5251 428 5305 siout
438 5251 544 5305 caeteris
552 5252 698 5319 prophetis,
713 5262 843 5307 uenturus
862 5255 887 5308 in
901 5270 982 5310 carne
1001 5258 1140 5312 Dominus.

355 5339 429 5396 oeae
452 5340 521 5394 idem
543 5340 617 5395 locus
639 5341 667 5394 in
684 5353 818 5396 areaerat
834 5343 1141 5415 01·tranlebusui,qoia

351 5438 384 5485 et
403 5429 523 5485 Ecclesia
545 5445 616 5486 arere
630 5432 697 5486 solet
719 5431 850 5488 uocabulo
873 5436 1019 5505 designari,
1036 5437 1141 5493 dicente

354 5520 459 5576 doenne
471 5521 504 5574 de
522 5521 636 5575 Domino
648 5540 654 5573 :
666 5521 748 5590 Cujus
761 5523 931 5576 rentilnlrrom
946 5526 973 5577 iu
988 5542 1066 5579 niuno
1080 5544 1140 5592 suo,

354 5609 571 5680 etperorundohit
585 5626 675 5663 areum
691 5625 765 5663 suom
781 5610 890 5680 (illottlr.
907 5613 959 5684 itt).
976 5615 1077 5680 Onian,
1093 5618 1138 5685 qui

356 5700 548 5767 iuterpretatur
565 5697 741 5763 illuminatus,
752 5710 779 5753 et
794 5709 852 5754 erat
865 5702 973 5756 tratione
988 5702 1136 5770 lebusaeus,

355 5786 465 5842 ustione
484 5786 592 5856 qrt‘tdetn
614 5788 728 5857 gentiles
748 5789 891 5859 signilicat,
919 5808 1016 5846 tmmen
1048 5803 1137 5849 autem

354 5877 463 5938 eoerlera
478 5879 677 5934 illustrandosa
693 5881 806 5935 Donrirro
825 5892 904 5951 atque
919 5885 946 5937 in
966 5886 1034 5940 lilios
1046 5888 1138 5943 Eeele

353 5966 402 6022 sta
423 5970 627 6026 oemmotandos
652 5971 791 6038 ostendit,
817 5975 914 6043 quibus
945 5978 1043 6033 merito
1067 5981 1137 6035 dieat

1195 4890 1223 4944 in
1241 4890 1281 4944 rie
1294 4891 1388 4960 procul
1412 4893 1504 4961 positi,
1519 4894 1552 4947 ad
1575 4892 1727 4949 laciendum
1747 4897 1775 4950 in
1787 4898 1877 4965 primo
1896 4916 1986 4958 meuse

1196 4980 1299 5036 Pascha
1309 4996 1452 5037 occurrere
1463 4985 1603 5052 raequirent
1616 4983 1711 5056 (Num.
1721 4985 1770 5058 tx).
1784 4985 1836 5042 Ubi
1847 5004 1899 5044 nos
1909 5007 1986 5062 :iper-

1195 5073 1299 5128 tissiute
1313 5073 1446 5145 designati
1466 5090 1568 5159 sunaus,
1585 5077 1630 5145 qui
1651 5077 1781 5132 immundi
1797 5094 1880 5150 super
1899 5093 1984 5140 niorto

1195 5165 1292 5219 anime
1303 5175 1413 5229 nostrie,
1426 5174 1453 5220 et
1471 5168 1565 5235 ptroeul
1585 5168 1673 5224 adhuc
1692 5171 1773 5239 positi
1788 5185 1803 5223 a
1820 5174 1923 5243 populo
1940 5176 1984 5231 llei

1193 5273 1248 5311 non
1261 5258 1399 5327 potuimus
1414 5258 1530 5327 prirrutm
1545 5258 1648 5314 Pascha
1659 5260 1757 5325 lacere,
1772 5265 1844 5331 quod
1861 5265 1887 5319 in
1903 5281 1983 5322 earne

1194 5356 1222 5401 et
1244 5349 1375 5419 sanguine
1397 5348 1585 5419 liedemptoris
1613 5354 1710 5419 nostri,
1732 5368 1813 5422 aquo
1832 5358 1942 5425 quaesiti
1958 5370 1984 5415 et

1194 5439 1314 5494 mundati
1330 5454 1433 5501 sumus,
1446 5450 1536 5495 aetum
1550 5450 1601 5495 est.

1228 5530 1263 5584 Et
1283 5532 1340 5586 line
1364 5543 1422 5584 sunt
1437 5532 1608 5601 fundomruto
1627 5552 1685 5606 quie
1702 5536 1766 5606 jecit
1792 5536 1932 5604 Solonion,
1955 5552 1982 5595 ut

1193 5621 1336 5689 edificaret
1359 5623 1464 5675 dotatum
1491 5623 1605 5690 Douriui,
1636 5626 1806 5696 lonpt'tudinis
1828 5629 1930 5684 coalitos
1954 5631 1981 5684 iu

1193 5725 1313 5763 rnetrsuro
1336 5711 1420 5779 primu
1435 5711 1478 5775 lid,
1505 5711 1651 5767 latitudiuis
1669 5716 1768 5769 cubitos
1791 5716 1835 5770 ΞΟ.
1857 5716 1980 5772 Porticus

1192 5818 1251 5855 tero
1271 5812 1330 5855 onte
1348 5804 1469 5871 fratruum,
1494 5821 1553 5874 quic
1567 5807 1757 5863 tendebnttrriu
1776 5809 1881 5880 lonpum
1899 5811 1981 5880 juxto

1193 5909 1340 5945 ntcrtsnrant
1357 5892 1504 5947 latitudinis
1524 5897 1623 5950 crrbitos
1638 5897 1689 5962 ‘20;
1705 5916 1782 5968 porro
1800 5900 1913 5954 oltisudo
1930 5902 1980 5954 titt

1191 5982 1335 6034 cubitorum
1346 5993 1411 6036 eunt.
1429 5984 1547 6053 Denique
1562 5986 1588 6039 in
1601 5986 1670 6042 libro
1683 5987 1786 6061 llegurn
1801 5990 1835 6044 de
1850 6007 1979 6047 ntensura
