<?xml version="1.0" encoding="UTF-8"?>
<!DOCTYPE html PUBLIC "-//W3C//DTD XHTML 1.0 Transitional//EN"
    "http://www.w3.org/TR/xhtml1/DTD/xhtml1-transitional.dtd">
<html xmlns="http://www.w3.org/1999/xhtml" xml:lang="en" lang="en">
 <head>
  <title>
</title>
<meta http-equiv="Content-Type" content="text/html;charset=utf-8" />
  <meta name='ocr-system' content='tesseract 3.04.00' />
  <meta name='ocr-capabilities' content='ocr_page ocr_carea ocr_par ocr_line ocrx_word'/>
</head>
<body>
  <div class='ocr_page' id='page_1' title='image "./patrologiaecurs90unkngoog_0300.png"; bbox 0 0 4709 6767; ppageno 0'>
   <div class='ocr_carea' id='block_1_1' title="bbox 354 603 1988 677">
    <p class='ocr_par' dir='ltr' id='par_1_1' title="bbox 354 603 1988 677">
     <span class='ocr_line' id='line_1_1' title="bbox 354 603 1988 677; baseline -0.009 0"><span class='ocrx_word' id='word_1_1' title='bbox 354 620 404 677; x_wconf 80' lang='grc'><strong>591</strong></span> <span class='ocrx_word' id='word_1_2' title='bbox 672 615 706 670; x_wconf 82' lang='lat' dir='ltr'><strong>tt.</strong></span> <span class='ocrx_word' id='word_1_3' title='bbox 727 613 858 670; x_wconf 72' lang='lat' dir='ltr'><strong>llhllANl&#39;</strong></span> <span class='ocrx_word' id='word_1_4' title='bbox 873 612 982 670; x_wconf 74' lang='lat' dir='ltr'><strong>‚llrlUlll</strong></span> <span class='ocrx_word' id='word_1_5' title='bbox 1002 611 1163 668; x_wconf 69' lang='lat' dir='ltr'><strong>hatthui).</strong></span> <span class='ocrx_word' id='word_1_6' title='bbox 1185 607 1340 667; x_wconf 73' lang='lat' dir='ltr'><strong>student.</strong></span> <span class='ocrx_word' id='word_1_7' title='bbox 1361 606 1504 663; x_wconf 75' lang='lat' dir='ltr'><strong>ernnust</strong></span> <span class='ocrx_word' id='word_1_8' title='bbox 1524 604 1615 661; x_wconf 70' lang='lat' dir='ltr'>PARS</span> <span class='ocrx_word' id='word_1_9' title='bbox 1632 605 1652 660; x_wconf 84' lang='lat' dir='ltr'><strong>l.</strong></span> <span class='ocrx_word' id='word_1_10' title='bbox 1937 603 1988 662; x_wconf 75' lang='lat'><strong>592</strong></span> 
     </span>
    </p>
   </div>
   <div class='ocr_carea' id='block_1_2' title="bbox 349 715 2000 3445">
    <p class='ocr_par' dir='ltr' id='par_1_2' title="bbox 349 715 2000 2807">
     <span class='ocr_line' id='line_1_2' title="bbox 349 715 1996 797; baseline -0.007 -10"><span class='ocrx_word' id='word_1_11' title='bbox 349 745 441 787; x_wconf 86' lang='lat' dir='ltr'><strong>utrum</strong></span> <span class='ocrx_word' id='word_1_12' title='bbox 453 728 535 786; x_wconf 69' lang='lat' dir='ltr'><strong>mmm</strong></span> <span class='ocrx_word' id='word_1_13' title='bbox 549 736 696 797; x_wconf 86' lang='lat' dir='ltr'><strong>properant</strong></span> <span class='ocrx_word' id='word_1_14' title='bbox 709 727 815 793; x_wconf 88' lang='lat' dir='ltr'><strong>ornuia;</strong></span> <span class='ocrx_word' id='word_1_15' title='bbox 831 735 904 781; x_wconf 89' lang='lat' dir='ltr'><strong>tcrrn</strong></span> <span class='ocrx_word' id='word_1_16' title='bbox 915 725 997 781; x_wconf 90' lang='lat' dir='ltr'><strong>ctiam</strong></span> <span class='ocrx_word' id='word_1_17' title='bbox 1011 724 1148 795; x_wconf 79' lang='lat' dir='ltr'><strong>sepultura</strong></span> <span class='ocrx_word' id='word_1_18' title='bbox 1162 728 1188 787; x_wconf 77' lang='grc' dir='ltr'>Α</span> <span class='ocrx_word' id='word_1_19' title='bbox 1201 721 1301 777; x_wconf 85' lang='lat' dir='ltr'><strong>festum</strong></span> <span class='ocrx_word' id='word_1_20' title='bbox 1314 728 1370 785; x_wconf 90' lang='lat' dir='ltr'><strong>est,</strong></span> <span class='ocrx_word' id='word_1_21' title='bbox 1386 718 1459 789; x_wconf 82' lang='lat' dir='ltr'><strong>quod</strong></span> <span class='ocrx_word' id='word_1_22' title='bbox 1473 719 1563 774; x_wconf 93' lang='lat' dir='ltr'><strong>nullus</strong></span> <span class='ocrx_word' id='word_1_23' title='bbox 1576 718 1677 773; x_wconf 86' lang='lat' dir='ltr'><strong>electos</strong></span> <span class='ocrx_word' id='word_1_24' title='bbox 1696 716 1742 773; x_wconf 85' lang='lat' dir='ltr'><strong>[lei</strong></span> <span class='ocrx_word' id='word_1_25' title='bbox 1762 717 1791 773; x_wconf 91' lang='lat' dir='ltr'><strong>in</strong></span> <span class='ocrx_word' id='word_1_26' title='bbox 1805 716 1935 789; x_wconf 80' lang='lat' dir='ltr'><strong>praesenti</strong></span> <span class='ocrx_word' id='word_1_27' title='bbox 1948 715 1996 775; x_wconf 72' lang='lat' dir='ltr'><strong>lie·</strong></span> 
     </span>
     <span class='ocr_line' id='line_1_3' title="bbox 356 805 1998 880; baseline -0.007 -3"><span class='ocrx_word' id='word_1_28' title='bbox 356 819 508 877; x_wconf 87' lang='lat' dir='ltr'><strong>communis</strong></span> <span class='ocrx_word' id='word_1_29' title='bbox 529 826 572 873; x_wconf 89' lang='lat' dir='ltr'><strong>cst</strong></span> <span class='ocrx_word' id='word_1_30' title='bbox 592 817 723 873; x_wconf 89' lang='lat' dir='ltr'><strong>honorum</strong></span> <span class='ocrx_word' id='word_1_31' title='bbox 747 826 775 872; x_wconf 90' lang='lat' dir='ltr'><strong>et</strong></span> <span class='ocrx_word' id='word_1_32' title='bbox 798 817 941 872; x_wconf 90' lang='lat' dir='ltr'><strong>malormn.</strong></span> <span class='ocrx_word' id='word_1_33' title='bbox 966 815 1030 872; x_wconf 86' lang='lat' dir='ltr'><strong>Sive</strong></span> <span class='ocrx_word' id='word_1_34' title='bbox 1053 815 1149 871; x_wconf 77' lang='lat' dir='ltr'>altiore</span> <span class='ocrx_word' id='word_1_35' title='bbox 1201 814 1282 870; x_wconf 84' lang='lat' dir='ltr'><strong>clesia</strong></span> <span class='ocrx_word' id='word_1_36' title='bbox 1297 827 1394 868; x_wconf 88' lang='lat' dir='ltr'><strong>nocere</strong></span> <span class='ocrx_word' id='word_1_37' title='bbox 1407 810 1637 880; x_wconf 88' lang='lat' dir='ltr'><strong>fundituspossit;</strong></span> <span class='ocrx_word' id='word_1_38' title='bbox 1653 810 1739 870; x_wconf 86' lang='lat' dir='ltr'><strong>idest,</strong></span> <span class='ocrx_word' id='word_1_39' title='bbox 1751 822 1841 879; x_wconf 86' lang='lat' dir='ltr'><strong>usque</strong></span> <span class='ocrx_word' id='word_1_40' title='bbox 1855 805 1890 862; x_wconf 90' lang='lat' dir='ltr'><strong>ad</strong></span> <span class='ocrx_word' id='word_1_41' title='bbox 1902 809 1998 865; x_wconf 69' lang='lat' dir='ltr'><strong>auitae</strong></span> 
     </span>
     <span class='ocr_line' id='line_1_4' title="bbox 356 899 1998 976; baseline -0.007 -9"><span class='ocrx_word' id='word_1_42' title='bbox 356 924 438 967; x_wconf 89' lang='lat' dir='ltr'><strong>sensu</strong></span> <span class='ocrx_word' id='word_1_43' title='bbox 462 907 587 964; x_wconf 56' lang='lat' dir='ltr'><strong>morta</strong></span> <span class='ocrx_word' id='word_1_44' title='bbox 610 921 644 962; x_wconf 84' lang='lat' dir='ltr'><strong>sc</strong></span> <span class='ocrx_word' id='word_1_45' title='bbox 665 905 771 976; x_wconf 86' lang='lat' dir='ltr'><strong>sepulta</strong></span> <span class='ocrx_word' id='word_1_46' title='bbox 794 905 886 962; x_wconf 80' lang='lat' dir='ltr'><strong>iudith</strong></span> <span class='ocrx_word' id='word_1_47' title='bbox 911 922 972 962; x_wconf 91' lang='lat' dir='ltr'><strong>cum</strong></span> <span class='ocrx_word' id='word_1_48' title='bbox 997 901 1147 971; x_wconf 84' lang='lat' dir='ltr'><strong>viro&#39;suo,</strong></span> <span class='ocrx_word' id='word_1_49' title='bbox 1201 906 1339 962; x_wconf 87' lang='lat' dir='ltr'><strong>interitum</strong></span> <span class='ocrx_word' id='word_1_50' title='bbox 1350 904 1512 975; x_wconf 74' lang='lat' dir='ltr'><strong>portingere.</strong></span> <span class='ocrx_word' id='word_1_51' title='bbox 1528 902 1605 958; x_wconf 90' lang='lat' dir='ltr'><strong>Unde</strong></span> <span class='ocrx_word' id='word_1_52' title='bbox 1618 901 1676 971; x_wconf 85' lang='lat' dir='ltr'><strong>ipsa</strong></span> <span class='ocrx_word' id='word_1_53' title='bbox 1688 901 1795 957; x_wconf 80' lang='lat' dir='ltr'><strong>Veritas</strong></span> <span class='ocrx_word' id='word_1_54' title='bbox 1807 900 1836 955; x_wconf 89' lang='lat' dir='ltr'><strong>in</strong></span> <span class='ocrx_word' id='word_1_55' title='bbox 1850 899 1998 973; x_wconf 64' lang='lat' dir='ltr'><strong>Evangelio</strong></span> 
     </span>
     <span class='ocr_line' id='line_1_5' title="bbox 356 991 1997 1071; baseline -0.004 -18"><span class='ocrx_word' id='word_1_56' title='bbox 356 998 464 1071; x_wconf 81' lang='lat' dir='ltr'><strong>quarrdo</strong></span> <span class='ocrx_word' id='word_1_57' title='bbox 486 996 606 1053; x_wconf 73' lang='lat' dir='ltr'><strong>Ecclesia</strong></span> <span class='ocrx_word' id='word_1_58' title='bbox 621 996 648 1051; x_wconf 91' lang='lat' dir='ltr'><strong>in</strong></span> <span class='ocrx_word' id='word_1_59' title='bbox 665 995 829 1066; x_wconf 80' lang='lat' dir='ltr'><strong>baptismate</strong></span> <span class='ocrx_word' id='word_1_60' title='bbox 842 993 1148 1059; x_wconf 84' lang='lat' dir='ltr'><strong>convnmriturChristo,</strong></span> <span class='ocrx_word' id='word_1_61' title='bbox 1202 996 1240 1051; x_wconf 91' lang='lat' dir='ltr'><strong>ait</strong></span> <span class='ocrx_word' id='word_1_62' title='bbox 1256 1014 1262 1049; x_wconf 94' lang='lat'><strong>:</strong></span> <span class='ocrx_word' id='word_1_63' title='bbox 1281 1015 1290 1047; x_wconf 78' lang='lat' dir='ltr'><strong>r</strong></span> <span class='ocrx_word' id='word_1_64' title='bbox 1308 995 1395 1051; x_wconf 88' lang='lat' dir='ltr'><strong>flmne</strong></span> <span class='ocrx_word' id='word_1_65' title='bbox 1411 995 1482 1063; x_wconf 82' lang='lat' dir='ltr'><strong>quod</strong></span> <span class='ocrx_word' id='word_1_66' title='bbox 1497 993 1570 1048; x_wconf 86' lang='lat' dir='ltr'><strong>dedit</strong></span> <span class='ocrx_word' id='word_1_67' title='bbox 1583 992 1650 1047; x_wconf 92' lang='lat' dir='ltr'><strong>mihi</strong></span> <span class='ocrx_word' id='word_1_68' title='bbox 1670 991 1762 1057; x_wconf 87' lang='lat' dir='ltr'><strong>Pater,</strong></span> <span class='ocrx_word' id='word_1_69' title='bbox 1781 993 1815 1048; x_wconf 89' lang='lat' dir='ltr'><strong>ad</strong></span> <span class='ocrx_word' id='word_1_70' title='bbox 1835 1006 1881 1047; x_wconf 88' lang='lat' dir='ltr'><strong>ure</strong></span> <span class='ocrx_word' id='word_1_71' title='bbox 1897 992 1997 1059; x_wconf 85' lang='lat' dir='ltr'><strong>veniet,</strong></span> 
     </span>
     <span class='ocr_line' id='line_1_6' title="bbox 356 1083 2000 1163; baseline -0.005 -14"><span class='ocrx_word' id='word_1_72' title='bbox 356 1103 387 1149; x_wconf 87' lang='lat' dir='ltr'><strong>ut</strong></span> <span class='ocrx_word' id='word_1_73' title='bbox 399 1099 522 1163; x_wconf 74' lang='lat' dir='ltr'><strong>resurgat</strong></span> <span class='ocrx_word' id='word_1_74' title='bbox 534 1104 595 1146; x_wconf 91' lang='lat' dir='ltr'><strong>cum</strong></span> <span class='ocrx_word' id='word_1_75' title='bbox 615 1089 684 1160; x_wconf 89' lang='lat' dir='ltr'><strong>ipso.</strong></span> <span class='ocrx_word' id='word_1_76' title='bbox 706 1089 781 1145; x_wconf 84' lang='lat' dir='ltr'>Unde</span> <span class='ocrx_word' id='word_1_77' title='bbox 794 1089 859 1144; x_wconf 90' lang='lat' dir='ltr'><strong>dicit</strong></span> <span class='ocrx_word' id='word_1_78' title='bbox 871 1088 1037 1159; x_wconf 70' lang='lat' dir='ltr'><strong>Apostolus:</strong></span> <span class='ocrx_word' id='word_1_79' title='bbox 1053 1106 1063 1138; x_wconf 78' lang='lat' dir='ltr'><strong>r</strong></span> <span class='ocrx_word' id='word_1_80' title='bbox 1081 1086 1152 1143; x_wconf 84' lang='lat' dir='ltr'><strong>Gon·</strong></span> <span class='ocrx_word' id='word_1_81' title='bbox 1202 1097 1230 1144; x_wconf 88' lang='lat' dir='ltr'><strong>et</strong></span> <span class='ocrx_word' id='word_1_82' title='bbox 1251 1102 1313 1143; x_wconf 88' lang='lat' dir='ltr'><strong>euru</strong></span> <span class='ocrx_word' id='word_1_83' title='bbox 1332 1087 1473 1156; x_wconf 83' lang='lat' dir='ltr'><strong>qui-venit</strong></span> <span class='ocrx_word' id='word_1_84' title='bbox 1494 1087 1528 1142; x_wconf 90' lang='lat' dir='ltr'><strong>ad</strong></span> <span class='ocrx_word' id='word_1_85' title='bbox 1549 1100 1603 1151; x_wconf 89' lang='lat' dir='ltr'><strong>mc,</strong></span> <span class='ocrx_word' id='word_1_86' title='bbox 1627 1100 1680 1140; x_wconf 91' lang='lat' dir='ltr'><strong>uon</strong></span> <span class='ocrx_word' id='word_1_87' title='bbox 1702 1083 1809 1153; x_wconf 80' lang='lat' dir='ltr'><strong>ejiciam</strong></span> <span class='ocrx_word' id='word_1_88' title='bbox 1830 1084 1917 1141; x_wconf 75' lang='lat' dir='ltr'><strong>foras.</strong></span> <span class='ocrx_word' id='word_1_89' title='bbox 1936 1104 1948 1139; x_wconf 80' lang='lat' dir='ltr'><strong>s</strong></span> <span class='ocrx_word' id='word_1_90' title='bbox 1969 1085 2000 1141; x_wconf 80' lang='lat' dir='ltr'><strong>Et</strong></span> 
     </span>
     <span class='ocr_line' id='line_1_7' title="bbox 356 1174 1999 1254; baseline -0.003 -14"><span class='ocrx_word' id='word_1_91' title='bbox 356 1181 452 1254; x_wconf 86' lang='lat' dir='ltr'><strong>sepulti</strong></span> <span class='ocrx_word' id='word_1_92' title='bbox 466 1181 538 1237; x_wconf 92' lang='lat' dir='ltr'><strong>enim</strong></span> <span class='ocrx_word' id='word_1_93' title='bbox 550 1196 645 1236; x_wconf 90' lang='lat' dir='ltr'><strong>sumus</strong></span> <span class='ocrx_word' id='word_1_94' title='bbox 657 1195 719 1236; x_wconf 89' lang='lat' dir='ltr'><strong>cum</strong></span> <span class='ocrx_word' id='word_1_95' title='bbox 733 1179 779 1234; x_wconf 90' lang='lat' dir='ltr'><strong>illo</strong></span> <span class='ocrx_word' id='word_1_96' title='bbox 789 1193 838 1248; x_wconf 84' lang='lat' dir='ltr'><strong>per</strong></span> <span class='ocrx_word' id='word_1_97' title='bbox 852 1177 1016 1251; x_wconf 86' lang='lat' dir='ltr'><strong>baptismum</strong></span> <span class='ocrx_word' id='word_1_98' title='bbox 1037 1179 1063 1233; x_wconf 92' lang='lat' dir='ltr'><strong>in</strong></span> <span class='ocrx_word' id='word_1_99' title='bbox 1078 1193 1151 1233; x_wconf 91' lang='lat' dir='ltr'><strong>mor·</strong></span> <span class='ocrx_word' id='word_1_100' title='bbox 1202 1178 1288 1233; x_wconf 85' lang='lat' dir='ltr'><strong>itcru;</strong></span> <span class='ocrx_word' id='word_1_101' title='bbox 1309 1196 1317 1229; x_wconf 84' lang='grc' dir='ltr'><strong>ι</strong></span> <span class='ocrx_word' id='word_1_102' title='bbox 1334 1176 1386 1245; x_wconf 85' lang='lat' dir='ltr'><strong>Qui</strong></span> <span class='ocrx_word' id='word_1_103' title='bbox 1400 1178 1512 1232; x_wconf 80' lang='lat' dir='ltr'><strong>veritum</strong></span> <span class='ocrx_word' id='word_1_104' title='bbox 1534 1190 1623 1230; x_wconf 90' lang='lat' dir='ltr'><strong>meum</strong></span> <span class='ocrx_word' id='word_1_105' title='bbox 1644 1174 1735 1240; x_wconf 88' lang='lat' dir='ltr'><strong>audit,</strong></span> <span class='ocrx_word' id='word_1_106' title='bbox 1757 1183 1785 1230; x_wconf 92' lang='lat' dir='ltr'><strong>et</strong></span> <span class='ocrx_word' id='word_1_107' title='bbox 1804 1175 1892 1231; x_wconf 90' lang='lat' dir='ltr'><strong>credit</strong></span> <span class='ocrx_word' id='word_1_108' title='bbox 1908 1176 1935 1232; x_wconf 88' lang='lat' dir='ltr'><strong>ei</strong></span> <span class='ocrx_word' id='word_1_109' title='bbox 1955 1178 1999 1249; x_wconf 80' lang='lat' dir='ltr'><strong>qni</strong></span> 
     </span>
     <span class='ocr_line' id='line_1_8' title="bbox 357 1266 1999 1344; baseline -0.002 -16"><span class='ocrx_word' id='word_1_110' title='bbox 357 1283 426 1339; x_wconf 65' lang='lat' dir='ltr'><strong>teuc</strong></span> <span class='ocrx_word' id='word_1_111' title='bbox 450 1281 480 1329; x_wconf 91' lang='lat' dir='ltr'><strong>ot</strong></span> <span class='ocrx_word' id='word_1_112' title='bbox 499 1272 634 1344; x_wconf 82' lang='lat' dir='ltr'><strong>quomodo</strong></span> <span class='ocrx_word' id='word_1_113' title='bbox 654 1271 803 1328; x_wconf 78' lang='lat' dir='ltr'><strong>resurrexit</strong></span> <span class='ocrx_word' id='word_1_114' title='bbox 817 1270 942 1327; x_wconf 84' lang='lat' dir='ltr'><strong>Christus</strong></span> <span class='ocrx_word' id='word_1_115' title='bbox 964 1279 1082 1326; x_wconf 86' lang='lat' dir='ltr'><strong>amortc</strong></span> <span class='ocrx_word' id='word_1_116' title='bbox 1103 1283 1152 1340; x_wconf 91' lang='lat' dir='ltr'><strong>per</strong></span> <span class='ocrx_word' id='word_1_117' title='bbox 1202 1267 1343 1330; x_wconf 79' lang='lat' dir='ltr'><strong>meminit,</strong></span> <span class='ocrx_word' id='word_1_118' title='bbox 1360 1266 1698 1330; x_wconf 78' lang='lat' dir='ltr'><strong>fraterrimnratornam,</strong></span> <span class='ocrx_word' id='word_1_119' title='bbox 1713 1275 1741 1322; x_wconf 91' lang='lat' dir='ltr'><strong>et</strong></span> <span class='ocrx_word' id='word_1_120' title='bbox 1758 1266 1932 1337; x_wconf 81' lang='lat' dir='ltr'><strong>injudicivtm</strong></span> <span class='ocrx_word' id='word_1_121' title='bbox 1948 1283 1999 1324; x_wconf 81' lang='lat' dir='ltr'><strong>non</strong></span> 
     </span>
     <span class='ocr_line' id='line_1_9' title="bbox 356 1350 2000 1435; baseline -0.004 -17"><span class='ocrx_word' id='word_1_122' title='bbox 356 1364 471 1435; x_wconf 78' lang='lat' dir='ltr'><strong>gloriam</strong></span> <span class='ocrx_word' id='word_1_123' title='bbox 490 1363 595 1428; x_wconf 88' lang='lat' dir='ltr'><strong>Patris,</strong></span> <span class='ocrx_word' id='word_1_124' title='bbox 618 1364 655 1417; x_wconf 91' lang='lat' dir='ltr'><strong>ita</strong></span> <span class='ocrx_word' id='word_1_125' title='bbox 673 1369 701 1417; x_wconf 92' lang='lat' dir='ltr'><strong>et</strong></span> <span class='ocrx_word' id='word_1_126' title='bbox 720 1376 770 1417; x_wconf 88' lang='lat' dir='ltr'><strong>uos</strong></span> <span class='ocrx_word' id='word_1_127' title='bbox 787 1361 814 1415; x_wconf 91' lang='lat' dir='ltr'><strong>in</strong></span> <span class='ocrx_word' id='word_1_128' title='bbox 835 1362 956 1417; x_wconf 86' lang='lat' dir='ltr'><strong>novitate</strong></span> <span class='ocrx_word' id='word_1_129' title='bbox 976 1362 1038 1417; x_wconf 75' lang='lat' dir='ltr'><strong>vite</strong></span> <span class='ocrx_word' id='word_1_130' title='bbox 1053 1362 1152 1416; x_wconf 82' lang='lat' dir='ltr'><strong>attritu·</strong></span> <span class='ocrx_word' id='word_1_131' title='bbox 1203 1358 1288 1424; x_wconf 91' lang='lat' dir='ltr'><strong>veuit,</strong></span> <span class='ocrx_word' id='word_1_132' title='bbox 1301 1356 1348 1412; x_wconf 87' lang='lat' dir='ltr'><strong>sed</strong></span> <span class='ocrx_word' id='word_1_133' title='bbox 1364 1356 1468 1412; x_wconf 90' lang='lat' dir='ltr'><strong>transiit</strong></span> <span class='ocrx_word' id='word_1_134' title='bbox 1488 1371 1503 1410; x_wconf 89' lang='lat' dir='ltr'><strong>a</strong></span> <span class='ocrx_word' id='word_1_135' title='bbox 1518 1365 1605 1412; x_wconf 78' lang='lat' dir='ltr'><strong>intorte</strong></span> <span class='ocrx_word' id='word_1_136' title='bbox 1621 1356 1650 1411; x_wconf 91' lang='lat' dir='ltr'><strong>in</strong></span> <span class='ocrx_word' id='word_1_137' title='bbox 1666 1350 1759 1412; x_wconf 76' lang='lat' dir='ltr'><strong>litam.</strong></span> <span class='ocrx_word' id='word_1_138' title='bbox 1779 1376 1788 1410; x_wconf 84' lang='lat' dir='ltr'><strong>r</strong></span> <span class='ocrx_word' id='word_1_139' title='bbox 1806 1356 1876 1413; x_wconf 89' lang='lat' dir='ltr'><strong>llinr</strong></span> <span class='ocrx_word' id='word_1_140' title='bbox 1891 1357 2000 1430; x_wconf 87' lang='lat' dir='ltr'><strong>etflpn-</strong></span> 
     </span>
     <span class='ocr_line' id='line_1_10' title="bbox 356 1449 1999 1529; baseline -0.002 -17"><span class='ocrx_word' id='word_1_141' title='bbox 356 1458 444 1514; x_wconf 88' lang='lat' dir='ltr'><strong>lcutus</strong></span> <span class='ocrx_word' id='word_1_142' title='bbox 456 1456 547 1529; x_wconf 75' lang='lat' dir='ltr'><strong>(floron</strong></span> <span class='ocrx_word' id='word_1_143' title='bbox 560 1455 609 1529; x_wconf 84' lang='lat' dir='ltr'><strong>vr).</strong></span> <span class='ocrx_word' id='word_1_144' title='bbox 629 1475 639 1507; x_wconf 79' lang='lat' dir='ltr'><strong>s</strong></span> <span class='ocrx_word' id='word_1_145' title='bbox 1203 1451 1289 1508; x_wconf 90' lang='lat' dir='ltr'><strong>stolus</strong></span> <span class='ocrx_word' id='word_1_146' title='bbox 1303 1452 1341 1505; x_wconf 87' lang='lat' dir='ltr'><strong>ait</strong></span> <span class='ocrx_word' id='word_1_147' title='bbox 1355 1468 1362 1505; x_wconf 91' lang='lat'><strong>:</strong></span> <span class='ocrx_word' id='word_1_148' title='bbox 1383 1468 1393 1502; x_wconf 85' lang='lat' dir='ltr'><strong>r</strong></span> <span class='ocrx_word' id='word_1_149' title='bbox 1410 1450 1484 1517; x_wconf 84' lang='lat' dir='ltr'><strong>Qtros</strong></span> <span class='ocrx_word' id='word_1_150' title='bbox 1496 1458 1586 1504; x_wconf 91' lang='lat' dir='ltr'><strong>autem</strong></span> <span class='ocrx_word' id='word_1_151' title='bbox 1605 1449 1821 1520; x_wconf 60' lang='lat' dir='ltr'><strong>praedestinavit,</strong></span> <span class='ocrx_word' id='word_1_152' title='bbox 1846 1451 1898 1507; x_wconf 84' lang='lat' dir='ltr'><strong>hos</strong></span> <span class='ocrx_word' id='word_1_153' title='bbox 1913 1459 1944 1507; x_wconf 86' lang='lat' dir='ltr'><strong>et</strong></span> <span class='ocrx_word' id='word_1_154' title='bbox 1955 1467 1999 1509; x_wconf 86' lang='lat' dir='ltr'><strong>vo·</strong></span> 
     </span>
     <span class='ocr_line' id='line_1_11' title="bbox 397 1539 1999 1618; baseline -0.001 -18"><span class='ocrx_word' id='word_1_155' title='bbox 397 1569 405 1600; x_wconf 77' lang='grc' dir='ltr'><strong>ι</strong></span> <span class='ocrx_word' id='word_1_156' title='bbox 425 1547 560 1618; x_wconf 80' lang='lat' dir='ltr'><strong>luxitque</strong></span> <span class='ocrx_word' id='word_1_157' title='bbox 575 1546 647 1602; x_wconf 85' lang='lat' dir='ltr'><strong>illurn</strong></span> <span class='ocrx_word' id='word_1_158' title='bbox 662 1547 751 1603; x_wconf 84' lang='lat' dir='ltr'><strong>omnis</strong></span> <span class='ocrx_word' id='word_1_159' title='bbox 771 1545 887 1618; x_wconf 93' lang='lat' dir='ltr'><strong>populus</strong></span> <span class='ocrx_word' id='word_1_160' title='bbox 900 1544 996 1601; x_wconf 88' lang='lat' dir='ltr'><strong>diebus</strong></span> <span class='ocrx_word' id='word_1_161' title='bbox 1009 1551 1121 1614; x_wconf 82' lang='lat' dir='ltr'><strong>septem.</strong></span> <span class='ocrx_word' id='word_1_162' title='bbox 1140 1562 1149 1596; x_wconf 85' lang='lat' dir='ltr'><strong>r</strong></span> <span class='ocrx_word' id='word_1_163' title='bbox 1204 1543 1291 1611; x_wconf 86' lang='lat' dir='ltr'><strong>cavit;</strong></span> <span class='ocrx_word' id='word_1_164' title='bbox 1306 1552 1334 1600; x_wconf 91' lang='lat' dir='ltr'><strong>et</strong></span> <span class='ocrx_word' id='word_1_165' title='bbox 1351 1557 1420 1613; x_wconf 81' lang='lat' dir='ltr'><strong>quos</strong></span> <span class='ocrx_word' id='word_1_166' title='bbox 1433 1540 1555 1606; x_wconf 84' lang='lat' dir='ltr'><strong>vocavit,</strong></span> <span class='ocrx_word' id='word_1_167' title='bbox 1568 1539 1620 1596; x_wconf 89' lang='lat' dir='ltr'><strong>hos</strong></span> <span class='ocrx_word' id='word_1_168' title='bbox 1631 1547 1659 1596; x_wconf 91' lang='lat' dir='ltr'><strong>et</strong></span> <span class='ocrx_word' id='word_1_169' title='bbox 1676 1539 1854 1609; x_wconf 78' lang='lat' dir='ltr'><strong>justificavi13</strong></span> <span class='ocrx_word' id='word_1_170' title='bbox 1868 1556 1939 1613; x_wconf 81' lang='lat' dir='ltr'><strong>quos</strong></span> <span class='ocrx_word' id='word_1_171' title='bbox 1955 1557 1999 1597; x_wconf 82' lang='lat' dir='ltr'><strong>su·</strong></span> 
     </span>
     <span class='ocr_line' id='line_1_12' title="bbox 359 1631 1999 1709; baseline -0.003 -14"><span class='ocrx_word' id='word_1_172' title='bbox 359 1639 429 1708; x_wconf 72' lang='lat' dir='ltr'><strong>Quid</strong></span> <span class='ocrx_word' id='word_1_173' title='bbox 448 1648 490 1694; x_wconf 88' lang='lat' dir='ltr'><strong>cst</strong></span> <span class='ocrx_word' id='word_1_174' title='bbox 509 1638 584 1707; x_wconf 82' lang='lat' dir='ltr'><strong>quod</strong></span> <span class='ocrx_word' id='word_1_175' title='bbox 605 1638 695 1694; x_wconf 87' lang='lat' dir='ltr'><strong>curnis</strong></span> <span class='ocrx_word' id='word_1_176' title='bbox 707 1637 821 1709; x_wconf 88' lang='lat' dir='ltr'><strong>populus</strong></span> <span class='ocrx_word' id='word_1_177' title='bbox 835 1650 885 1706; x_wconf 89' lang='lat' dir='ltr'><strong>pro</strong></span> <span class='ocrx_word' id='word_1_178' title='bbox 900 1643 986 1691; x_wconf 90' lang='lat' dir='ltr'><strong>morte</strong></span> <span class='ocrx_word' id='word_1_179' title='bbox 999 1633 1092 1690; x_wconf 79' lang='lat' dir='ltr'><strong>iudith</strong></span> <span class='ocrx_word' id='word_1_180' title='bbox 1113 1632 1153 1688; x_wconf 94' lang='lat' dir='ltr'><strong>lu·</strong></span> <span class='ocrx_word' id='word_1_181' title='bbox 1204 1646 1258 1692; x_wconf 90' lang='lat' dir='ltr'><strong>tem</strong></span> <span class='ocrx_word' id='word_1_182' title='bbox 1267 1633 1437 1704; x_wconf 72' lang='lat' dir='ltr'><strong>justificavit,</strong></span> <span class='ocrx_word' id='word_1_183' title='bbox 1453 1631 1514 1687; x_wconf 89' lang='lat' dir='ltr'><strong>illos</strong></span> <span class='ocrx_word' id='word_1_184' title='bbox 1528 1640 1556 1687; x_wconf 91' lang='lat' dir='ltr'><strong>et</strong></span> <span class='ocrx_word' id='word_1_185' title='bbox 1567 1631 1737 1703; x_wconf 79' lang='lat' dir='ltr'><strong>glorificavit.</strong></span> <span class='ocrx_word' id='word_1_186' title='bbox 1757 1631 1786 1687; x_wconf 85' lang='lat' dir='ltr'><strong>Si</strong></span> <span class='ocrx_word' id='word_1_187' title='bbox 1801 1632 1875 1688; x_wconf 84' lang='lat' dir='ltr'><strong>[leus</strong></span> <span class='ocrx_word' id='word_1_188' title='bbox 1889 1647 1941 1704; x_wconf 92' lang='lat' dir='ltr'><strong>pro</strong></span> <span class='ocrx_word' id='word_1_189' title='bbox 1955 1649 1999 1690; x_wconf 94' lang='lat' dir='ltr'><strong>no·</strong></span> 
     </span>
     <span class='ocr_line' id='line_1_13' title="bbox 359 1724 1998 1802; baseline -0.001 -18"><span class='ocrx_word' id='word_1_190' title='bbox 359 1740 421 1802; x_wconf 74' lang='lat' dir='ltr'><strong>gest</strong></span> <span class='ocrx_word' id='word_1_191' title='bbox 434 1729 530 1786; x_wconf 86' lang='lat' dir='ltr'><strong>diebus</strong></span> <span class='ocrx_word' id='word_1_192' title='bbox 547 1738 665 1800; x_wconf 84' lang='lat' dir='ltr'><strong>septem,</strong></span> <span class='ocrx_word' id='word_1_193' title='bbox 686 1730 738 1785; x_wconf 88' lang='lat' dir='ltr'><strong>nisi</strong></span> <span class='ocrx_word' id='word_1_194' title='bbox 752 1728 823 1800; x_wconf 87' lang='lat' dir='ltr'><strong>quod</strong></span> <span class='ocrx_word' id='word_1_195' title='bbox 842 1728 921 1785; x_wconf 89' lang='lat' dir='ltr'><strong>electi</strong></span> <span class='ocrx_word' id='word_1_196' title='bbox 941 1728 987 1783; x_wconf 83' lang='lat' dir='ltr'><strong>hot</strong></span> <span class='ocrx_word' id='word_1_197' title='bbox 1008 1743 1057 1798; x_wconf 90' lang='lat' dir='ltr'><strong>per</strong></span> <span class='ocrx_word' id='word_1_198' title='bbox 1073 1742 1155 1783; x_wconf 90' lang='lat' dir='ltr'><strong>omne</strong></span> <span class='ocrx_word' id='word_1_199' title='bbox 1204 1729 1264 1794; x_wconf 88' lang='lat' dir='ltr'><strong>his,</strong></span> <span class='ocrx_word' id='word_1_200' title='bbox 1285 1728 1347 1799; x_wconf 84' lang='lat' dir='ltr'><strong>quis</strong></span> <span class='ocrx_word' id='word_1_201' title='bbox 1367 1734 1464 1783; x_wconf 89' lang='lat' dir='ltr'><strong>contra</strong></span> <span class='ocrx_word' id='word_1_202' title='bbox 1488 1741 1538 1781; x_wconf 92' lang='lat' dir='ltr'><strong>nos</strong></span> <span class='ocrx_word' id='word_1_203' title='bbox 1562 1724 1651 1798; x_wconf 80' lang='lat' dir='ltr'><strong>(Rom.</strong></span> <span class='ocrx_word' id='word_1_204' title='bbox 1674 1724 1779 1798; x_wconf 82' lang='lat' dir='ltr'><strong>vur)l›</strong></span> <span class='ocrx_word' id='word_1_205' title='bbox 1801 1724 1918 1782; x_wconf 84' lang='lat' dir='ltr'><strong>Cunctis</strong></span> <span class='ocrx_word' id='word_1_206' title='bbox 1938 1742 1998 1801; x_wconf 66' lang='lat' dir='ltr'><strong>ergo</strong></span> 
     </span>
     <span class='ocr_line' id='line_1_14' title="bbox 359 1814 1998 1891; baseline -0.003 -15"><span class='ocrx_word' id='word_1_207' title='bbox 359 1830 467 1891; x_wconf 88' lang='lat' dir='ltr'><strong>tempus</strong></span> <span class='ocrx_word' id='word_1_208' title='bbox 479 1817 620 1891; x_wconf 78' lang='lat' dir='ltr'><strong>presentis</strong></span> <span class='ocrx_word' id='word_1_209' title='bbox 630 1818 703 1886; x_wconf 70' lang='lat' dir='ltr'><strong>vitae,</strong></span> <span class='ocrx_word' id='word_1_210' title='bbox 713 1820 786 1889; x_wconf 81' lang='lat' dir='ltr'><strong>qttod</strong></span> <span class='ocrx_word' id='word_1_211' title='bbox 797 1834 845 1891; x_wconf 91' lang='lat' dir='ltr'><strong>per</strong></span> <span class='ocrx_word' id='word_1_212' title='bbox 855 1818 1036 1890; x_wconf 88' lang='lat' dir='ltr'><strong>septenarium</strong></span> <span class='ocrx_word' id='word_1_213' title='bbox 1048 1818 1154 1872; x_wconf 90' lang='lat' dir='ltr'><strong>dierum</strong></span> <span class='ocrx_word' id='word_1_214' title='bbox 1205 1819 1311 1885; x_wconf 81' lang='lat' dir='ltr'><strong>diebus,</strong></span> <span class='ocrx_word' id='word_1_215' title='bbox 1324 1818 1422 1889; x_wconf 83' lang='lat' dir='ltr'><strong>quihus</strong></span> <span class='ocrx_word' id='word_1_216' title='bbox 1436 1816 1556 1871; x_wconf 84' lang='lat' dir='ltr'><strong>Ecclesia</strong></span> <span class='ocrx_word' id='word_1_217' title='bbox 1576 1815 1603 1869; x_wconf 92' lang='lat' dir='ltr'><strong>in</strong></span> <span class='ocrx_word' id='word_1_218' title='bbox 1623 1814 1741 1871; x_wconf 82' lang='lat' dir='ltr'><strong>incolatu</strong></span> <span class='ocrx_word' id='word_1_219' title='bbox 1756 1815 1837 1872; x_wconf 89' lang='lat' dir='ltr'><strong>istius</strong></span> <span class='ocrx_word' id='word_1_220' title='bbox 1851 1816 1945 1871; x_wconf 88' lang='lat' dir='ltr'><strong>mnndi</strong></span> <span class='ocrx_word' id='word_1_221' title='bbox 1957 1832 1998 1887; x_wconf 83' lang='lat' dir='ltr'><strong>pe·</strong></span> 
     </span>
     <span class='ocr_line' id='line_1_15' title="bbox 358 1904 1998 1984; baseline -0.004 -17"><span class='ocrx_word' id='word_1_222' title='bbox 358 1927 502 1967; x_wconf 87' lang='lat' dir='ltr'><strong>ntrmerum</strong></span> <span class='ocrx_word' id='word_1_223' title='bbox 514 1911 616 1977; x_wconf 89' lang='lat' dir='ltr'><strong>currit,</strong></span> <span class='ocrx_word' id='word_1_224' title='bbox 630 1919 742 1984; x_wconf 84' lang='lat' dir='ltr'><strong>propter</strong></span> <span class='ocrx_word' id='word_1_225' title='bbox 753 1912 998 1984; x_wconf 71' lang='lat' dir='ltr'><strong>peregrinationem</strong></span> <span class='ocrx_word' id='word_1_226' title='bbox 1013 1911 1155 1982; x_wconf 80' lang='lat' dir='ltr'><strong>praesentis</strong></span> <span class='ocrx_word' id='word_1_227' title='bbox 1206 1909 1370 1981; x_wconf 74' lang='lat' dir='ltr'><strong>regrinauur,</strong></span> <span class='ocrx_word' id='word_1_228' title='bbox 1393 1905 1474 1963; x_wconf 83' lang='lat' dir='ltr'><strong>electi</strong></span> <span class='ocrx_word' id='word_1_229' title='bbox 1496 1904 1543 1960; x_wconf 82' lang='lat' dir='ltr'><strong>filii</strong></span> <span class='ocrx_word' id='word_1_230' title='bbox 1557 1905 1615 1975; x_wconf 81' lang='lat' dir='ltr'><strong>ejus</strong></span> <span class='ocrx_word' id='word_1_231' title='bbox 1636 1905 1687 1959; x_wconf 93' lang='lat' dir='ltr'><strong>suh</strong></span> <span class='ocrx_word' id='word_1_232' title='bbox 1708 1905 1805 1960; x_wconf 92' lang='lat' dir='ltr'><strong>umhra</strong></span> <span class='ocrx_word' id='word_1_233' title='bbox 1827 1905 1936 1961; x_wconf 83' lang='lat' dir='ltr'><strong>alarum</strong></span> <span class='ocrx_word' id='word_1_234' title='bbox 1956 1905 1998 1961; x_wconf 82' lang='lat' dir='ltr'><strong>liei</strong></span> 
     </span>
     <span class='ocr_line' id='line_1_16' title="bbox 359 1995 1999 2073; baseline -0.001 -18"><span class='ocrx_word' id='word_1_235' title='bbox 359 1999 487 2056; x_wconf 74' lang='lat' dir='ltr'><strong>Ecclesiae</strong></span> <span class='ocrx_word' id='word_1_236' title='bbox 502 2000 528 2055; x_wconf 91' lang='lat' dir='ltr'><strong>in</strong></span> <span class='ocrx_word' id='word_1_237' title='bbox 542 1999 635 2055; x_wconf 91' lang='lat' dir='ltr'><strong>dolore</strong></span> <span class='ocrx_word' id='word_1_238' title='bbox 646 2007 673 2055; x_wconf 91' lang='lat' dir='ltr'><strong>et</strong></span> <span class='ocrx_word' id='word_1_239' title='bbox 684 2001 786 2072; x_wconf 72' lang='lat' dir='ltr'><strong>gemitu</strong></span> <span class='ocrx_word' id='word_1_240' title='bbox 798 2016 828 2056; x_wconf 91' lang='lat' dir='ltr'><strong>se</strong></span> <span class='ocrx_word' id='word_1_241' title='bbox 840 1999 970 2073; x_wconf 81' lang='lat' dir='ltr'><strong>aflligunt,</strong></span> <span class='ocrx_word' id='word_1_242' title='bbox 985 2002 1071 2057; x_wconf 89' lang='lat' dir='ltr'><strong>donee</strong></span> <span class='ocrx_word' id='word_1_243' title='bbox 1083 2001 1154 2071; x_wconf 89' lang='lat' dir='ltr'><strong>aspi·</strong></span> <span class='ocrx_word' id='word_1_244' title='bbox 1205 2013 1291 2070; x_wconf 85' lang='lat' dir='ltr'><strong>usque</strong></span> <span class='ocrx_word' id='word_1_245' title='bbox 1303 1999 1338 2053; x_wconf 92' lang='lat' dir='ltr'><strong>ad</strong></span> <span class='ocrx_word' id='word_1_246' title='bbox 1352 1998 1433 2054; x_wconf 86' lang='lat' dir='ltr'><strong>finem</strong></span> <span class='ocrx_word' id='word_1_247' title='bbox 1447 2005 1625 2069; x_wconf 78' lang='lat' dir='ltr'><strong>proteguntur</strong></span> <span class='ocrx_word' id='word_1_248' title='bbox 1638 1995 1722 2051; x_wconf 84' lang='lat' dir='ltr'><strong>illaesi.</strong></span> <span class='ocrx_word' id='word_1_249' title='bbox 1735 1995 1770 2051; x_wconf 80' lang='lat' dir='ltr'><strong>Et</strong></span> <span class='ocrx_word' id='word_1_250' title='bbox 1783 1996 1808 2051; x_wconf 91' lang='lat' dir='ltr'><strong>si</strong></span> <span class='ocrx_word' id='word_1_251' title='bbox 1824 1996 1853 2051; x_wconf 91' lang='lat' dir='ltr'><strong>in</strong></span> <span class='ocrx_word' id='word_1_252' title='bbox 1867 1998 1923 2053; x_wconf 89' lang='lat' dir='ltr'><strong>hoc</strong></span> <span class='ocrx_word' id='word_1_253' title='bbox 1937 2005 1999 2054; x_wconf 85' lang='lat' dir='ltr'><strong>ten-</strong></span> 
     </span>
     <span class='ocr_line' id='line_1_17' title="bbox 360 2080 1998 2164; baseline -0.001 -19"><span class='ocrx_word' id='word_1_254' title='bbox 360 2099 403 2146; x_wconf 91' lang='lat' dir='ltr'><strong>ret</strong></span> <span class='ocrx_word' id='word_1_255' title='bbox 417 2091 484 2156; x_wconf 91' lang='lat' dir='ltr'><strong>dics,</strong></span> <span class='ocrx_word' id='word_1_256' title='bbox 499 2099 527 2146; x_wconf 91' lang='lat' dir='ltr'><strong>et</strong></span> <span class='ocrx_word' id='word_1_257' title='bbox 542 2089 704 2147; x_wconf 85' lang='lat' dir='ltr'><strong>inclinentur</strong></span> <span class='ocrx_word' id='word_1_258' title='bbox 722 2091 834 2147; x_wconf 77' lang='lat' dir='ltr'><strong>umbre.</strong></span> <span class='ocrx_word' id='word_1_259' title='bbox 853 2090 907 2147; x_wconf 83' lang='lat' dir='ltr'><strong>Sed</strong></span> <span class='ocrx_word' id='word_1_260' title='bbox 920 2092 1009 2148; x_wconf 92' lang='lat' dir='ltr'><strong>luctus</strong></span> <span class='ocrx_word' id='word_1_261' title='bbox 1029 2091 1083 2148; x_wconf 89' lang='lat' dir='ltr'><strong>istc</strong></span> <span class='ocrx_word' id='word_1_262' title='bbox 1100 2107 1154 2147; x_wconf 89' lang='lat' dir='ltr'><strong>noo</strong></span> <span class='ocrx_word' id='word_1_263' title='bbox 1169 2080 1193 2140; x_wconf 82' lang='grc' dir='ltr'><strong>Β</strong></span> <span class='ocrx_word' id='word_1_264' title='bbox 1206 2108 1272 2164; x_wconf 90' lang='lat' dir='ltr'><strong>pore</strong></span> <span class='ocrx_word' id='word_1_265' title='bbox 1290 2090 1428 2147; x_wconf 87' lang='lat' dir='ltr'><strong>doloribus</strong></span> <span class='ocrx_word' id='word_1_266' title='bbox 1441 2097 1469 2144; x_wconf 91' lang='lat' dir='ltr'><strong>ct</strong></span> <span class='ocrx_word' id='word_1_267' title='bbox 1491 2088 1624 2159; x_wconf 74' lang='lat' dir='ltr'><strong>artgvrstiis</strong></span> <span class='ocrx_word' id='word_1_268' title='bbox 1644 2086 1801 2159; x_wconf 90' lang='lat' dir='ltr'><strong>plenissimo</strong></span> <span class='ocrx_word' id='word_1_269' title='bbox 1822 2088 1883 2143; x_wconf 91' lang='lat' dir='ltr'><strong>sine</strong></span> <span class='ocrx_word' id='word_1_270' title='bbox 1905 2087 1998 2144; x_wconf 77' lang='lat' dir='ltr'><strong>damno</strong></span> 
     </span>
     <span class='ocr_line' id='line_1_18' title="bbox 360 2177 1997 2252; baseline -0.001 -16"><span class='ocrx_word' id='word_1_271' title='bbox 360 2194 395 2236; x_wconf 87' lang='lat' dir='ltr'><strong>cx</strong></span> <span class='ocrx_word' id='word_1_272' title='bbox 409 2180 608 2251; x_wconf 85' lang='lat' dir='ltr'><strong>desperatione,</strong></span> <span class='ocrx_word' id='word_1_273' title='bbox 623 2181 670 2236; x_wconf 91' lang='lat' dir='ltr'><strong>sed</strong></span> <span class='ocrx_word' id='word_1_274' title='bbox 686 2181 772 2252; x_wconf 78' lang='lat' dir='ltr'><strong>magis</strong></span> <span class='ocrx_word' id='word_1_275' title='bbox 790 2181 870 2237; x_wconf 73' lang='lat' dir='ltr'><strong>toedio</strong></span> <span class='ocrx_word' id='word_1_276' title='bbox 883 2183 1069 2252; x_wconf 84' lang='lat' dir='ltr'><strong>praesentium,</strong></span> <span class='ocrx_word' id='word_1_277' title='bbox 1081 2190 1109 2237; x_wconf 94' lang='lat' dir='ltr'><strong>et</strong></span> <span class='ocrx_word' id='word_1_278' title='bbox 1121 2197 1155 2237; x_wconf 86' lang='lat' dir='ltr'><strong>ex</strong></span> <span class='ocrx_word' id='word_1_279' title='bbox 1206 2183 1301 2239; x_wconf 90' lang='lat' dir='ltr'><strong>salutis</strong></span> <span class='ocrx_word' id='word_1_280' title='bbox 1318 2196 1373 2237; x_wconf 83' lang='lat' dir='ltr'><strong>suae</strong></span> <span class='ocrx_word' id='word_1_281' title='bbox 1391 2187 1596 2244; x_wconf 88' lang='lat' dir='ltr'><strong>conservantur,</strong></span> <span class='ocrx_word' id='word_1_282' title='bbox 1617 2186 1719 2248; x_wconf 88' lang='lat' dir='ltr'><strong>quanto</strong></span> <span class='ocrx_word' id='word_1_283' title='bbox 1736 2177 1824 2250; x_wconf 77' lang='lat' dir='ltr'><strong>magis</strong></span> <span class='ocrx_word' id='word_1_284' title='bbox 1844 2187 1910 2249; x_wconf 90' lang='lat' dir='ltr'><strong>post</strong></span> <span class='ocrx_word' id='word_1_285' title='bbox 1925 2178 1997 2235; x_wconf 74' lang='lat' dir='ltr'><strong>doen</strong></span> 
     </span>
     <span class='ocr_line' id='line_1_19' title="bbox 360 2270 1997 2344; baseline 0.001 -17"><span class='ocrx_word' id='word_1_286' title='bbox 360 2271 458 2329; x_wconf 79' lang='lat' dir='ltr'><strong>affectu</strong></span> <span class='ocrx_word' id='word_1_287' title='bbox 473 2270 642 2340; x_wconf 91' lang='lat' dir='ltr'><strong>futurorum,</strong></span> <span class='ocrx_word' id='word_1_288' title='bbox 663 2287 744 2343; x_wconf 86' lang='lat' dir='ltr'><strong>quem</strong></span> <span class='ocrx_word' id='word_1_289' title='bbox 757 2272 866 2330; x_wconf 86' lang='lat' dir='ltr'><strong>assidue</strong></span> <span class='ocrx_word' id='word_1_290' title='bbox 879 2274 1090 2338; x_wconf 88' lang='lat' dir='ltr'><strong>hahentsancti,</strong></span> <span class='ocrx_word' id='word_1_291' title='bbox 1108 2288 1156 2329; x_wconf 89' lang='lat' dir='ltr'><strong>na·</strong></span> <span class='ocrx_word' id='word_1_292' title='bbox 1207 2276 1284 2330; x_wconf 91' lang='lat' dir='ltr'><strong>istius</strong></span> <span class='ocrx_word' id='word_1_293' title='bbox 1299 2274 1361 2329; x_wconf 74' lang='lat' dir='ltr'><strong>vitae</strong></span> <span class='ocrx_word' id='word_1_294' title='bbox 1382 2273 1441 2328; x_wconf 89' lang='lat' dir='ltr'><strong>sine</strong></span> <span class='ocrx_word' id='word_1_295' title='bbox 1464 2274 1538 2327; x_wconf 89' lang='lat' dir='ltr'><strong>omni</strong></span> <span class='ocrx_word' id='word_1_296' title='bbox 1560 2272 1695 2342; x_wconf 80' lang='lat' dir='ltr'><strong>augustia,</strong></span> <span class='ocrx_word' id='word_1_297' title='bbox 1718 2272 1820 2343; x_wconf 72' lang='lat' dir='ltr'><strong>gemitu</strong></span> <span class='ocrx_word' id='word_1_298' title='bbox 1835 2279 1865 2328; x_wconf 90' lang='lat' dir='ltr'><strong>et</strong></span> <span class='ocrx_word' id='word_1_299' title='bbox 1885 2272 1997 2344; x_wconf 73' lang='lat' dir='ltr'><strong>periculo</strong></span> 
     </span>
     <span class='ocr_line' id='line_1_20' title="bbox 360 2360 1997 2437; baseline 0.002 -18"><span class='ocrx_word' id='word_1_300' title='bbox 360 2361 456 2420; x_wconf 90' lang='lat' dir='ltr'><strong>scitur.</strong></span> <span class='ocrx_word' id='word_1_301' title='bbox 477 2361 517 2417; x_wconf 83' lang='lat' dir='ltr'><strong>Ex</strong></span> <span class='ocrx_word' id='word_1_302' title='bbox 530 2375 646 2430; x_wconf 88' lang='lat' dir='ltr'><strong>quorum</strong></span> <span class='ocrx_word' id='word_1_303' title='bbox 659 2376 775 2431; x_wconf 88' lang='lat' dir='ltr'><strong>persona</strong></span> <span class='ocrx_word' id='word_1_304' title='bbox 795 2360 929 2434; x_wconf 87' lang='lat' dir='ltr'><strong>Propheta</strong></span> <span class='ocrx_word' id='word_1_305' title='bbox 945 2362 972 2417; x_wconf 90' lang='lat' dir='ltr'><strong>in</strong></span> <span class='ocrx_word' id='word_1_306' title='bbox 989 2362 1100 2432; x_wconf 90' lang='lat' dir='ltr'><strong>psalmis</strong></span> <span class='ocrx_word' id='word_1_307' title='bbox 1116 2362 1154 2419; x_wconf 89' lang='lat' dir='ltr'><strong>lo·</strong></span> <span class='ocrx_word' id='word_1_308' title='bbox 1206 2366 1403 2431; x_wconf 91' lang='lat' dir='ltr'><strong>custodiuntur,</strong></span> <span class='ocrx_word' id='word_1_309' title='bbox 1418 2364 1465 2420; x_wconf 90' lang='lat' dir='ltr'><strong>uhi</strong></span> <span class='ocrx_word' id='word_1_310' title='bbox 1479 2364 1555 2421; x_wconf 89' lang='lat' dir='ltr'><strong>dolor</strong></span> <span class='ocrx_word' id='word_1_311' title='bbox 1566 2365 1608 2420; x_wconf 86' lang='lat' dir='ltr'><strong>vel</strong></span> <span class='ocrx_word' id='word_1_312' title='bbox 1622 2365 1738 2437; x_wconf 76' lang='lat' dir='ltr'><strong>gemitus</strong></span> <span class='ocrx_word' id='word_1_313' title='bbox 1750 2364 1869 2436; x_wconf 89' lang='lat' dir='ltr'><strong>amplius</strong></span> <span class='ocrx_word' id='word_1_314' title='bbox 1878 2365 1937 2437; x_wconf 76' lang='lat' dir='ltr'><strong>jan</strong></span> <span class='ocrx_word' id='word_1_315' title='bbox 1950 2381 1997 2422; x_wconf 79' lang='lat' dir='ltr'><strong>oss</strong></span> 
     </span>
     <span class='ocr_line' id='line_1_21' title="bbox 360 2450 1998 2529; baseline 0.002 -21"><span class='ocrx_word' id='word_1_316' title='bbox 360 2452 578 2525; x_wconf 85' lang='lat' dir='ltr'><strong>quiturdicens:</strong></span> <span class='ocrx_word' id='word_1_317' title='bbox 597 2471 607 2504; x_wconf 82' lang='lat' dir='ltr'><strong>r</strong></span> <span class='ocrx_word' id='word_1_318' title='bbox 625 2450 837 2523; x_wconf 83' lang='lat' dir='ltr'><strong>superflumina</strong></span> <span class='ocrx_word' id='word_1_319' title='bbox 850 2452 994 2524; x_wconf 83' lang='lat' dir='ltr'><strong>Babylonis</strong></span> <span class='ocrx_word' id='word_1_320' title='bbox 1008 2452 1155 2510; x_wconf 90' lang='lat' dir='ltr'><strong>illucsedi-</strong></span> <span class='ocrx_word' id='word_1_321' title='bbox 1206 2457 1352 2514; x_wconf 86' lang='lat' dir='ltr'><strong>critullus.</strong></span> <span class='ocrx_word' id='word_1_322' title='bbox 1368 2457 1402 2511; x_wconf 83' lang='lat' dir='ltr'><strong>Et</strong></span> <span class='ocrx_word' id='word_1_323' title='bbox 1413 2456 1465 2512; x_wconf 91' lang='lat' dir='ltr'><strong>hoc</strong></span> <span class='ocrx_word' id='word_1_324' title='bbox 1479 2465 1519 2512; x_wconf 81' lang='lat' dir='ltr'><strong>est</strong></span> <span class='ocrx_word' id='word_1_325' title='bbox 1533 2457 1605 2527; x_wconf 88' lang='lat' dir='ltr'><strong>quod</strong></span> <span class='ocrx_word' id='word_1_326' title='bbox 1619 2456 1718 2513; x_wconf 77' lang='lat' dir='ltr'><strong>dicimo</strong></span> <span class='ocrx_word' id='word_1_327' title='bbox 1731 2466 1793 2528; x_wconf 89' lang='lat' dir='ltr'><strong>post</strong></span> <span class='ocrx_word' id='word_1_328' title='bbox 1814 2467 1933 2514; x_wconf 76' lang='lat' dir='ltr'><strong>merten</strong></span> <span class='ocrx_word' id='word_1_329' title='bbox 1946 2456 1998 2529; x_wconf 72' lang='lat' dir='ltr'><strong>eiu</strong></span> 
     </span>
     <span class='ocr_line' id='line_1_22' title="bbox 360 2538 1997 2618; baseline 0.004 -19"><span class='ocrx_word' id='word_1_330' title='bbox 360 2560 421 2600; x_wconf 85' lang='lat' dir='ltr'><strong>urus</strong></span> <span class='ocrx_word' id='word_1_331' title='bbox 434 2551 463 2599; x_wconf 88' lang='lat' dir='ltr'><strong>et</strong></span> <span class='ocrx_word' id='word_1_332' title='bbox 476 2538 611 2607; x_wconf 72' lang='lat' dir='ltr'><strong>flevimus,</strong></span> <span class='ocrx_word' id='word_1_333' title='bbox 625 2542 688 2598; x_wconf 92' lang='lat' dir='ltr'><strong>dum</strong></span> <span class='ocrx_word' id='word_1_334' title='bbox 704 2556 751 2599; x_wconf 88' lang='lat' dir='ltr'><strong>rec</strong></span> <span class='ocrx_word' id='word_1_335' title='bbox 768 2542 911 2600; x_wconf 85' lang='lat' dir='ltr'><strong>rdaremur</strong></span> <span class='ocrx_word' id='word_1_336' title='bbox 923 2544 972 2611; x_wconf 93' lang='lat' dir='ltr'><strong>tui,</strong></span> <span class='ocrx_word' id='word_1_337' title='bbox 988 2543 1053 2600; x_wconf 89' lang='lat' dir='ltr'><strong>Sion</strong></span> <span class='ocrx_word' id='word_1_338' title='bbox 1068 2544 1155 2617; x_wconf 82' lang='lat' dir='ltr'><strong>(Psoi.</strong></span> <span class='ocrx_word' id='word_1_339' title='bbox 1206 2548 1285 2603; x_wconf 89' lang='lat' dir='ltr'><strong>annis</strong></span> <span class='ocrx_word' id='word_1_340' title='bbox 1305 2546 1414 2613; x_wconf 86' lang='lat' dir='ltr'><strong>multis;</strong></span> <span class='ocrx_word' id='word_1_341' title='bbox 1439 2546 1503 2618; x_wconf 88' lang='lat' dir='ltr'><strong>quia</strong></span> <span class='ocrx_word' id='word_1_342' title='bbox 1520 2554 1582 2618; x_wconf 92' lang='lat' dir='ltr'><strong>post</strong></span> <span class='ocrx_word' id='word_1_343' title='bbox 1603 2547 1707 2603; x_wconf 91' lang='lat' dir='ltr'><strong>ohitum</strong></span> <span class='ocrx_word' id='word_1_344' title='bbox 1730 2548 1876 2618; x_wconf 74' lang='lat' dir='ltr'><strong>presentis</strong></span> <span class='ocrx_word' id='word_1_345' title='bbox 1889 2549 1954 2606; x_wconf 67' lang='lat' dir='ltr'><strong>vito</strong></span> <span class='ocrx_word' id='word_1_346' title='bbox 1973 2549 1997 2606; x_wconf 88' lang='lat' dir='ltr'><strong>is</strong></span> 
     </span>
     <span class='ocr_line' id='line_1_23' title="bbox 364 2627 1998 2708; baseline 0.01 -29"><span class='ocrx_word' id='word_1_347' title='bbox 364 2628 486 2694; x_wconf 80' lang='lat' dir='ltr'><strong>cxxxrr).</strong></span> <span class='ocrx_word' id='word_1_348' title='bbox 505 2627 560 2684; x_wconf 72' lang='lat' dir='ltr'><strong>»Et</strong></span> <span class='ocrx_word' id='word_1_349' title='bbox 569 2628 669 2696; x_wconf 82' lang='lat' dir='ltr'><strong>item,r</strong></span> <span class='ocrx_word' id='word_1_350' title='bbox 684 2630 786 2700; x_wconf 78' lang='lat' dir='ltr'><strong>sitivit,</strong></span> <span class='ocrx_word' id='word_1_351' title='bbox 797 2652 807 2687; x_wconf 87' lang='lat' dir='ltr'><strong>s</strong></span> <span class='ocrx_word' id='word_1_352' title='bbox 818 2635 915 2707; x_wconf 81' lang='lat' dir='ltr'><strong>inquit,</strong></span> <span class='ocrx_word' id='word_1_353' title='bbox 928 2655 939 2690; x_wconf 82' lang='lat' dir='ltr'><strong>r</strong></span> <span class='ocrx_word' id='word_1_354' title='bbox 951 2639 1040 2695; x_wconf 85' lang='lat' dir='ltr'><strong>anima</strong></span> <span class='ocrx_word' id='word_1_355' title='bbox 1050 2656 1109 2697; x_wconf 88' lang='lat' dir='ltr'><strong>mea</strong></span> <span class='ocrx_word' id='word_1_356' title='bbox 1119 2639 1153 2695; x_wconf 86' lang='lat' dir='ltr'><strong>ad</strong></span> <span class='ocrx_word' id='word_1_357' title='bbox 1206 2637 1334 2695; x_wconf 78' lang='lat' dir='ltr'><strong>secumm</strong></span> <span class='ocrx_word' id='word_1_358' title='bbox 1352 2637 1444 2693; x_wconf 74' lang='lat' dir='ltr'><strong>saeculi</strong></span> <span class='ocrx_word' id='word_1_359' title='bbox 1457 2637 1519 2693; x_wconf 92' lang='lat' dir='ltr'><strong>anni</strong></span> <span class='ocrx_word' id='word_1_360' title='bbox 1534 2637 1591 2708; x_wconf 86' lang='lat' dir='ltr'><strong>ejus</strong></span> <span class='ocrx_word' id='word_1_361' title='bbox 1609 2644 1690 2703; x_wconf 87' lang='lat' dir='ltr'><strong>suut,</strong></span> <span class='ocrx_word' id='word_1_362' title='bbox 1704 2638 1804 2707; x_wconf 87' lang='lat' dir='ltr'><strong>quihus</strong></span> <span class='ocrx_word' id='word_1_363' title='bbox 1818 2653 1882 2695; x_wconf 84' lang='lat' dir='ltr'><strong>eum</strong></span> <span class='ocrx_word' id='word_1_364' title='bbox 1897 2639 1998 2698; x_wconf 77' lang='lat' dir='ltr'><strong>Christe</strong></span> 
     </span>
     <span class='ocr_line' id='line_1_24' title="bbox 366 2711 1759 2807; baseline 0.01 -39"><span class='ocrx_word' id='word_1_365' title='bbox 366 2711 450 2807; x_wconf 78' lang='lat' dir='ltr'><strong>licum</strong></span> <span class='ocrx_word' id='word_1_366' title='bbox 459 2713 555 2771; x_wconf 85' lang='lat' dir='ltr'><strong>fortem</strong></span> <span class='ocrx_word' id='word_1_367' title='bbox 566 2718 667 2781; x_wconf 80' lang='lat' dir='ltr'><strong>virum,</strong></span> <span class='ocrx_word' id='word_1_368' title='bbox 676 2722 785 2791; x_wconf 84' lang='lat' dir='ltr'><strong>quando</strong></span> <span class='ocrx_word' id='word_1_369' title='bbox 793 2726 899 2780; x_wconf 80' lang='lat' dir='ltr'><strong>vertiam</strong></span> <span class='ocrx_word' id='word_1_370' title='bbox 908 2730 1077 2799; x_wconf 76' lang='lat' dir='ltr'><strong>stappareho</strong></span> <span class='ocrx_word' id='word_1_371' title='bbox 1088 2740 1152 2788; x_wconf 84' lang='lat' dir='ltr'><strong>ants</strong></span> <span class='ocrx_word' id='word_1_372' title='bbox 1207 2728 1322 2784; x_wconf 80' lang='lat' dir='ltr'><strong>feliciter</strong></span> <span class='ocrx_word' id='word_1_373' title='bbox 1334 2729 1415 2793; x_wconf 90' lang='lat' dir='ltr'><strong>vivit,</strong></span> <span class='ocrx_word' id='word_1_374' title='bbox 1430 2736 1458 2783; x_wconf 90' lang='lat' dir='ltr'><strong>et</strong></span> <span class='ocrx_word' id='word_1_375' title='bbox 1472 2736 1566 2797; x_wconf 81' lang='lat' dir='ltr'><strong>regnat</strong></span> <span class='ocrx_word' id='word_1_376' title='bbox 1580 2727 1607 2781; x_wconf 92' lang='lat' dir='ltr'><strong>in</strong></span> <span class='ocrx_word' id='word_1_377' title='bbox 1620 2736 1759 2782; x_wconf 79' lang='lat' dir='ltr'><strong>aeternum.</strong></span> 
     </span>
    </p>

    <p class='ocr_par' dir='ltr' id='par_1_3' title="bbox 359 2794 2000 3445">
     <span class='ocr_line' id='line_1_25' title="bbox 366 2794 1997 2885; baseline 0.018 -38"><span class='ocrx_word' id='word_1_378' title='bbox 366 2794 464 2850; x_wconf 80' lang='lat' dir='ltr'><strong>factem</strong></span> <span class='ocrx_word' id='word_1_379' title='bbox 478 2796 680 2855; x_wconf 81' lang='lat' dir='ltr'><strong>fleilFueruut</strong></span> <span class='ocrx_word' id='word_1_380' title='bbox 701 2804 766 2859; x_wconf 90' lang='lat' dir='ltr'><strong>mihi</strong></span> <span class='ocrx_word' id='word_1_381' title='bbox 787 2805 913 2879; x_wconf 79' lang='lat' dir='ltr'><strong>lacrymae</strong></span> <span class='ocrx_word' id='word_1_382' title='bbox 927 2824 993 2866; x_wconf 81' lang='lat' dir='ltr'><strong>ovea</strong></span> <span class='ocrx_word' id='word_1_383' title='bbox 1010 2826 1092 2881; x_wconf 85' lang='lat' dir='ltr'><strong>panes</strong></span> <span class='ocrx_word' id='word_1_384' title='bbox 1109 2815 1153 2869; x_wconf 86' lang='lat' dir='ltr'><strong>die</strong></span> <span class='ocrx_word' id='word_1_385' title='bbox 1244 2818 1334 2873; x_wconf 76' lang='lat' dir='ltr'><strong>‹Dies</strong></span> <span class='ocrx_word' id='word_1_386' title='bbox 1350 2825 1439 2873; x_wconf 81' lang='lat' dir='ltr'><strong>atttem</strong></span> <span class='ocrx_word' id='word_1_387' title='bbox 1453 2816 1574 2872; x_wconf 81' lang='lat' dir='ltr'><strong>vicmriae</strong></span> <span class='ocrx_word' id='word_1_388' title='bbox 1596 2814 1676 2885; x_wconf 83' lang='lat' dir='ltr'><strong>hujus</strong></span> <span class='ocrx_word' id='word_1_389' title='bbox 1697 2814 1868 2885; x_wconf 79' lang='lat' dir='ltr'><strong>festivitatis,</strong></span> <span class='ocrx_word' id='word_1_390' title='bbox 1892 2818 1929 2876; x_wconf 84' lang='lat' dir='ltr'><strong>xh</strong></span> <span class='ocrx_word' id='word_1_391' title='bbox 1950 2816 1997 2875; x_wconf 81' lang='lat' dir='ltr'><strong>lle·</strong></span> 
     </span>
     <span class='ocr_line' id='line_1_26' title="bbox 365 2889 1999 2981; baseline 0.017 -43"><span class='ocrx_word' id='word_1_392' title='bbox 365 2899 398 2940; x_wconf 88' lang='lat' dir='ltr'><strong>sc</strong></span> <span class='ocrx_word' id='word_1_393' title='bbox 415 2897 505 2955; x_wconf 72' lang='lat' dir='ltr'><strong>noem,</strong></span> <span class='ocrx_word' id='word_1_394' title='bbox 522 2889 585 2946; x_wconf 89' lang='lat' dir='ltr'><strong>dum</strong></span> <span class='ocrx_word' id='word_1_395' title='bbox 601 2891 702 2950; x_wconf 85' lang='lat' dir='ltr'><strong>dicitur</strong></span> <span class='ocrx_word' id='word_1_396' title='bbox 714 2895 780 2952; x_wconf 82' lang='lat' dir='ltr'><strong>mild</strong></span> <span class='ocrx_word' id='word_1_397' title='bbox 796 2899 937 2970; x_wconf 83' lang='lat' dir='ltr'><strong>quotidie:</strong></span> <span class='ocrx_word' id='word_1_398' title='bbox 956 2900 1007 2959; x_wconf 88' lang='lat' dir='ltr'><strong>llhi</strong></span> <span class='ocrx_word' id='word_1_399' title='bbox 1022 2914 1063 2961; x_wconf 86' lang='lat' dir='ltr'><strong>est</strong></span> <span class='ocrx_word' id='word_1_400' title='bbox 1080 2906 1149 2962; x_wconf 84' lang='lat' dir='ltr'><strong>hcus</strong></span> <span class='ocrx_word' id='word_1_401' title='bbox 1210 2930 1220 2962; x_wconf 79' lang='lat' dir='ltr'><strong>r</strong></span> <span class='ocrx_word' id='word_1_402' title='bbox 1237 2911 1318 2967; x_wconf 82' lang='lat' dir='ltr'><strong>hraeis</strong></span> <span class='ocrx_word' id='word_1_403' title='bbox 1338 2909 1366 2964; x_wconf 91' lang='lat' dir='ltr'><strong>iu</strong></span> <span class='ocrx_word' id='word_1_404' title='bbox 1388 2923 1501 2964; x_wconf 80' lang='lat' dir='ltr'><strong>rvunrem</strong></span> <span class='ocrx_word' id='word_1_405' title='bbox 1518 2915 1673 2963; x_wconf 89' lang='lat' dir='ltr'><strong>sanctorum</strong></span> <span class='ocrx_word' id='word_1_406' title='bbox 1694 2907 1800 2963; x_wconf 86' lang='lat' dir='ltr'><strong>diemm</strong></span> <span class='ocrx_word' id='word_1_407' title='bbox 1815 2908 1999 2981; x_wconf 82' lang='lat' dir='ltr'><strong>accipitur,·et</strong></span> 
     </span>
     <span class='ocr_line' id='line_1_27' title="bbox 361 2987 1999 3080; baseline 0.011 -34"><span class='ocrx_word' id='word_1_408' title='bbox 361 2996 425 3046; x_wconf 89' lang='lat' dir='ltr'><strong>tttus</strong></span> <span class='ocrx_word' id='word_1_409' title='bbox 437 2987 525 3063; x_wconf 75' lang='lat' dir='ltr'><strong>(Pani.</strong></span> <span class='ocrx_word' id='word_1_410' title='bbox 539 2991 639 3066; x_wconf 73' lang='lat' dir='ltr'><strong>mulir</strong></span> <span class='ocrx_word' id='word_1_411' title='bbox 660 2993 732 3067; x_wconf 72' lang='lat' dir='ltr'><strong>Ergo</strong></span> <span class='ocrx_word' id='word_1_412' title='bbox 744 3004 774 3052; x_wconf 92' lang='lat' dir='ltr'><strong>ut</strong></span> <span class='ocrx_word' id='word_1_413' title='bbox 789 2995 919 3063; x_wconf 80' lang='lat' dir='ltr'><strong>diximus,</strong></span> <span class='ocrx_word' id='word_1_414' title='bbox 934 2996 1058 3068; x_wconf 89' lang='lat' dir='ltr'><strong>planctus</strong></span> <span class='ocrx_word' id='word_1_415' title='bbox 1071 2998 1157 3055; x_wconf 90' lang='lat' dir='ltr'><strong>ecclc-</strong></span> <span class='ocrx_word' id='word_1_416' title='bbox 1211 3025 1221 3059; x_wconf 85' lang='grc' dir='ltr'><strong>ι</strong></span> <span class='ocrx_word' id='word_1_417' title='bbox 1239 3005 1338 3061; x_wconf 91' lang='lat' dir='ltr'><strong>colitur</strong></span> <span class='ocrx_word' id='word_1_418' title='bbox 1360 3020 1376 3059; x_wconf 89' lang='lat' dir='ltr'><strong>a</strong></span> <span class='ocrx_word' id='word_1_419' title='bbox 1398 3002 1499 3059; x_wconf 78' lang='lat' dir='ltr'><strong>iudeis</strong></span> <span class='ocrx_word' id='word_1_420' title='bbox 1520 3018 1554 3059; x_wconf 81' lang='lat' dir='ltr'><strong>eu</strong></span> <span class='ocrx_word' id='word_1_421' title='bbox 1574 3004 1620 3058; x_wconf 90' lang='lat' dir='ltr'><strong>illo</strong></span> <span class='ocrx_word' id='word_1_422' title='bbox 1643 3011 1774 3074; x_wconf 87' lang='lat' dir='ltr'><strong>tempore,</strong></span> <span class='ocrx_word' id='word_1_423' title='bbox 1793 3019 1883 3076; x_wconf 83' lang='lat' dir='ltr'><strong>usque</strong></span> <span class='ocrx_word' id='word_1_424' title='bbox 1896 3006 1925 3063; x_wconf 93' lang='lat' dir='ltr'><strong>in</strong></span> <span class='ocrx_word' id='word_1_425' title='bbox 1938 3021 1999 3080; x_wconf 70' lang='lat' dir='ltr'><strong>pm·</strong></span> 
     </span>
     <span class='ocr_line' id='line_1_28' title="bbox 361 3078 1999 3166; baseline 0.012 -31"><span class='ocrx_word' id='word_1_426' title='bbox 361 3078 465 3136; x_wconf 68' lang='lat' dir='ltr'><strong>mathei</strong></span> <span class='ocrx_word' id='word_1_427' title='bbox 476 3080 611 3140; x_wconf 81' lang='lat' dir='ltr'><strong>solemnes</strong></span> <span class='ocrx_word' id='word_1_428' title='bbox 623 3093 697 3152; x_wconf 88' lang='lat' dir='ltr'><strong>suut,</strong></span> <span class='ocrx_word' id='word_1_429' title='bbox 710 3099 764 3142; x_wconf 91' lang='lat' dir='ltr'><strong>non</strong></span> <span class='ocrx_word' id='word_1_430' title='bbox 777 3085 916 3159; x_wconf 76' lang='lat' dir='ltr'><strong>lugubres.</strong></span> <span class='ocrx_word' id='word_1_431' title='bbox 935 3087 1012 3145; x_wconf 89' lang='lat' dir='ltr'><strong>Unde</strong></span> <span class='ocrx_word' id='word_1_432' title='bbox 1030 3088 1056 3144; x_wconf 90' lang='lat' dir='ltr'><strong>in</strong></span> <span class='ocrx_word' id='word_1_433' title='bbox 1069 3088 1157 3145; x_wconf 80' lang='lat' dir='ltr'><strong>Evan·</strong></span> <span class='ocrx_word' id='word_1_434' title='bbox 1210 3116 1219 3150; x_wconf 79' lang='lat' dir='ltr'><strong>r</strong></span> <span class='ocrx_word' id='word_1_435' title='bbox 1238 3104 1341 3152; x_wconf 89' lang='lat' dir='ltr'><strong>sentem</strong></span> <span class='ocrx_word' id='word_1_436' title='bbox 1363 3096 1445 3150; x_wconf 82' lang='lat' dir='ltr'><strong>diem.</strong></span> <span class='ocrx_word' id='word_1_437' title='bbox 1463 3115 1473 3148; x_wconf 80' lang='lat' dir='ltr'><strong>r</strong></span> <span class='ocrx_word' id='word_1_438' title='bbox 1488 3093 1585 3150; x_wconf 83' lang='lat' dir='ltr'><strong>hierito</strong></span> <span class='ocrx_word' id='word_1_439' title='bbox 1602 3094 1684 3165; x_wconf 70' lang='lat' dir='ltr'><strong>igitur</strong></span> <span class='ocrx_word' id='word_1_440' title='bbox 1705 3093 1841 3153; x_wconf 78' lang='lat' dir='ltr'><strong>festivitas</strong></span> <span class='ocrx_word' id='word_1_441' title='bbox 1864 3095 1947 3166; x_wconf 72' lang='lat' dir='ltr'><strong>hides</strong></span> <span class='ocrx_word' id='word_1_442' title='bbox 1965 3097 1999 3154; x_wconf 84' lang='lat' dir='ltr'><strong>ri·</strong></span> 
     </span>
     <span class='ocr_line' id='line_1_29' title="bbox 361 3169 1998 3255; baseline 0.012 -29"><span class='ocrx_word' id='word_1_443' title='bbox 361 3169 432 3243; x_wconf 69' lang='lat' dir='ltr'><strong>gello</strong></span> <span class='ocrx_word' id='word_1_444' title='bbox 450 3171 558 3245; x_wconf 70' lang='lat' dir='ltr'><strong>legitur,</strong></span> <span class='ocrx_word' id='word_1_445' title='bbox 571 3174 644 3245; x_wconf 88' lang='lat' dir='ltr'><strong>quud</strong></span> <span class='ocrx_word' id='word_1_446' title='bbox 663 3194 673 3227; x_wconf 83' lang='lat' dir='ltr'><strong>t</strong></span> <span class='ocrx_word' id='word_1_447' title='bbox 691 3175 794 3234; x_wconf 80' lang='lat' dir='ltr'><strong>Rachel</strong></span> <span class='ocrx_word' id='word_1_448' title='bbox 814 3179 934 3250; x_wconf 88' lang='lat' dir='ltr'><strong>ploraret</strong></span> <span class='ocrx_word' id='word_1_449' title='bbox 955 3179 1025 3237; x_wconf 85' lang='lat' dir='ltr'><strong>tilios</strong></span> <span class='ocrx_word' id='word_1_450' title='bbox 1039 3196 1113 3249; x_wconf 89' lang='lat' dir='ltr'><strong>suos,</strong></span> <span class='ocrx_word' id='word_1_451' title='bbox 1130 3192 1158 3240; x_wconf 91' lang='lat' dir='ltr'><strong>et</strong></span> <span class='ocrx_word' id='word_1_452' title='bbox 1207 3186 1301 3243; x_wconf 88' lang='lat' dir='ltr'><strong>ctoriae</strong></span> <span class='ocrx_word' id='word_1_453' title='bbox 1313 3186 1348 3241; x_wconf 88' lang='lat' dir='ltr'><strong>ab</strong></span> <span class='ocrx_word' id='word_1_454' title='bbox 1362 3186 1493 3252; x_wconf 76' lang='lat' dir='ltr'><strong>llcbrrcis,</strong></span> <span class='ocrx_word' id='word_1_455' title='bbox 1508 3186 1559 3242; x_wconf 90' lang='lat' dir='ltr'><strong>hoc</strong></span> <span class='ocrx_word' id='word_1_456' title='bbox 1572 3194 1623 3250; x_wconf 85' lang='lat' dir='ltr'><strong>cst,</strong></span> <span class='ocrx_word' id='word_1_457' title='bbox 1640 3186 1839 3255; x_wconf 70' lang='lat' dir='ltr'><strong>transitoribus,</strong></span> <span class='ocrx_word' id='word_1_458' title='bbox 1851 3187 1881 3244; x_wconf 89' lang='lat' dir='ltr'><strong>in</strong></span> <span class='ocrx_word' id='word_1_459' title='bbox 1893 3201 1998 3245; x_wconf 68' lang='lat' dir='ltr'><strong>nnus</strong></span> 
     </span>
     <span class='ocr_line' id='line_1_30' title="bbox 360 3260 2000 3347; baseline 0.011 -32"><span class='ocrx_word' id='word_1_460' title='bbox 360 3260 444 3317; x_wconf 89' lang='lat' dir='ltr'><strong>nollet</strong></span> <span class='ocrx_word' id='word_1_461' title='bbox 457 3263 609 3332; x_wconf 86' lang='lat' dir='ltr'><strong>consolari,</strong></span> <span class='ocrx_word' id='word_1_462' title='bbox 623 3264 687 3338; x_wconf 85' lang='lat' dir='ltr'><strong>quia</strong></span> <span class='ocrx_word' id='word_1_463' title='bbox 708 3283 762 3324; x_wconf 89' lang='lat' dir='ltr'><strong>nou</strong></span> <span class='ocrx_word' id='word_1_464' title='bbox 783 3278 847 3325; x_wconf 90' lang='lat' dir='ltr'><strong>sunt</strong></span> <span class='ocrx_word' id='word_1_465' title='bbox 860 3268 969 3343; x_wconf 83' lang='lat' dir='ltr'><strong>(ffattfr.</strong></span> <span class='ocrx_word' id='word_1_466' title='bbox 984 3270 1027 3345; x_wconf 82' lang='lat' dir='ltr'><strong>u).</strong></span> <span class='ocrx_word' id='word_1_467' title='bbox 1046 3291 1055 3324; x_wconf 83' lang='lat' dir='ltr'><strong>r</strong></span> <span class='ocrx_word' id='word_1_468' title='bbox 1072 3271 1158 3329; x_wconf 87' lang='lat' dir='ltr'><strong>Cora·</strong></span> <span class='ocrx_word' id='word_1_469' title='bbox 1209 3279 1313 3335; x_wconf 77' lang='lat' dir='ltr'><strong>ntorum</strong></span> <span class='ocrx_word' id='word_1_470' title='bbox 1328 3285 1483 3335; x_wconf 86' lang='lat' dir='ltr'><strong>sanctorum</strong></span> <span class='ocrx_word' id='word_1_471' title='bbox 1497 3277 1631 3347; x_wconf 88' lang='lat' dir='ltr'><strong>accipitur</strong></span> <span class='ocrx_word' id='word_1_472' title='bbox 1643 3286 1671 3333; x_wconf 91' lang='lat' dir='ltr'><strong>et</strong></span> <span class='ocrx_word' id='word_1_473' title='bbox 1683 3276 1782 3333; x_wconf 86' lang='lat' dir='ltr'><strong>colitur</strong></span> <span class='ocrx_word' id='word_1_474' title='bbox 1798 3292 1815 3333; x_wconf 91' lang='lat' dir='ltr'><strong>a</strong></span> <span class='ocrx_word' id='word_1_475' title='bbox 1829 3276 1942 3346; x_wconf 76' lang='lat' dir='ltr'><strong>ludaris,</strong></span> <span class='ocrx_word' id='word_1_476' title='bbox 1954 3277 2000 3340; x_wconf 71' lang='lat' dir='ltr'><strong>bae</strong></span> 
     </span>
     <span class='ocr_line' id='line_1_31' title="bbox 359 3353 2000 3445; baseline 0.011 -36"><span class='ocrx_word' id='word_1_477' title='bbox 359 3362 458 3409; x_wconf 81' lang='lat' dir='ltr'><strong>verunt</strong></span> <span class='ocrx_word' id='word_1_478' title='bbox 469 3353 520 3411; x_wconf 88' lang='lat' dir='ltr'><strong>viri</strong></span> <span class='ocrx_word' id='word_1_479' title='bbox 538 3355 657 3413; x_wconf 88' lang='lat' dir='ltr'><strong>timorati</strong></span> <span class='ocrx_word' id='word_1_480' title='bbox 672 3356 855 3431; x_wconf 88' lang='lat' dir='ltr'><strong>Stephanum,</strong></span> <span class='ocrx_word' id='word_1_481' title='bbox 875 3371 902 3417; x_wconf 91' lang='lat' dir='ltr'><strong>et</strong></span> <span class='ocrx_word' id='word_1_482' title='bbox 915 3362 1092 3420; x_wconf 89' lang='lat' dir='ltr'><strong>confecerunt</strong></span> <span class='ocrx_word' id='word_1_483' title='bbox 1111 3381 1158 3422; x_wconf 90' lang='lat' dir='ltr'><strong>su·</strong></span> <span class='ocrx_word' id='word_1_484' title='bbox 1208 3376 1258 3431; x_wconf 85' lang='lat' dir='ltr'><strong>est.</strong></span> <span class='ocrx_word' id='word_1_485' title='bbox 1274 3366 1485 3433; x_wconf 81' lang='lat' dir='ltr'><strong>confessoribus,</strong></span> <span class='ocrx_word' id='word_1_486' title='bbox 1498 3382 1532 3422; x_wconf 82' lang='lat' dir='ltr'><strong>ex</strong></span> <span class='ocrx_word' id='word_1_487' title='bbox 1548 3367 1595 3423; x_wconf 92' lang='lat' dir='ltr'><strong>illo</strong></span> <span class='ocrx_word' id='word_1_488' title='bbox 1609 3376 1732 3438; x_wconf 85' lang='lat' dir='ltr'><strong>tempore</strong></span> <span class='ocrx_word' id='word_1_489' title='bbox 1745 3382 1834 3439; x_wconf 86' lang='lat' dir='ltr'><strong>usque</strong></span> <span class='ocrx_word' id='word_1_490' title='bbox 1847 3368 1878 3426; x_wconf 90' lang='lat' dir='ltr'><strong>in</strong></span> <span class='ocrx_word' id='word_1_491' title='bbox 1891 3385 2000 3445; x_wconf 65' lang='lat' dir='ltr'><strong>prm-</strong></span> 
     </span>
    </p>
   </div>
   <div class='ocr_carea' id='block_1_3' title="bbox 358 3432 2000 4075">
    <p class='ocr_par' dir='ltr' id='par_1_4' title="bbox 358 3432 2000 3991">
     <span class='ocr_line' id='line_1_32' title="bbox 358 3432 1999 3538; baseline 0.015 -39"><span class='ocrx_word' id='word_1_492' title='bbox 358 3458 409 3514; x_wconf 88' lang='lat' dir='ltr'><strong>per</strong></span> <span class='ocrx_word' id='word_1_493' title='bbox 420 3459 482 3501; x_wconf 89' lang='lat' dir='ltr'><strong>eum</strong></span> <span class='ocrx_word' id='word_1_494' title='bbox 496 3446 634 3518; x_wconf 88' lang='lat' dir='ltr'><strong>planctum</strong></span> <span class='ocrx_word' id='word_1_495' title='bbox 647 3464 785 3522; x_wconf 70' lang='lat' dir='ltr'><strong>maguum.</strong></span> <span class='ocrx_word' id='word_1_496' title='bbox 803 3452 878 3509; x_wconf 84' lang='lat' dir='ltr'><strong>Beati</strong></span> <span class='ocrx_word' id='word_1_497' title='bbox 898 3454 945 3524; x_wconf 87' lang='lat' dir='ltr'><strong>qui</strong></span> <span class='ocrx_word' id='word_1_498' title='bbox 966 3454 1061 3525; x_wconf 78' lang='lat' dir='ltr'><strong>lugent</strong></span> <span class='ocrx_word' id='word_1_499' title='bbox 1073 3432 1193 3524; x_wconf 85' lang='lat' dir='ltr'><strong>nunc,C</strong></span> <span class='ocrx_word' id='word_1_500' title='bbox 1210 3467 1264 3514; x_wconf 91' lang='lat' dir='ltr'><strong>tem</strong></span> <span class='ocrx_word' id='word_1_501' title='bbox 1279 3459 1366 3525; x_wconf 87' lang='lat' dir='ltr'><strong>diem;</strong></span> <span class='ocrx_word' id='word_1_502' title='bbox 1380 3459 1444 3529; x_wconf 88' lang='lat' dir='ltr'><strong>quia</strong></span> <span class='ocrx_word' id='word_1_503' title='bbox 1459 3460 1614 3531; x_wconf 84' lang='lat' dir='ltr'><strong>omnesqui</strong></span> <span class='ocrx_word' id='word_1_504' title='bbox 1636 3459 1665 3515; x_wconf 89' lang='lat' dir='ltr'><strong>in</strong></span> <span class='ocrx_word' id='word_1_505' title='bbox 1684 3459 1728 3515; x_wconf 90' lang='lat' dir='ltr'><strong>via</strong></span> <span class='ocrx_word' id='word_1_506' title='bbox 1753 3458 1836 3533; x_wconf 75' lang='lat' dir='ltr'><strong>hunius</strong></span> <span class='ocrx_word' id='word_1_507' title='bbox 1848 3466 1915 3522; x_wconf 77' lang='lat' dir='ltr'><strong>vitan</strong></span> <span class='ocrx_word' id='word_1_508' title='bbox 1927 3463 1999 3538; x_wconf 59' lang='lat' dir='ltr'><strong>w!</strong></span> 
     </span>
     <span class='ocr_line' id='line_1_33' title="bbox 359 3533 2000 3623; baseline 0.016 -34"><span class='ocrx_word' id='word_1_509' title='bbox 359 3534 487 3607; x_wconf 82' lang='lat' dir='ltr'><strong>quonlam</strong></span> <span class='ocrx_word' id='word_1_510' title='bbox 503 3536 556 3609; x_wconf 89' lang='lat' dir='ltr'><strong>ipsi</strong></span> <span class='ocrx_word' id='word_1_511' title='bbox 568 3538 791 3598; x_wconf 82' lang='lat' dir='ltr'><strong>consolabuntur.</strong></span> <span class='ocrx_word' id='word_1_512' title='bbox 810 3541 833 3598; x_wconf 87' lang='grc' dir='ltr'><strong>Ε</strong></span> <span class='ocrx_word' id='word_1_513' title='bbox 845 3546 984 3601; x_wconf 89' lang='lat' dir='ltr'><strong>contrario</strong></span> <span class='ocrx_word' id='word_1_514' title='bbox 996 3553 1102 3614; x_wconf 88' lang='lat' dir='ltr'><strong>autem,</strong></span> <span class='ocrx_word' id='word_1_515' title='bbox 1116 3563 1157 3603; x_wconf 83' lang='lat' dir='ltr'><strong>vas</strong></span> <span class='ocrx_word' id='word_1_516' title='bbox 1206 3533 1327 3608; x_wconf 87' lang='lat' dir='ltr'><strong>¹transire</strong></span> <span class='ocrx_word' id='word_1_517' title='bbox 1340 3552 1453 3622; x_wconf 90' lang='lat' dir='ltr'><strong>cupiunt</strong></span> <span class='ocrx_word' id='word_1_518' title='bbox 1466 3552 1500 3607; x_wconf 94' lang='lat' dir='ltr'><strong>ad</strong></span> <span class='ocrx_word' id='word_1_519' title='bbox 1518 3565 1632 3623; x_wconf 74' lang='lat' dir='ltr'><strong>regnum</strong></span> <span class='ocrx_word' id='word_1_520' title='bbox 1649 3549 1777 3623; x_wconf 79' lang='lat' dir='ltr'><strong>roeleste,</strong></span> <span class='ocrx_word' id='word_1_521' title='bbox 1795 3563 1826 3612; x_wconf 92' lang='lat' dir='ltr'><strong>et</strong></span> <span class='ocrx_word' id='word_1_522' title='bbox 1842 3555 2000 3614; x_wconf 66' lang='lat' dir='ltr'><strong>eandm</strong></span> 
     </span>
     <span class='ocr_line' id='line_1_34' title="bbox 359 3628 2000 3721; baseline 0.014 -38"><span class='ocrx_word' id='word_1_523' title='bbox 359 3628 481 3701; x_wconf 81' lang='lat' dir='ltr'><strong>illisqui</strong></span> <span class='ocrx_word' id='word_1_524' title='bbox 503 3646 576 3688; x_wconf 90' lang='lat' dir='ltr'><strong>nuuc</strong></span> <span class='ocrx_word' id='word_1_525' title='bbox 589 3633 689 3701; x_wconf 88' lang='lat' dir='ltr'><strong>rident,</strong></span> <span class='ocrx_word' id='word_1_526' title='bbox 710 3636 837 3706; x_wconf 82' lang='lat' dir='ltr'><strong>quoniam</strong></span> <span class='ocrx_word' id='word_1_527' title='bbox 857 3636 970 3694; x_wconf 82' lang='lat' dir='ltr'><strong>flebunt.</strong></span> <span class='ocrx_word' id='word_1_528' title='bbox 992 3638 1070 3695; x_wconf 73' lang='lat' dir='ltr'><strong>flent</strong></span> <span class='ocrx_word' id='word_1_529' title='bbox 1091 3653 1157 3713; x_wconf 75' lang='lat' dir='ltr'><strong>ergo</strong></span> <span class='ocrx_word' id='word_1_530' title='bbox 1208 3642 1549 3699; x_wconf 86' lang='lat' dir='ltr'><strong>Dominomisericordiam</strong></span> <span class='ocrx_word' id='word_1_531' title='bbox 1568 3640 1638 3714; x_wconf 74' lang='lat' dir='ltr'><strong>ejus,</strong></span> <span class='ocrx_word' id='word_1_532' title='bbox 1659 3653 1687 3702; x_wconf 86' lang='lat' dir='ltr'><strong>et</strong></span> <span class='ocrx_word' id='word_1_533' title='bbox 1701 3646 1839 3703; x_wconf 81' lang='lat' dir='ltr'><strong>mirahilis</strong></span> <span class='ocrx_word' id='word_1_534' title='bbox 1854 3646 2000 3721; x_wconf 64' lang='lat' dir='ltr'><strong>dmm</strong></span> 
     </span>
     <span class='ocr_line' id='line_1_35' title="bbox 359 3720 1999 3822; baseline 0.014 -49"><span class='ocrx_word' id='word_1_535' title='bbox 359 3720 440 3822; x_wconf 83' lang='lat' dir='ltr'><strong>trtodo</strong></span> <span class='ocrx_word' id='word_1_536' title='bbox 457 3720 543 3777; x_wconf 88' lang='lat' dir='ltr'><strong>sancti</strong></span> <span class='ocrx_word' id='word_1_537' title='bbox 558 3721 607 3780; x_wconf 88' lang='lat' dir='ltr'><strong>llei</strong></span> <span class='ocrx_word' id='word_1_538' title='bbox 626 3742 637 3777; x_wconf 82' lang='lat' dir='ltr'><strong>v</strong></span> <span class='ocrx_word' id='word_1_539' title='bbox 654 3734 750 3783; x_wconf 74' lang='lat' dir='ltr'><strong>eunoes</strong></span> <span class='ocrx_word' id='word_1_540' title='bbox 763 3734 792 3783; x_wconf 94' lang='lat' dir='ltr'><strong>et</strong></span> <span class='ocrx_word' id='word_1_541' title='bbox 809 3728 949 3785; x_wconf 90' lang='lat' dir='ltr'><strong>mittentes</strong></span> <span class='ocrx_word' id='word_1_542' title='bbox 962 3731 1066 3786; x_wconf 91' lang='lat' dir='ltr'><strong>semina</strong></span> <span class='ocrx_word' id='word_1_543' title='bbox 1088 3746 1153 3802; x_wconf 91' lang='lat' dir='ltr'><strong>sua;</strong></span> <span class='ocrx_word' id='word_1_544' title='bbox 1207 3733 1278 3789; x_wconf 88' lang='lat' dir='ltr'><strong>filios</strong></span> <span class='ocrx_word' id='word_1_545' title='bbox 1290 3733 1441 3800; x_wconf 87' lang='lat' dir='ltr'><strong>hominum,</strong></span> <span class='ocrx_word' id='word_1_546' title='bbox 1452 3732 1524 3788; x_wconf 91' lang='lat' dir='ltr'><strong>nulfo</strong></span> <span class='ocrx_word' id='word_1_547' title='bbox 1539 3733 1619 3793; x_wconf 88' lang='lat' dir='ltr'><strong>modo</strong></span> <span class='ocrx_word' id='word_1_548' title='bbox 1631 3735 1755 3793; x_wconf 81' lang='lat' dir='ltr'><strong>oblivisci</strong></span> <span class='ocrx_word' id='word_1_549' title='bbox 1766 3743 1898 3808; x_wconf 82' lang='lat' dir='ltr'><strong>poterunt</strong></span> <span class='ocrx_word' id='word_1_550' title='bbox 1910 3737 1999 3795; x_wconf 63' lang='lat' dir='ltr'><strong>tol*</strong></span> 
     </span>
     <span class='ocr_line' id='line_1_36' title="bbox 359 3816 1998 3893; baseline 0.011 -26"><span class='ocrx_word' id='word_1_551' title='bbox 359 3820 499 3878; x_wconf 74' lang='lat' dir='ltr'><strong>vestientes</strong></span> <span class='ocrx_word' id='word_1_552' title='bbox 518 3821 608 3870; x_wconf 87' lang='lat' dir='ltr'><strong>autem</strong></span> <span class='ocrx_word' id='word_1_553' title='bbox 629 3816 738 3873; x_wconf 85' lang='lat' dir='ltr'><strong>venient</strong></span> <span class='ocrx_word' id='word_1_554' title='bbox 760 3816 786 3873; x_wconf 91' lang='lat' dir='ltr'><strong>in</strong></span> <span class='ocrx_word' id='word_1_555' title='bbox 814 3819 994 3877; x_wconf 79' lang='lat' dir='ltr'><strong>exsultatione</strong></span> <span class='ocrx_word' id='word_1_556' title='bbox 1014 3830 1156 3893; x_wconf 87' lang='lat' dir='ltr'><strong>portantes</strong></span> <span class='ocrx_word' id='word_1_557' title='bbox 1207 3824 1304 3881; x_wconf 90' lang='lat' dir='ltr'><strong>nitatis</strong></span> <span class='ocrx_word' id='word_1_558' title='bbox 1323 3822 1416 3891; x_wconf 88' lang='lat' dir='ltr'><strong>istius,</strong></span> <span class='ocrx_word' id='word_1_559' title='bbox 1433 3823 1481 3880; x_wconf 89' lang='lat' dir='ltr'><strong>sed</strong></span> <span class='ocrx_word' id='word_1_560' title='bbox 1496 3824 1524 3881; x_wconf 93' lang='lat' dir='ltr'><strong>iu</strong></span> <span class='ocrx_word' id='word_1_561' title='bbox 1543 3841 1657 3882; x_wconf 85' lang='lat' dir='ltr'><strong>nuntero</strong></span> <span class='ocrx_word' id='word_1_562' title='bbox 1670 3836 1827 3884; x_wconf 90' lang='lat' dir='ltr'><strong>sanctornm</strong></span> <span class='ocrx_word' id='word_1_563' title='bbox 1841 3827 1947 3885; x_wconf 77' lang='lat' dir='ltr'><strong>dicrum</strong></span> <span class='ocrx_word' id='word_1_564' title='bbox 1958 3841 1998 3884; x_wconf 79' lang='lat' dir='ltr'><strong>se·</strong></span> 
     </span>
     <span class='ocr_line' id='line_1_37' title="bbox 359 3903 1997 3991; baseline 0.01 -31"><span class='ocrx_word' id='word_1_565' title='bbox 359 3904 511 3974; x_wconf 81' lang='lat' dir='ltr'><strong>manipulos</strong></span> <span class='ocrx_word' id='word_1_566' title='bbox 525 3920 589 3962; x_wconf 85' lang='lat' dir='ltr'><strong>suos</strong></span> <span class='ocrx_word' id='word_1_567' title='bbox 603 3903 689 3978; x_wconf 80' lang='lat' dir='ltr'><strong>(Psoi.</strong></span> <span class='ocrx_word' id='word_1_568' title='bbox 703 3908 794 3982; x_wconf 88' lang='lat' dir='ltr'><strong>cxxv).</strong></span> <span class='ocrx_word' id='word_1_569' title='bbox 815 3929 824 3962; x_wconf 82' lang='lat' dir='ltr'><strong>v</strong></span> <span class='ocrx_word' id='word_1_570' title='bbox 1207 3917 1311 3988; x_wconf 88' lang='lat' dir='ltr'><strong>cipiunt</strong></span> <span class='ocrx_word' id='word_1_571' title='bbox 1330 3916 1421 3984; x_wconf 86' lang='lat' dir='ltr'><strong>illam,</strong></span> <span class='ocrx_word' id='word_1_572' title='bbox 1443 3921 1550 3989; x_wconf 81' lang='lat' dir='ltr'><strong>quando</strong></span> <span class='ocrx_word' id='word_1_573' title='bbox 1568 3920 1638 3975; x_wconf 87' lang='lat' dir='ltr'><strong>hane</strong></span> <span class='ocrx_word' id='word_1_574' title='bbox 1661 3919 1747 3976; x_wconf 84' lang='lat' dir='ltr'><strong>solam</strong></span> <span class='ocrx_word' id='word_1_575' title='bbox 1771 3920 1800 3975; x_wconf 89' lang='lat' dir='ltr'><strong>iu</strong></span> <span class='ocrx_word' id='word_1_576' title='bbox 1823 3920 1925 3991; x_wconf 73' lang='lat' dir='ltr'><strong>gandia</strong></span> <span class='ocrx_word' id='word_1_577' title='bbox 1945 3917 1997 3976; x_wconf 71' lang='lat' dir='ltr'><strong>nl·</strong></span> 
     </span>
    </p>

    <p class='ocr_par' dir='ltr' id='par_1_5' title="bbox 398 3996 1996 4075">
     <span class='ocr_line' id='line_1_38' title="bbox 398 3996 1996 4075; baseline 0.012 -24"><span class='ocrx_word' id='word_1_578' title='bbox 398 3996 459 4053; x_wconf 79' lang='lat' dir='ltr'><strong>«tn</strong></span> <span class='ocrx_word' id='word_1_579' title='bbox 474 3997 547 4053; x_wconf 89' lang='lat' dir='ltr'><strong>omni</strong></span> <span class='ocrx_word' id='word_1_580' title='bbox 564 4007 655 4055; x_wconf 90' lang='lat' dir='ltr'><strong>autem</strong></span> <span class='ocrx_word' id='word_1_581' title='bbox 677 4001 766 4070; x_wconf 90' lang='lat' dir='ltr'><strong>spatio</strong></span> <span class='ocrx_word' id='word_1_582' title='bbox 781 4001 844 4058; x_wconf 76' lang='lat' dir='ltr'><strong>vitm</strong></span> <span class='ocrx_word' id='word_1_583' title='bbox 862 4004 921 4074; x_wconf 84' lang='lat' dir='ltr'><strong>ejus</strong></span> <span class='ocrx_word' id='word_1_584' title='bbox 942 4019 996 4059; x_wconf 92' lang='lat' dir='ltr'><strong>non</strong></span> <span class='ocrx_word' id='word_1_585' title='bbox 1018 4004 1087 4072; x_wconf 91' lang='lat' dir='ltr'><strong>fuit,</strong></span> <span class='ocrx_word' id='word_1_586' title='bbox 1107 4007 1154 4075; x_wconf 82' lang='lat' dir='ltr'><strong>qui</strong></span> <span class='ocrx_word' id='word_1_587' title='bbox 1206 4026 1346 4068; x_wconf 85' lang='lat' dir='ltr'><strong>versamur</strong></span> <span class='ocrx_word' id='word_1_588' title='bbox 1373 4014 1574 4070; x_wconf 88' lang='lat' dir='ltr'><strong>solemnitatum</strong></span> <span class='ocrx_word' id='word_1_589' title='bbox 1599 4028 1708 4069; x_wconf 89' lang='lat' dir='ltr'><strong>suarum</strong></span> <span class='ocrx_word' id='word_1_590' title='bbox 1730 4012 1883 4074; x_wconf 81' lang='lat' dir='ltr'><strong>cetehraut.</strong></span> <span class='ocrx_word' id='word_1_591' title='bbox 1908 4012 1947 4072; x_wconf 69' lang='lat' dir='ltr'><strong>Et</strong></span> <span class='ocrx_word' id='word_1_592' title='bbox 1967 4025 1996 4070; x_wconf 80' lang='lat' dir='ltr'><strong>st</strong></span> 
     </span>
    </p>
   </div>
   <div class='ocr_carea' id='block_1_4' title="bbox 358 4088 1996 4719">
    <p class='ocr_par' dir='ltr' id='par_1_6' title="bbox 358 4088 1996 4719">
     <span class='ocr_line' id='line_1_39' title="bbox 362 4088 1996 4175; baseline 0.014 -38"><span class='ocrx_word' id='word_1_593' title='bbox 362 4088 561 4159; x_wconf 72' lang='lat' dir='ltr'><strong>«perturbaret</strong></span> <span class='ocrx_word' id='word_1_594' title='bbox 571 4088 664 4157; x_wconf 87' lang='lat' dir='ltr'><strong>lsrael,</strong></span> <span class='ocrx_word' id='word_1_595' title='bbox 680 4098 707 4147; x_wconf 92' lang='lat' dir='ltr'><strong>et</strong></span> <span class='ocrx_word' id='word_1_596' title='bbox 718 4101 779 4163; x_wconf 92' lang='lat' dir='ltr'><strong>post</strong></span> <span class='ocrx_word' id='word_1_597' title='bbox 791 4103 907 4150; x_wconf 91' lang='lat' dir='ltr'><strong>mortem</strong></span> <span class='ocrx_word' id='word_1_598' title='bbox 923 4093 981 4164; x_wconf 87' lang='lat' dir='ltr'><strong>ejus</strong></span> <span class='ocrx_word' id='word_1_599' title='bbox 992 4094 1071 4151; x_wconf 90' lang='lat' dir='ltr'><strong>anuis</strong></span> <span class='ocrx_word' id='word_1_600' title='bbox 1085 4096 1154 4153; x_wconf 82' lang='lat' dir='ltr'><strong>mul·</strong></span> <span class='ocrx_word' id='word_1_601' title='bbox 1206 4100 1311 4159; x_wconf 85' lang='lat' dir='ltr'><strong>scilieet</strong></span> <span class='ocrx_word' id='word_1_602' title='bbox 1335 4112 1466 4175; x_wconf 88' lang='lat' dir='ltr'><strong>tempure,</strong></span> <span class='ocrx_word' id='word_1_603' title='bbox 1490 4118 1544 4173; x_wconf 81' lang='lat' dir='ltr'><strong>quo</strong></span> <span class='ocrx_word' id='word_1_604' title='bbox 1568 4102 1685 4174; x_wconf 70' lang='lat' dir='ltr'><strong>pomum</strong></span> <span class='ocrx_word' id='word_1_605' title='bbox 1706 4116 1755 4174; x_wconf 89' lang='lat' dir='ltr'><strong>per</strong></span> <span class='ocrx_word' id='word_1_606' title='bbox 1781 4103 1946 4174; x_wconf 80' lang='lat' dir='ltr'><strong>baptismam</strong></span> <span class='ocrx_word' id='word_1_607' title='bbox 1966 4101 1996 4159; x_wconf 66' lang='grc' dir='ltr'><strong>ὁ</strong></span> 
     </span>
     <span class='ocr_line' id='line_1_40' title="bbox 361 4175 1994 4269; baseline 0.018 -41"><span class='ocrx_word' id='word_1_608' title='bbox 361 4194 372 4228; x_wconf 75' lang='grc' dir='ltr'><strong>ι</strong></span> <span class='ocrx_word' id='word_1_609' title='bbox 391 4176 434 4231; x_wconf 90' lang='lat' dir='ltr'><strong>tis.</strong></span> <span class='ocrx_word' id='word_1_610' title='bbox 451 4194 462 4228; x_wconf 80' lang='lat' dir='ltr'><strong>s</strong></span> <span class='ocrx_word' id='word_1_611' title='bbox 478 4175 620 4244; x_wconf 63' lang='lat' dir='ltr'><strong>Qomodn</strong></span> <span class='ocrx_word' id='word_1_612' title='bbox 639 4188 731 4235; x_wconf 90' lang='lat' dir='ltr'><strong>autem</strong></span> <span class='ocrx_word' id='word_1_613' title='bbox 750 4181 850 4240; x_wconf 88' lang='lat' dir='ltr'><strong>dicitur</strong></span> <span class='ocrx_word' id='word_1_614' title='bbox 863 4186 935 4256; x_wconf 84' lang='lat' dir='ltr'><strong>qrrod</strong></span> <span class='ocrx_word' id='word_1_615' title='bbox 950 4186 978 4241; x_wconf 93' lang='lat' dir='ltr'><strong>in</strong></span> <span class='ocrx_word' id='word_1_616' title='bbox 992 4188 1079 4256; x_wconf 90' lang='lat' dir='ltr'><strong>spatio</strong></span> <span class='ocrx_word' id='word_1_617' title='bbox 1093 4188 1154 4244; x_wconf 80' lang='lat' dir='ltr'><strong>virae</strong></span> <span class='ocrx_word' id='word_1_618' title='bbox 1206 4198 1309 4254; x_wconf 73' lang='lat' dir='ltr'><strong>inimici</strong></span> <span class='ocrx_word' id='word_1_619' title='bbox 1333 4206 1479 4254; x_wconf 74' lang='lat' dir='ltr'><strong>evaserunt</strong></span> <span class='ocrx_word' id='word_1_620' title='bbox 1502 4205 1654 4269; x_wconf 87' lang='lat' dir='ltr'><strong>potestate;</strong></span> <span class='ocrx_word' id='word_1_621' title='bbox 1678 4211 1764 4266; x_wconf 84' lang='lat' dir='ltr'><strong>usque</strong></span> <span class='ocrx_word' id='word_1_622' title='bbox 1787 4195 1816 4253; x_wconf 89' lang='lat' dir='ltr'><strong>iu</strong></span> <span class='ocrx_word' id='word_1_623' title='bbox 1841 4206 1994 4265; x_wconf 64' lang='lat' dir='ltr'><strong>presentet</strong></span> 
     </span>
     <span class='ocr_line' id='line_1_41' title="bbox 358 4265 1992 4357; baseline 0.017 -36"><span class='ocrx_word' id='word_1_624' title='bbox 358 4265 451 4323; x_wconf 80' lang='lat' dir='ltr'><strong>iudith</strong></span> <span class='ocrx_word' id='word_1_625' title='bbox 465 4267 554 4325; x_wconf 90' lang='lat' dir='ltr'><strong>nullus</strong></span> <span class='ocrx_word' id='word_1_626' title='bbox 573 4273 745 4341; x_wconf 83' lang='lat' dir='ltr'><strong>perturbaret</strong></span> <span class='ocrx_word' id='word_1_627' title='bbox 765 4276 857 4345; x_wconf 91' lang='lat' dir='ltr'><strong>lsrael,</strong></span> <span class='ocrx_word' id='word_1_628' title='bbox 878 4294 940 4335; x_wconf 94' lang='lat' dir='ltr'><strong>cum</strong></span> <span class='ocrx_word' id='word_1_629' title='bbox 964 4287 1019 4335; x_wconf 89' lang='lat' dir='ltr'><strong>tota</strong></span> <span class='ocrx_word' id='word_1_630' title='bbox 1042 4280 1152 4337; x_wconf 86' lang='lat' dir='ltr'><strong>humani</strong></span> <span class='ocrx_word' id='word_1_631' title='bbox 1185 4287 1290 4354; x_wconf 86' lang='lat' dir='ltr'><strong>diem,</strong></span> <span class='ocrx_word' id='word_1_632' title='bbox 1305 4288 1400 4353; x_wconf 86' lang='lat' dir='ltr'><strong>idest,</strong></span> <span class='ocrx_word' id='word_1_633' title='bbox 1415 4288 1635 4357; x_wconf 77' lang='lat' dir='ltr'><strong>doncoprnseos</strong></span> <span class='ocrx_word' id='word_1_634' title='bbox 1651 4285 1781 4343; x_wconf 72' lang='lat' dir='ltr'><strong>seculum</strong></span> <span class='ocrx_word' id='word_1_635' title='bbox 1798 4282 1992 4343; x_wconf 67' lang='lat' dir='ltr'><strong>dolatur-(¹⁸¹</strong></span> 
     </span>
     <span class='ocr_line' id='line_1_42' title="bbox 358 4362 1990 4447; baseline 0.008 -30"><span class='ocrx_word' id='word_1_636' title='bbox 358 4362 467 4434; x_wconf 72' lang='lat' dir='ltr'><strong>putens</strong></span> <span class='ocrx_word' id='word_1_637' title='bbox 483 4363 539 4419; x_wconf 85' lang='lat' dir='ltr'><strong>vita</strong></span> <span class='ocrx_word' id='word_1_638' title='bbox 555 4368 667 4424; x_wconf 76' lang='lat' dir='ltr'><strong>tentatm</strong></span> <span class='ocrx_word' id='word_1_639' title='bbox 685 4370 721 4426; x_wconf 90' lang='lat' dir='ltr'><strong>sit</strong></span> <span class='ocrx_word' id='word_1_640' title='bbox 734 4386 816 4442; x_wconf 89' lang='lat' dir='ltr'><strong>super</strong></span> <span class='ocrx_word' id='word_1_641' title='bbox 830 4380 941 4429; x_wconf 89' lang='lat' dir='ltr'><strong>terram.</strong></span> <span class='ocrx_word' id='word_1_642' title='bbox 964 4372 1018 4429; x_wconf 87' lang='lat' dir='ltr'><strong>Sed</strong></span> <span class='ocrx_word' id='word_1_643' title='bbox 1039 4373 1153 4430; x_wconf 84' lang='lat' dir='ltr'><strong>forsitan</strong></span> <span class='ocrx_word' id='word_1_644' title='bbox 1205 4389 1297 4432; x_wconf 86' lang='lat' dir='ltr'><strong>autem</strong></span> <span class='ocrx_word' id='word_1_645' title='bbox 1312 4378 1403 4433; x_wconf 88' lang='lat' dir='ltr'><strong>futura</strong></span> <span class='ocrx_word' id='word_1_646' title='bbox 1419 4377 1524 4432; x_wconf 81' lang='lat' dir='ltr'><strong>venerit</strong></span> <span class='ocrx_word' id='word_1_647' title='bbox 1537 4377 1603 4444; x_wconf 87' lang='lat' dir='ltr'><strong>vita,</strong></span> <span class='ocrx_word' id='word_1_648' title='bbox 1617 4375 1752 4447; x_wconf 82' lang='lat' dir='ltr'><strong>tuncjam</strong></span> <span class='ocrx_word' id='word_1_649' title='bbox 1765 4373 1903 4433; x_wconf 78' lang='lat' dir='ltr'><strong>festivitas</strong></span> <span class='ocrx_word' id='word_1_650' title='bbox 1915 4371 1990 4432; x_wconf 78' lang='lat' dir='ltr'><strong>satt-</strong></span> 
     </span>
     <span class='ocr_line' id='line_1_43' title="bbox 358 4452 1992 4540; baseline 0.009 -31"><span class='ocrx_word' id='word_1_651' title='bbox 358 4453 392 4509; x_wconf 90' lang='lat' dir='ltr'><strong>de</strong></span> <span class='ocrx_word' id='word_1_652' title='bbox 405 4452 482 4510; x_wconf 82' lang='lat' dir='ltr'><strong>clade</strong></span> <span class='ocrx_word' id='word_1_653' title='bbox 495 4455 613 4514; x_wconf 69' lang='lat' dir='ltr'><strong>hominm</strong></span> <span class='ocrx_word' id='word_1_654' title='bbox 634 4457 786 4518; x_wconf 88' lang='lat' dir='ltr'><strong>forinsecus</strong></span> <span class='ocrx_word' id='word_1_655' title='bbox 799 4462 880 4530; x_wconf 90' lang='lat' dir='ltr'><strong>dicit,</strong></span> <span class='ocrx_word' id='word_1_656' title='bbox 895 4464 968 4535; x_wconf 85' lang='lat' dir='ltr'><strong>quod</strong></span> <span class='ocrx_word' id='word_1_657' title='bbox 989 4472 1051 4535; x_wconf 91' lang='lat' dir='ltr'><strong>pust</strong></span> <span class='ocrx_word' id='word_1_658' title='bbox 1073 4478 1152 4521; x_wconf 86' lang='lat' dir='ltr'><strong>acee-</strong></span> <span class='ocrx_word' id='word_1_659' title='bbox 1206 4467 1240 4524; x_wconf 89' lang='lat' dir='ltr'><strong>lis</strong></span> <span class='ocrx_word' id='word_1_660' title='bbox 1254 4469 1307 4524; x_wconf 88' lang='lat' dir='ltr'><strong>crit</strong></span> <span class='ocrx_word' id='word_1_661' title='bbox 1324 4477 1406 4538; x_wconf 78' lang='lat' dir='ltr'><strong>atqrre</strong></span> <span class='ocrx_word' id='word_1_662' title='bbox 1421 4468 1552 4539; x_wconf 89' lang='lat' dir='ltr'><strong>perfecta,</strong></span> <span class='ocrx_word' id='word_1_663' title='bbox 1568 4468 1677 4540; x_wconf 87' lang='lat' dir='ltr'><strong>quando</strong></span> <span class='ocrx_word' id='word_1_664' title='bbox 1691 4467 1829 4525; x_wconf 88' lang='lat' dir='ltr'><strong>videbitur</strong></span> <span class='ocrx_word' id='word_1_665' title='bbox 1848 4467 1919 4524; x_wconf 78' lang='lat' dir='ltr'><strong>heus</strong></span> <span class='ocrx_word' id='word_1_666' title='bbox 1937 4463 1992 4522; x_wconf 80' lang='lat' dir='ltr'><strong>dst-</strong></span> 
     </span>
     <span class='ocr_line' id='line_1_44' title="bbox 358 4546 1988 4631; baseline 0.009 -30"><span class='ocrx_word' id='word_1_667' title='bbox 358 4554 433 4617; x_wconf 88' lang='lat' dir='ltr'><strong>ptam</strong></span> <span class='ocrx_word' id='word_1_668' title='bbox 451 4563 501 4620; x_wconf 85' lang='lat' dir='ltr'><strong>per</strong></span> <span class='ocrx_word' id='word_1_669' title='bbox 512 4546 606 4605; x_wconf 84' lang='lat' dir='ltr'><strong>todtth</strong></span> <span class='ocrx_word' id='word_1_670' title='bbox 623 4552 765 4608; x_wconf 88' lang='lat' dir='ltr'><strong>victoriam</strong></span> <span class='ocrx_word' id='word_1_671' title='bbox 784 4555 874 4611; x_wconf 90' lang='lat' dir='ltr'><strong>minus</strong></span> <span class='ocrx_word' id='word_1_672' title='bbox 887 4556 994 4613; x_wconf 89' lang='lat' dir='ltr'><strong>molesti</strong></span> <span class='ocrx_word' id='word_1_673' title='bbox 1006 4555 1107 4612; x_wconf 89' lang='lat' dir='ltr'><strong>fuerint</strong></span> <span class='ocrx_word' id='word_1_674' title='bbox 1120 4554 1155 4610; x_wconf 87' lang='lat' dir='ltr'><strong>ad</strong></span> <span class='ocrx_word' id='word_1_675' title='bbox 1208 4574 1269 4613; x_wconf 91' lang='lat' dir='ltr'><strong>rum</strong></span> <span class='ocrx_word' id='word_1_676' title='bbox 1284 4560 1312 4614; x_wconf 90' lang='lat' dir='ltr'><strong>iu</strong></span> <span class='ocrx_word' id='word_1_677' title='bbox 1336 4559 1412 4626; x_wconf 86' lang='lat' dir='ltr'><strong>Sion,</strong></span> <span class='ocrx_word' id='word_1_678' title='bbox 1434 4568 1463 4615; x_wconf 88' lang='lat' dir='ltr'><strong>et</strong></span> <span class='ocrx_word' id='word_1_679' title='bbox 1484 4560 1572 4616; x_wconf 84' lang='lat' dir='ltr'><strong>sancti</strong></span> <span class='ocrx_word' id='word_1_680' title='bbox 1589 4558 1648 4631; x_wconf 85' lang='lat' dir='ltr'><strong>ejus</strong></span> <span class='ocrx_word' id='word_1_681' title='bbox 1666 4558 1819 4631; x_wconf 79' lang='lat' dir='ltr'><strong>regnabunt</strong></span> <span class='ocrx_word' id='word_1_682' title='bbox 1836 4571 1900 4617; x_wconf 80' lang='lat' dir='ltr'><strong>autu</strong></span> <span class='ocrx_word' id='word_1_683' title='bbox 1917 4552 1988 4614; x_wconf 79' lang='lat' dir='ltr'><strong>soit</strong></span> 
     </span>
     <span class='ocr_line' id='line_1_45' title="bbox 358 4639 1489 4719; baseline 0.009 -24"><span class='ocrx_word' id='word_1_684' title='bbox 358 4649 465 4714; x_wconf 89' lang='lat' dir='ltr'><strong>tempus</strong></span> <span class='ocrx_word' id='word_1_685' title='bbox 488 4642 562 4714; x_wconf 70' lang='lat' dir='ltr'><strong>genti</strong></span> <span class='ocrx_word' id='word_1_686' title='bbox 584 4639 749 4703; x_wconf 77' lang='lat' dir='ltr'><strong>ludaeorum.</strong></span> <span class='ocrx_word' id='word_1_687' title='bbox 775 4646 932 4719; x_wconf 80' lang='lat' dir='ltr'><strong>lfysterium</strong></span> <span class='ocrx_word' id='word_1_688' title='bbox 955 4657 1046 4704; x_wconf 85' lang='lat' dir='ltr'><strong>autem</strong></span> <span class='ocrx_word' id='word_1_689' title='bbox 1069 4645 1157 4703; x_wconf 91' lang='lat' dir='ltr'><strong>mani·</strong></span> <span class='ocrx_word' id='word_1_690' title='bbox 1208 4651 1307 4706; x_wconf 80' lang='lat' dir='ltr'><strong>secula</strong></span> <span class='ocrx_word' id='word_1_691' title='bbox 1320 4651 1489 4708; x_wconf 76' lang='lat' dir='ltr'><strong>seculorum.</strong></span> 
     </span>
    </p>
   </div>
   <div class='ocr_carea' id='block_1_5' title="bbox 0 0 2360 6756">
    <p class='ocr_par' dir='ltr' id='par_1_7' title="bbox 0 0 2360 6756">
     <span class='ocr_line' id='line_1_46' title="bbox 0 0 2360 6756; baseline 0 0"><span class='ocrx_word' id='word_1_692' title='bbox 0 0 2360 6756; x_wconf 95' lang='lat' dir='ltr'><strong> </strong></span> 
     </span>
    </p>
   </div>
  </div>
 </body>
</html>
