4709 6767
339 571 389 628 ιιι

742 563 916 624 cnttttssbt.
936 563 969 619 ta
989 562 1110 618 labiles
1129 564 1160 619 lt'
1182 564 1312 620 liecurt.
1331 596 1367 607 -
1383 564 1417 619 ΙΝ
1436 565 1498 619 Lib.
1519 567 1559 620 tlt.

1913 570 1965 624 ιῖθ

338 685 438 739 ximus.
460 680 545 737 Pacta
559 686 623 736 sunt
634 685 724 733 autem
739 677 868 732 retiacula
882 678 949 741 bane,
961 686 990 731 ut
1005 682 1126 746 tegerent
1140 682 1164 739 Α
1179 677 1292 731 titudine
1310 676 1421 745 intelligi
1443 677 1548 742 alubret,
1564 677 1686 732 relietum
1711 687 1762 734 cst.
1781 679 1892 737 Constat
1916 698 1964 739 au·

337 774 478 845 capitella,
493 773 546 828 hoc
567 782 619 836 est,
635 769 752 840 undique
774 768 802 822 in
824 783 891 839 gyro
914 767 1126 830 circumdarent,

336 865 402 934 quia
416 863 507 918 omnis
526 860 674 931 Scripturas
688 866 787 914 sanctae
799 858 906 928 pagina,
921 873 982 914 curu
998 871 1071 912 recte
1088 858 1127 911 in-

337 957 479 1029 telligitur,
490 954 606 1025 gratiam
618 967 666 1022 per
677 952 768 1007 omnia
782 952 923 1006 charitatis
937 959 1015 1006 sonat
1031 968 1063 1005 ac
1077 967 1126 1022 pa-

337 1047 387 1100 ris.
402 1043 532 1114 Capitella
552 1044 623 1096 cuim
647 1042 783 1096 solumina
795 1041 946 1096 diuinorum
959 1041 1126 1110 eloquiorum

337 1134 467 1190 retiacula
478 1141 541 1188 sunt
555 1131 658 1187 vincula
672 1138 772 1187 mutuae
786 1132 954 1196 dilectionis;
971 1142 998 1186 et
1014 1133 1128 1187 retiacu-

335 1227 369 1281 lis
382 1234 511 1297 teguntur
524 1223 726 1294 capitolinum
739 1238 818 1280 saera
833 1222 937 1292 eloquia
949 1225 990 1293 (ut
1003 1223 1039 1276 ita
1054 1224 1127 1278 dixe-

336 1314 399 1383 rim)
413 1313 485 1368 duno
499 1311 639 1367 charitatis
650 1311 768 1381 undique
779 1307 929 1381 proluuntur
944 1326 1003 1365 esse
1017 1311 1124 1364 restita.

335 1401 403 1457 liam
418 1410 446 1458 et
463 1403 492 1456 in
512 1402 552 1456 eis
573 1416 632 1469 quae
656 1402 683 1456 in
708 1399 856 1470 seripturis
879 1417 931 1455 nna
956 1400 1128 1470 intelligimus

335 1493 456 1549 ebaritas
467 1493 581 1558 latet,et
595 1492 622 1547 in
635 1492 675 1546 cis
686 1508 745 1562 quac
759 1491 932 1562 intelligimus
942 1491 1061 1545 ebaritas
1073 1491 1127 1545 late

334 1594 420 1654 patet.
433 1585 507 1639 Beue
520 1595 610 1639 autem
620 1585 653 1639 de
663 1583 764 1639 eisdem
779 1583 915 1638 retiaculis
927 1584 983 1638 sire
996 1582 1127 1652 capitellis

334 1680 492 1749 arljuttg'rtrtr
505 1696 512 1730 :

374 1791 383 1821 i
402 1770 468 1836 Quae
479 1778 557 1823 erant
567 1784 648 1838 super
659 1767 839 1823 summitatem
853 1766 1123 1837 malogranatorum.»

334 1859 522 1931 blalogranata
545 1874 662 1928 namque
678 1857 803 1929 (quorum
822 1865 916 1911 natura
931 1866 972 1911 est
989 1866 1042 1910 uno
1061 1855 1127 1911 ioris

1179 776 1231 820 tem
1245 766 1345 835 absque
1367 767 1420 821 ulla
1443 781 1554 835 prorsus
1574 766 1711 822 dubietate
1734 770 1805 839 quod
1827 770 1964 837 columna,

1176 872 1257 928 quam
1279 856 1419 911 duodecim
1441 858 1592 910 cubitorum
1617 858 1697 912 restis
1725 860 1874 925 ambiebat,
1898 878 1965 932 qua·

1178 955 1239 999 tuor
1267 945 1372 998 cubitos
1398 945 1514 999 babebat
1541 947 1739 1013 grossitudinis.
1774 948 1868 1004 Omnis
1892 953 1965 1006 cuim

1176 1036 1293 1090 circulus
1315 1045 1443 1105 qnantum
1466 1036 1546 1105 spatii
1573 1038 1599 1089 in
1626 1037 1892 1103 diametro,tanturrt
1919 1043 1968 1096 lm-

1177 1128 1222 1181 bct
1236 1135 1277 1182 ter
1290 1129 1315 1181 iu
1328 1143 1404 1199 gyro.
1430 1128 1548 1195 Denique
1570 1142 1645 1183 mare
1670 1145 1773 1181 :arreum
1793 1132 1854 1199 qnia
1868 1132 1968 1188 diame-

1177 1226 1248 1270 trum
1270 1218 1383 1272 babebat
1406 1217 1497 1271 decem
1519 1218 1682 1283 cubitorum,
1695 1229 1724 1274 ut
1748 1222 1967 1291 insequentibus

1176 1307 1284 1375 legitur,
1303 1316 1499 1376 consequenter
1527 1308 1644 1361 babebat
1670 1310 1779 1379 triginta
1804 1312 1911 1368 cubitos
1934 1315 1962 1368 in

1176 1411 1253 1467 gyro.
1271 1396 1369 1451 Verum
1384 1397 1446 1466 quia
1464 1398 1571 1463 dicitnr,
1587 1414 1654 1468 opus
1677 1399 1724 1453 lilii
1746 1411 1863 1471 quatuor
1883 1404 1966 1460 luisse

1176 1486 1339 1551 cubiturum,
1361 1487 1418 1541 sire
1441 1485 1622 1552 latitudinem,
1646 1503 1693 1542 seu
1710 1489 1830 1559 designet
1845 1494 1966 1548 altitudi-

1177 1591 1248 1640 rtem,
1261 1578 1434 1632 nibilominus
1444 1578 1513 1632 ratin
1526 1579 1618 1650 ligura
1628 1582 1767 1650 perspicua
1779 1585 1900 1654 est-‚quia
1912 1602 1965 1640 uon

1177 1669 1228 1724 uisi
1246 1683 1295 1739 per
1309 1666 1484 1739 Eraagelium
1509 1669 1712 1738 exoptatissima
1736 1670 1778 1724 illa
1799 1674 1898 1728 nruudo
1913 1690 1965 1730 ros

1177 1761 1314 1815 insonuit:
1333 1780 1340 1811 ι
1357 1759 1546 1815 Paenitentiam
1560 1762 1641 1831 agite,
1656 1762 1881 1831 appropinquabit
1892 1765 1966 1818 enim

1177 1864 1288 1920 regnum
1300 1850 1429 1904 caelorum
1443 1851 1452 1921 ι
1461 1850 1555 1903 llettlr.
1571 1850 1643 1911 ιιι..
1661 1852 1736 1917 Quod
1751 1868 1815 1907 rero
1830 1856 1965 1924 seqnitur:

335 1952 440 2006 cortioe
462 1950 546 2005 urultn
571 1949 685 2004 interius
710 1963 793 2017 grana
819 1948 1001 2019 circumdare)
1023 1959 1085 2016 apte
1099 1948 1125 2001 iu
1215 1938 1276 1993 ‹El›
1289 1957 1395 1995 tursum
1410 1941 1460 1994 ³15³
1481 1941 1605 2010 &vilella
1620 1943 1966 2001 insurumitateeolumna-

334 2041 421 2111 figura
433 2049 534 2095 samen
546 2047 682 2109 ponuntur
690 2038 825 2102 Ecclesiae,
834 2055 893 2107 quas
906 2037 1037 2093 catholieo
1048 2038 1127 2093 unlus
1142 2024 1164 2082 Β
1182 2049 1191 2082 t
1210 2047 1269 2086 ¹⁸⁰¹ss
1291 2032 1407 2103 d⁰⁵¹¹ll⁰r
1420 2031 1498 2101 1⁰¹¹st
1517 2048 1670 2087 mensuram
1685 2044 1777 2088 ⁰⁰¹¹¹l³
1799 2038 1939 2103 retiacula,
1955 2059 1964 2090 t

334 2131 398 2185 blei
411 2131 559 2186 munimine
572 2131 712 2184 innumera
725 2130 871 2184 electorum
886 2128 992 2197 agmina
1006 2128 1074 2181 solet
1084 2128 1126 2181 iu-
1172 2120 1249 2189 jttt‘a
1264 2136 1416 2176 mensurant
1429 2122 1561 2176 oolumnae
1575 2129 1657 2176 mutae
1671 2125 1854 2193 arrrplitudirris
1865 2139 1966 2197 quanm

333 2220 455 2275 cludere.
480 2219 574 2275 Potest
597 2228 687 2275 autem
707 2226 735 2274 et
753 2219 936 2289 unnsquisque
955 2217 1021 2287 justi
1042 2218 1125 2273 vitam

332 2325 480 2378 moresque
495 2310 648 2382 designare,
662 2310 717 2379 qui,
733 2310 806 2364 velut
820 2310 935 2379 plurima
957 2324 1010 2363 uno
1024 2311 1125 2366 cortice

332 2415 430 2471 grana,
444 2401 669 2471 circumplectens
682 2401 764 2455 multa
778 2400 969 2471 cogitationum
983 2401 1126 2456 virtutum-

332 2505 387 2558 que
409 2489 574 2560 spiritalium
599 2488 731 2558 insignia,
748 2503 781 2543 ne
801 2488 871 2543 sorte
892 2487 1024 2552 dililuant,
1047 2489 1125 2544 llrma

333 2579 396 2634 fidei
414 2590 443 2633 et
460 2580 619 2634 lrurrrilitatis
641 2587 717 2633 curat
734 2578 836 2633 rallare
857 2579 988 2633 custodia.
1013 2579 1046 2632 Et
1062 2586 1125 2649 apto

331 2683 447 2737 prorsus
460 2668 589 2739 mysterio
610 2668 699 2737 capita
720 2667 906 2722 columnarum
932 2666 1124 2737 malogranatis

332 2771 412 2817 erant
422 2763 451 2815 ιιι
470 2777 536 2833 gyro
550 2761 726 2826 circumdata,
740 2760 803 2830 quia
818 2758 941 2815 doctores
956 2769 1064 2814 sanictos
1079 2774 1125 2813 ne·

332 2867 409 2907 cesse
420 2862 463 2908 est
477 2855 597 2923 priorum
619 2852 703 2906 vitam
715 2852 831 2906 ddelium
847 2850 881 2906 ad
903 2852 1059 2905 memoriam
1081 2866 1125 2905 re

330 2957 441 3008 vocare,
455 2958 603 3013 eorumque
626 2958 733 3012 semper
754 2941 884 3011 exemplis
909 2950 986 2997 aetus
1012 2957 1075 2997 snos
1090 2957 1122 2997 ae

329 3048 473 3088 sermones
497 3034 571 3088 omni
595 3049 629 3088 ex
652 3042 730 3103 parte
752 3033 929 3097 communire,
945 3047 979 3086 ne
1000 3031 1024 3086 si
1046 3032 1124 3088 aliter

330 3121 402 3176 sorte
415 3137 499 3191 quam
514 3121 619 3177 illomm
633 3121 715 3177 babet
727 3120 818 3193 regula
833 3122 952 3177 vixerint
968 3129 1014 3176 aut
1026 3124 1124 3181 docue-

329 3209 397 3276 rint,
411 3219 515 3267 errem.
531 3210 597 3266 Cum
620 3223 686 3265 vern
709 3210 810 3265 dietum
831 3210 867 3264 sit
887 3210 921 3265 de
942 3210 1081 3267 retiaculis
1093 3218 1124 3268 ut

329 3309 457 3372 tegerent
471 3302 604 3371 capitella,
614 3317 675 3371 quur
688 3308 766 3356 erant
780 3315 862 3372 super
874 3303 1055 3359 summitatem
1066 3320 1125 3360 rna·

1176 2222 1235 2268 crat
1249 2219 1277 2269 et
1291 2214 1425 2278 columna,
1443 2215 1520 2284 cujus
1536 2224 1626 2268 temeri
1639 2214 1752 2269 altitudo
1764 2227 1863 2286 quanta
1886 2221 1967 2275 luerit

1176 2305 1287 2360 mirrime
1301 2313 1437 2359 narratur.
1450 2304 1514 2360 llaec
1527 2314 1616 2360 autem
1631 2308 1754 2376 capitella
1770 2311 1966 2382 qualiacunque

1175 2405 1203 2450 et
1220 2404 1425 2467 quantacunque
1432 2395 1602 2469 luerint(noa
1614 2399 1687 2452 enim
1704 2415 1857 2456 mensuram
1872 2419 1967 2460 eorum

1175 2493 1268 2553 aperte
1291 2483 1430 2554 Scriptura
1454 2486 1586 2557 designat)
1602 2501 1677 2542 more
1701 2489 1816 2545 liliorum
1840 2493 1966 2550 ridentur

1175 2590 1236 2631 esse
1252 2576 1383 2645 apposita.
1398 2576 1436 2631 lle
1448 2591 1562 2646 quomm
1580 2578 1684 2633 lactura
1705 2582 1726 2634 si
1741 2583 1805 2650 quid
1821 2586 1965 2653 mysticum

1174 2665 1312 2734 inquirere
1331 2665 1457 2731 delectat,
1472 2666 1517 2720 illa
1532 2668 1608 2737 regni
1628 2671 1754 2737 pereurris
1772 2672 1967 2731 sublimitatem

1173 2763 1264 2824 potest
1276 2770 1329 2811 non
1349 2757 1497 2829 incongrue
1510 2759 1663 2830 designare,
1679 2775 1759 2830 quam
1775 2780 1784 2812 ι
1807 2779 1856 2819 uec
1871 2767 1966 2822 oculus

1174 2845 1251 2910 vidit,
1265 2859 1315 2900 nec
1328 2847 1402 2901 auris
1414 2848 1525 2914 audirlt,
1542 2863 1592 2903 nec
1603 2849 1630 2903 in
1645 2865 1692 2904 cor
1704 2851 1821 2907 bominis
1832 2857 1964 2922 ascendit,

1175 2949 1234 3003 quae
1256 2938 1417 3005 praepararit
1442 2938 1512 2992 Deus
1539 2938 1712 3009 diligentibus
1736 2956 1765 2996 se
1787 2942 1864 3012 (lsai.
1885 2962 1963 3010 ns1r3

1174 3022 1189 3077 1
1203 3021 1265 3079 Cor.
1280 3024 1320 3097 ιι).
1334 3045 1343 3076 ι
1363 3025 1461 3082 ilerum
1475 3029 1538 3097 quia
1551 3031 1645 3084 eadem
1659 3046 1836 3106 supernorum
1850 3039 1966 3095 societas

1173 3112 1274 3168 citrium
1301 3115 1441 3185 utriusque
1465 3119 1556 3187 populi
1583 3119 1707 3176 lldelibus
1732 3125 1869 3191 tribuitur,
1891 3140 1966 3186 recte

1174 3205 1362 3277 subjungitur:

1214 3316 1224 3349 ι
1242 3297 1484 3369 llalograautorum
1499 3308 1588 3354 autem
1606 3301 1713 3357 ducenti
1727 3304 1836 3361 ordines
1846 3318 1925 3362 erant
1937 3310 1965 3363 in

328 3387 535 3463 logranatorum
548 3432 556 3459 ,
570 3392 679 3448 ridetur
697 3391 773 3461 iuxta
788 3392 908 3447 ordinem
928 3394 1018 3463 operis
1040 3365 1160 3466 ipsiusc
1179 3407 1189 3441 ι
1205 3389 1318 3445 oireuitu
1333 3390 1449 3460 capitelli
1472 3393 1594 3447 secundi.
1610 3412 1620 3444 ι
1638 3392 1761 3450 Diximus
1777 3408 1867 3452 autern
1880 3400 1965 3455 malo·

327 3482 396 3552 quia
410 3481 598 3554 malogranata
614 3481 715 3538 inerint
728 3481 799 3537 lacta
814 3482 840 3536 in
861 3483 976 3538 circuitu
989 3485 1125 3554 capitello·
1174 3491 1287 3551 granata
1301 3482 1344 3537 vel
1359 3482 1441 3537 totius
1462 3491 1561 3537 sancte
1576 3484 1719 3551 Ecclesiae,
1733 3490 1775 3542 rel
1797 3491 1965 3561 singulorum

327 3585 422 3627 ruma
438 3581 515 3642 parte
528 3572 666 3639 inierlori,
679 3582 760 3643 atque
771 3588 805 3627 ex
816 3572 918 3628 eisdem
933 3574 1125 3645 malogranatis
1173 3585 1342 3641 quorumque
1357 3571 1474 3626 fidelium
1488 3580 1581 3642 typum
1594 3582 1694 3630 tenere.
1709 3577 1886 3637 Communi-ius
1899 3599 1964 3638 vero

325 3662 470 3718 orirentur
491 3663 629 3729 retiacula,
641 3663 740 3734 quibus
757 3663 879 3735 capitella
893 3680 928 3719 ex
946 3667 1123 3737 partealiqua

328 3761 500 3823 tegerentur.
513 3753 646 3825 Patetque
659 3753 745 3826 dgura
759 3755 891 3825 mysterii,
900 3770 983 3825 quare
993 3758 1123 3813 retiacula

325 3857 417 3911 super
430 3844 616 3899 summitatem
629 3844 730 3900 luerint
747 3844 992 3916 malogranatorum
1006 3846 1122 3913 adnexa,

324 3930 534 4000 quandonam
547 3947 616 4003 pene
637 3933 857 4004 signillcationem
878 3936 936 3990 sire
947 3951 1122 4005 personarum

323 4034 381 4076 sen
401 4020 533 4076 virtutum
556 4023 693 4091 pertinent
719 4023 889 4093 spiritalium.
919 4025 1025 4082 Scimus
1050 4028 1122 4084 enini

322 4114 450 4169 virtutes
460 4113 494 4168 de
504 4114 648 4170 virtutibus
658 4115 742 4181 nasci,
756 4124 782 4171 et
793 4125 900 4172 sanctos
910 4118 1048 4174 ambulare
1063 4140 1071 4171 ι
1090 4121 1123 4177 de

321 4204 436 4259 virtute
448 4204 476 4258 in
488 4205 631 4272 virtutem,
645 4206 730 4261 donec
742 4207 866 4263 rideatur
878 4208 950 4264 licus
970 4210 1081 4265 deorum
1094 4212 1122 4266 in

322 4293 399 4350 Sion
414 4293 474 4367 (Pi.
487 4295 617 4367 txxxrrr);
634 4316 643 4349 r
657 4311 710 4366 qua
724 4297 822 4353 rirtute
837 4299 908 4353 nulla
925 4310 1013 4369 potest
1036 4302 1123 4372 major

319 4385 413 4440 adiri.
439 4384 514 4441 Unde
536 4394 564 4441 et
584 4387 743 4456 Apostolus:
759 4407 768 4440 ι
785 4387 915 4454 scientes,
940 4391 1045 4459 inquit,
1059 4393 1122 4462 quia

318 4471 475 4528 tribulatio
485 4476 641 4544 patientiam
655 4485 794 4547 operatur.
809 4479 938 4548 patientia
953 4491 1121 4552 autempro·

315 4563 483 4628 barionem,
494 4565 617 4635 probatio
632 4581 698 4620 reru
710 4582 785 4636 spem
800 4566 885 4638 (door.
899 4568 956 4640 rbi

370 4675 380 4707 ι
398 4655 527 4726 Capitolia
540 4666 640 4723 autem,
655 4674 714 4728 quae
727 4666 805 4713 erant
822 4676 903 4730 super
914 4662 1000 4729 capita
1016 4664 1118 4718 colum·

1173 3675 1312 3725 nutrierus,
1325 3661 1370 3729 qui
1384 3661 1418 3714 ad
1433 3662 1572 3716 dexteram
1587 3674 1695 3719 manum
1709 3666 1813 3736 primus
1831 3672 1962 3739 pervenit

1173 3765 1365 3820 nonnunquam
1377 3752 1405 3805 in
1417 3762 1525 3806 aeternae
1536 3753 1711 3810 beatitudinis
1723 3755 1808 3827 ligura
1822 3761 1885 3828 poni
1899 3777 1965 3816 eon·

1174 3844 1271 3897 suerit.
1286 3842 1444 3913 Duplicatur
1458 3853 1548 3900 antem
1561 3846 1605 3900 bie
1618 3862 1747 3903 numerus
1766 3852 1962 3922 nralogranato-

1174 3947 1233 3986 rum
1249 3933 1405 3989 incircuitu
1422 3935 1538 4004 capitelli
1554 3937 1674 4002 secundi,
1691 3946 1719 3991 ut
1741 3939 1892 3996 insinuetur
1905 3960 1963 4013 my-

1173 4023 1239 4078 stice
1252 4024 1323 4093 quod
1344 4024 1484 4095 utriusque
1500 4028 1654 4082 testamenti
1677 4030 1790 4098 populus
1803 4033 1962 4088 adunandus

1173 4118 1200 4172 in
1215 4117 1333 4182 Christo,
1349 4127 1430 4188 atque
1442 4120 1475 4174 ad
1488 4128 1616 4175 aeternam
1628 4122 1690 4176 ritae
1703 4123 1736 4177 sit
1752 4123 1961 4182 introducendus

1173 4222 1313 4263 coronam.

1211 4315 1220 4347 ι
1239 4296 1272 4349 Et
1286 4296 1380 4351 statuit
1390 4296 1457 4350 diros
1467 4297 1606 4352 columnas
1621 4299 1648 4351 in
1659 4301 1763 4369 porticu
1778 4303 1878 4373 templi.
1891 4304 1958 4360 Cum

1176 4405 1185 4437 ι
1203 4387 1500 4442 statuissetcolumnam
1513 4387 1843 4455 dexteramroeariteam
1853 4397 1961 4452 nomine

1171 4498 1181 4530 ι
1198 4480 1311 4547 lachim,
1324 4482 1489 4539 densitatem.
1501 4482 1634 4538 Similiter
1646 4487 1733 4539 erexit
1743 4485 1898 4538 columnam
1914 4500 1957 4537 sis

1170 4588 1180 4623 ι
1197 4574 1354 4639 eundum,et
1363 4576 1470 4630 vocarit
1479 4590 1578 4632 norrren
1589 4575 1648 4645 ejus
1656 4574 1726 4631 Booz
1735 4577 1762 4630 iu
1773 4577 1956 4641 roboream.»

1171 4659 1272 4713 Dextra
1283 4660 1407 4714 columna
1421 4660 1555 4731 (utsupra
1571 4662 1697 4733 diximus)
1711 4664 1818 4718 illorum
1832 4668 1960 4735 exprimit

320 4770 335 4802 s
362 4764 472 4813 narum,
486 4751 563 4820 quasi
577 4766 658 4820 opere
671 4751 718 4805 lilii
731 4751 861 4805 fabricata
876 4762 962 4816 erant,
977 4753 1004 4807 in
1015 4756 1119 4823 porticu
1173 4749 1287 4821 liguram
1309 4752 1449 4806 doctorum
1470 4752 1515 4821 qui
1538 4752 1702 4820 primitivam
1718 4756 1745 4808 in
1767 4755 1959 4829 Hierosolymis

319 4858 334 4892 c
358 4846 481 4908 quatuor
494 4840 676 4895 cubitorum.»
694 4839 762 4907 Quid
782 4841 854 4895 enim
866 4855 914 4910 per
928 4840 994 4906 lilia,
1010 4844 1061 4897 nisi
1076 4861 1121 4898 su·
1171 4841 1345 4894 instituerunt
1366 4841 1527 4906 Ecclesiam,
1544 4844 1661 4897 secunda
1679 4859 1771 4899 eorum
1786 4848 1831 4915 qui
1846 4848 1880 4902 ad
1889 4864 1959 4917 prte-

314 4946 424 5003 pernac
439 4930 546 4987 claritas
564 4932 659 5001 patriar
673 4940 754 5002 atquc
774 4932 986 4986 immortalitatis
1009 4933 1120 4989 iloribus
1171 4931 1315 4985 dicandum
1337 4933 1462 5002 gentibus
1475 4932 1601 4987 destinati
1615 4943 1687 4988 sunt.
1705 4934 1751 4989 i'el
1767 4947 1840 4992 cerlo
1862 4940 1958 4994 dextra

316 5020 467 5085 redolens,
484 5021 600 5090 paradisi
625 5021 780 5091 designatur
799 5021 959 5075 amoenitas?
978 5023 1047 5088 Quid
1071 5039 1120 5092 per
1170 5020 1295 5075 columna
1310 5037 1356 5076 eos
1369 5018 1502 5092 significat
1515 5023 1560 5092 qui
1572 5034 1713 5079 tenturum
1728 5025 1754 5079 in
1772 5042 1853 5083 earne
1867 5028 1958 5085 Douri-

314 5119 449 5182 quatuor
467 5111 581 5175 cubitos,
601 5111 651 5164 nisi
667 5110 837 5181 evangelicus
860 5125 959 5175 sermo,
974 5113 1019 5180 qui
1034 5113 1119 5167 intro·
1170 5128 1233 5166 rrum
1245 5113 1430 5181 propbetando
1444 5114 1633 5182 predixerant,
1645 5117 1759 5170 secunda
1770 5132 1818 5171 eus
1829 5120 1874 5187 qui
1886 5120 1958 5176 buue

315 5205 399 5259 itum
425 5203 501 5259 uobis
518 5212 627 5258 aeterrrte
651 5202 722 5257 illius
745 5203 918 5258 beatitudinis
937 5206 1077 5273 promittit,
1092 5214 1119 5260 et
1166 5205 1222 5273 iam
1238 5205 1343 5259 senisse
1363 5214 1389 5257 et
1403 5205 1531 5258 mundum
1545 5220 1593 5258 suo
1605 5206 1734 5275 sanguine
1750 5209 1896 5264 redemisse
1914 5221 1957 5267 te-

315 5296 384 5349 iter
404 5306 459 5362 quo
479 5296 511 5349 ad
529 5296 600 5349 banc
621 5295 796 5365 perveniatur
816 5296 950 5351 ostendit?
974 5296 1040 5351 Cum
1054 5314 1118 5369 ergo

318 5384 420 5441 sancti
435 5383 555 5441 doctores
565 5387 699 5457 promissa
712 5386 788 5440 nobis
802 5386 894 5439 limina
908 5388 983 5457 regni
998 5388 1116 5443 celestis

318 5476 355 5530 in
381 5481 497 5544 quatuor
509 5477 597 5532 saneti
615 5475 754 5546 Evangelii
776 5476 852 5529 libris
873 5478 1026 5539 ostendunt,
1040 5478 1115 5545 quasi

317 5564 419 5634 capita
435 5564 635 5629 columnarum,
654 5581 721 5636 opus
735 5566 761 5620 in
780 5581 809 5621 sc
821 5565 869 5619 lilii
883 5574 999 5635 quatuor
1015 5568 1117 5621 cubito-

318 5671 390 5714 rttm
411 5657 550 5712 exhibent.
574 5658 624 5713 Ubi
640 5658 888 5727 rrotandunr,Juxta
908 5658 1036 5722 litteram,
1053 5659 1114 5725 quia

319 5761 391 5804 mm
404 5760 473 5815 opus
486 5747 533 5802 lilii
557 5748 583 5801 in
603 5749 735 5818 capitellis
755 5757 871 5817 quatuor
892 5748 1043 5802 culritnrum
1057 5764 1117 5802 esse

320 5847 507 5901 memoratur,
517 5854 602 5908 neque
612 5840 729 5903 additur,
740 5838 1115 5904 latitudiuis,annotandum,

322 5928 438 5984 lectoris
450 5929 543 5996 utique
553 5928 666 5997 judicio,
684 5938 775 5983 utrum
789 5930 815 5983 ιιι
832 5928 972 5984 altitudine
986 5944 1019 5980 an
1034 5927 1061 5982 in
1080 5929 1116 5982 lu·

491 6019 615 6078 Ps'raot
648 6019 729 6082 clx.

1169 5304 1286 5348 stamar.
1302 5292 1335 5346 Et
1347 5302 1409 5361 apte
1428 5293 1509 5347 simili
1528 5292 1658 5349 uocabulo
1680 5298 1765 5351 anabau
1777 5301 1956 5357 censebantur

1169 5384 1308 5445 columna,
1323 5400 1384 5438 cum
1400 5401 1465 5447 una,
1479 5384 1600 5451 pruritus,
1613 5384 1709 5449 altera,
1722 5389 1748 5440 in
1769 5390 1869 5455 robure,
1885 5393 1957 5447 dicta

1169 5485 1222 5539 est,
1237 5484 1267 5528 ut
1284 5492 1338 5529 una
1360 5474 1421 5528 lldci
1437 5484 1464 5529 ct
1487 5475 1576 5543 operis
1590 5474 1720 5531 fortitudo
1739 5481 1843 5534 curretis
1868 5483 1956 5537 inesse.

1170 5565 1326 5619 doctoribus
1341 5574 1550 5630 oleastrorum,
1564 5568 1704 5635 nostrique
1719 5572 1847 5638 temporis
1860 5572 1958 5626 inertia

1171 5657 1252 5711 tacite
1264 5665 1413 5721 notaretur,
1424 5657 1469 5709 ubi
1480 5671 1509 5710 se
1522 5658 1643 5712 nonnulli
1655 5661 1789 5725 doctores,
1803 5664 1955 5716 sacerdotes

1170 5756 1197 5801 et
1208 5747 1346 5801 colurmras
1355 5746 1450 5800 domus
1462 5748 1508 5799 bei
1522 5748 1606 5801 rideri
1617 5758 1697 5818 atque
1709 5751 1836 5819 appellari
1852 5752 1953 5812 tolum,

1169 5854 1231 5891 cum
1249 5838 1286 5891 nil
1302 5839 1327 5891 in
1345 5852 1373 5891 se
1390 5852 1500 5906 prorsus
1516 5837 1600 5892 lirinae
1621 5839 1682 5893 irdei
1697 5841 1729 5894 ad
1745 5843 1954 5893 contemnendas

1169 5928 1259 5982 saeculi
1282 5944 1403 5997 parmas,
1418 5945 1449 5983 ac
1468 5927 1645 5982 desideranda
1659 5928 1729 5983 bona
1744 5923 1900 5991 invisibilia,
1917 5928 1956 5980 uil

1698 6016 1717 6075 6
