4709 6767
387 734 420 790 aa
708 729 737 783 n.
757 722 1011 786 carantanum
1030 719 1190 777 ιιιειιιει).
1205 719 1359 778 aocour.
1377 689 1519 779 menon
1539 720 1627 776 nans
1646 720 1668 774 l.
1973 719 2008 772 m

390 863 400 896 ι
423 844 525 899 εειιιειι
537 849 651 898 ιιιειιειιι
669 841 769 906 attolit,
788 847 816 894 et
830 837 1092 894 animaduersionem
1106 832 1170 887 reli-
1185 834 1208 893 A
1222 833 1292 900 apud
1316 848 1407 903 regern
1431 834 1574 902 quemdam
1593 833 1674 895 Getlr,
1703 833 1810 886 nornine
1833 831 1928 886 dehis.
1954 833 2009 887 Sul

387 937 470 1007 ginsae
484 935 576 990 intulit
589 934 704 989 ciuitati.
727 932 819 986 Primo
840 928 986 984 videndum
1002 934 1044 981 est
1056 925 1122 995 quid
1135 925 1172 978 sit
1223 936 1284 977 ειιιιι
1294 922 1379 992 gloria
1392 920 1451 988 eius
1463 923 1503 977 sic
1517 921 1611 977 luisset
1624 930 1848 984 corrmcrrrorata,
1864 936 1898 975 nc
1911 937 1960 991 per
1975 923 2009 976 li·

388 1027 459 1097 quod
471 1025 555 1081 David
565 1022 744 1093 interroganti
751 1020 889 1092 respondit
898 1018 1043 1082 sacerdoti,
1054 1025 1082 1072 ει
1093 1016 1170 1071 dixit.
1222 1028 1314 1068 vorem
1329 1029 1376 1067 rex
1393 1014 1429 1068 ad
1442 1029 1523 1083 quem
1540 1010 1699 1083 confugerat
1714 1014 1740 1067 in
1754 1026 1815 1067 euna
1830 1013 1930 1081 aliquid
1946 1013 2009 1067 nrali

391 1136 402 1168 ι
426 1116 460 1172 Ει
479 1115 588 1185 quidem
608 1114 631 1169 si
646 1115 679 1167 de
697 1112 855 1167 mulieribus
872 1110 972 1181 agitur,
990 1107 1174 1164 continuimus
1223 1103 1434 1169 machinaretur,
1448 1104 1525 1158 finxit
1538 1104 1678 1169 insaniam,
1692 1113 1730 1168 et,
1743 1105 1820 1173 quasi
1834 1103 1925 1160 lurore
1953 1123 2012 1160 cor·

390 1226 402 1258 ι
425 1221 474 1262 uos
493 1207 528 1260 sb
546 1204 605 1260 heri
620 1210 649 1258 et
660 1202 872 1267 nudiustertius,
892 1199 1000 1269 mando
1013 1196 1173 1267 egredieba·
1224 1202 1327 1262 reptos,
1345 1213 1354 1245 ι
1369 1195 1484 1249 maurit
1497 1210 1529 1249 os
1541 1211 1629 1261 soum,
1649 1195 1854 1264 delluelrantqne
1868 1196 1961 1252 saliuae
1984 1199 2012 1253 iu

390 1315 402 1347 ι
424 1312 496 1361 mur,
509 1305 538 1351 et
547 1296 657 1350 luerunt
668 1308 732 1349 vasa
746 1307 891 1363 puerorum
909 1298 1014 1347 saneta.
1030 1308 1040 1342 r
1056 1286 1177 1361 (Eslls-
1228 1300 1238 1334 ι
1261 1284 1372 1339 barbam
1384 1283 1453 1352 ejus,
1469 1286 1708 1356 collabebaturque
1724 1288 1750 1342 in
1765 1288 1891 1344 manibus
1903 1303 2010 1354 eorum,

390 1384 482 1457 broeo.)
502 1383 559 1440 lloc
569 1397 677 1453 quoqne
691 1382 781 1441 taliter
795 1382 882 1451 accipi
896 1387 987 1451 potest
998 1398 1006 1433 ι
1017 1378 1174 1434 abimelech
1228 1390 1238 1424 ι
1260 1380 1289 1428 ει
1299 1375 1455 1443 procidebat
1469 1375 1503 1429 ad
1517 1376 1587 1430 ostia
1599 1384 1693 1445 portae.
1711 1396 1721 1429 s

389 1476 540 1545 interrogat
571 1483 663 1528 utrum
689 1472 774 1527 llaaid
801 1480 830 1527 et
856 1472 934 1543 pueri
964 1470 1025 1536 soi,
1048 1484 1117 1540 quos
1147 1468 1175 1523 in
1263 1465 1332 1519 ιΕι
1372 1466 1440 1521 dixit
1465 1463 1548 1521 debis
1570 1485 1577 1520 r
1601 1466 1671 1533 Quid
1696 1468 1749 1523 huc
1771 1468 1838 1523 mibi
1863 1468 2015 1525 adrluristis

389 1566 465 1621 illurn
486 1573 516 1621 et
534 1565 609 1620 illum
631 1564 721 1620 locum
732 1563 895 1620 conduxisse
912 1563 1071 1626 sedixerat,
1083 1560 1176 1615 mundi
1229 1555 1361 1610 ‹istumt
1385 1555 1512 1626 Nunquid
1534 1557 1647 1612 deerant
1668 1558 1746 1613 nobis
1773 1557 1886 1613 luriosit
1916 1559 1951 1613 Et
1974 1560 2015 1615 sic

390 1665 504 1714 essem,
533 1657 618 1713 David
630 1672 696 1713 pepo
709 1656 876 1727 ,aenigmatice
889 1654 1027 1725 pluraliter
1040 1654 1074 1708 de
1087 1653 1177 1723 seipso
1229 1663 1239 1698 t
1261 1660 1323 1701 eum
1338 1646 1449 1701 dimisii.
1472 1646 1557 1717 iffi&
1580 1646 1801 1718 Isidoro.)AchiS
1816 1647 2012 1718 iuterpretatur

390 1747 540 1819 respondit,
553 1746 665 1803 dicens:
681 1764 691 1798 ι
706 1746 740 1801 Et
754 1744 862 1801 luerunt
876 1760 940 1799 rasa
954 1758 1099 1814 puerorum
1114 1758 1177 1797 san·
1226 1739 1355 1807 qwmodo
1376 1751 1424 1805 est,
1447 1755 1496 1811 per
1517 1742 1590 1811 quod
1610 1741 1779 1812 significatur
1801 1741 1965 1812 ignorantia,
1984 1749 2014 1796 et

390 1848 443 1902 cta,
460 1859 470 1891 r
484 1839 597 1904 seilicet,
612 1853 629 1893 a
641 1838 785 1894 concubitu
796 1835 941 1909 conjugali.
955 1835 1032 1903 Quod
1044 1850 1110 1890 uero
1122 1834 1175 1889 ait:
1227 1829 1338 1884 terbum
1360 1831 1485 1887 mirantis
1499 1841 1527 1887 ει
1541 1832 1723 1903 agnoscentis,
1738 1831 1811 1901 quod
1832 1833 1859 1885 in
1873 1839 1953 1903 gente
1964 1830 2013 1885 lu-

393 1948 403 1982 ι
420 1930 505 1995 Porm
517 1930 561 1985 ria
574 1930 633 1985 brac
645 1928 747 1999 polluta
759 1936 812 1995 est,
829 1948 839 1980 r
855 1936 884 1984 et
897 1927 923 1981 in
936 1926 1049 1982 llebraeo
1063 1925 1174 1996 legitur:
1228 1921 1345 1976 deorum
1362 1922 1502 1992 impletum
1515 1931 1567 1978 est.
1581 1924 1632 1991 Qui
1647 1924 1710 1979 dum
1724 1922 1862 1979 Christum
1877 1923 2015 1985 viderunt.

393 2036 403 2070 ι
420 2018 505 2075 Ρειιε
521 2018 563 2073 via
577 2018 635 2074 hcc
651 2017 719 2073 laica
731 2025 785 2084 εει,
801 2037 811 2072 ι
837 2017 878 2073 sic
896 2023 939 2071 est
956 2016 1176 2086 intelligendum:
1228 2026 1282 2066 non
1299 2022 1476 2083 agnoverunt,
1495 2029 1587 2069 coram
1609 2014 1709 2083 quibus
1723 2014 1839 2067 mutarit
1850 2028 1882 2068 os
1895 2028 1973 2067 suum
1988 2021 2017 2068 ct

394 2127 404 2160 ι
423 2109 472 2164 Via
484 2109 542 2165 haec
555 2108 624 2165 laica
639 2118 696 2176 est;
715 2129 724 2163 r
742 2124 775 2165 ae
787 2109 811 2166 si
827 2096 929 2166 diceret
940 2126 947 2161 ε
958 2108 987 2164 ln
1002 2108 1061 2178 lege
1074 2121 1177 2178 pratee·
1229 2102 1305 2157 abiit
1328 2103 1415 2158 Erant
1432 2104 1504 2159 enirn
1524 2104 1561 2159 ibi
1577 2113 1711 2174 praecepta
1733 2104 1801 2173 legis
1818 2104 1947 2167 carnalia,
1958 2112 2018 2157 erat

390 2207 467 2269 ptum
488 2206 530 2254 est
543 2208 575 2254 nt
588 2205 737 2255 extraneus
753 2213 808 2255 non
827 2198 952 2255 comedat
970 2212 1005 2252 ex
1018 2197 1076 2263 cis3
1099 2205 1127 2253 et
1148 2204 1177 2251 tu
1192 2170 1216 2230 Β
1229 2194 1392 2248 sacrificium
1409 2195 1557 2249 secundum
1569 2194 1670 2261 daron,
1685 2202 1713 2250 et
1726 2204 1820 2266 postea
1835 2196 1894 2266 ipse
1910 2196 1943 2250 de
1957 2210 2017 2250 cor-

390 2291 555 2363 interrogas,
582 2298 675 2347 utrum
701 2290 795 2348 mundi
821 2282 1189 2357 sinrpoed,qutetiamsitm-
1229 2296 1295 2352 pore
1306 2290 1334 2337 et
1346 2284 1477 2354 sangnine
1489 2298 1539 2339 suo
1553 2285 1672 2340 instituit
1687 2285 1852 2341 sacrificium
1868 2285 2016 2341 secundum

393 2382 487 2438 mnndi
510 2388 613 2449 essent,
627 2395 798 2452 nequaqnam
818 2379 859 2435 eis
873 2378 946 2435 vesci
964 2377 1114 2434 deberent?
1137 2376 1180 2431 ld·
1229 2372 1351 2428 ordinem
1366 2373 1573 2430 Melchisedech.
1600 2374 1714 2430 Μιιιειίι
1735 2391 1767 2430 os
1785 2391 1863 2431 suum
1884 2377 1910 2430 in
1932 2391 2018 2431 sacer·

391 2471 466 2528 clroo
486 2470 530 2526 ria
553 2470 624 2526 laica
646 2477 699 2536 est,
721 2469 786 2540 quia
810 2475 840 2523 tu
860 2466 994 2523 laicaliter
1015 2464 1179 2537 interrogas.
1230 2460 1315 2526 dodo,
1330 2463 1446 2517 mutarit
1468 2463 1495 2518 ln
1510 2464 1664 2533 praeceptis,
1679 2464 1747 2520 dans
1772 2465 1845 2520 aliud
1858 2465 2018 2520 Testamen-

391 2557 469 2626 Quod
482 2573 548 2614 vero
562 2558 687 2628 seqnitur
699 2571 707 2611 ι
721 2574 732 2609 ι
750 2556 803 2612 Sed
817 2562 846 2612 et
860 2555 918 2626 ipsa
931 2556 1012 2611 bodie
1028 2554 1182 2610 sanctitica-
1231 2558 1299 2615 tum,
1322 2562 1453 2606 evacuata
1468 2541 1570 2607 eainali
1594 2555 1761 2623 operatione,
1784 2561 1865 2623 atque
1886 2553 2019 2623 collarpsns

392 2647 466 2703 bitur
487 2645 515 2700 iu
531 2645 614 2709 ιεείε,
633 2663 643 2698 ι
660 2645 719 2714 ipsa
732 2643 826 2713 utique
839 2642 962 2708 invasis,
977 2641 1004 2696 id
1018 2650 1071 2708 est,
1089 2648 1182 2696 mente
1230 2646 1274 2695 est
1294 2641 1322 2695 in
1336 2642 1460 2697 manibus
1473 2657 1567 2698 eornm
1583 2644 1692 2714 quando
1713 2658 1776 2699 euna
1790 2644 2019 2714 comprehenden-

393 2734 560 2791 sanctidcari
584 2733 666 2801 dicit;
691 2732 755 2803 quia
782 2732 834 2787 nisi
858 2732 1020 2787 necessitate
1044 2730 1180 2801 corporis,
1232 2737 1274 2785 tes
1287 2731 1489 2787 crucillremnt.
1504 2733 1539 2788 lit
1551 2733 1710 2804 procidebat
1723 2735 1757 2789 ad
1770 2735 1869 2790 ostium
1883 2744 1976 2806 portae,
1992 2735 2018 2789 id

393 2834 422 2884 et
435 2823 629 2894 periculositas
641 2830 765 2895 urgente,
780 2836 952 2893 nequaquam
961 2829 1119 2877 vesceretur
1129 2822 1181 2877 eis.
1231 2833 1275 2880 est
1296 2824 1455 2881 humiliabat
1475 2841 1514 2881 se.
1540 2826 1598 2882 lloc
1619 2836 1662 2882 εει
1683 2828 1754 2883 enim
1768 2828 1911 2897 procidere
1934 2842 2019 2897 usque

394 2916 449 2989 (Ec
460 2915 588 2988 Isidoro.)
606 2916 640 2970 Et
653 2914 711 2971 haec
724 2914 817 2984 itaque
828 2923 967 2986 gestorum
980 2914 1048 2971 tides
1060 2922 1112 2971 est.
1128 2915 1183 2971 Sed
1233 2917 1266 2972 ad
1280 2918 1379 2973 ostium
1393 2917 1455 2973 iudei
1470 2920 1701 2974 nostre:ostium
1715 2920 1787 2975 enim
1801 2930 1896 2990 portae,
1911 2920 2018 2974 initium
2062 2967 2068 2982 ,

394 3015 526 3074 quantum
551 3006 586 3061 ad
607 3013 809 3061 sacramentum
831 3005 980 3078 prophetiae
1002 3005 1131 3075 pertinet,
1154 3006 1182 3062 in
1233 3014 1275 3062 εει
1289 3005 1361 3060 lidci.
1376 3005 1441 3061 lude
1458 3006 1555 3076 incipit
1566 3006 1697 3073 Ecclesia,
1709 3017 1738 3063 ει
1751 3008 1874 3077 pervenit
1888 3024 1974 3077 osque
1986 3009 2022 3064 ad

394 3097 504 3154 Christo
516 3095 630 3152 homino
644 3105 739 3152 nostro
752 3094 892 3167 impletum
905 3102 957 3151 est.
973 3094 1023 3162 Qui
1037 3097 1143 3166 pontus
1154 3097 1183 3153 in
1233 3097 1363 3168 speciem.
1381 3096 1415 3152 Et
1429 3110 1490 3151 cum
1503 3097 1591 3153 eredit
1611 3114 1644 3153 ea
1657 3112 1718 3168 qnae
1740 3115 1794 3154 uon
1807 3099 1891 3163 ridet,
1906 3101 2021 3155 merebi-

394 3200 487 3251 carue,
506 3185 569 3241 dum
587 3186 793 3242 insectationem
810 3187 959 3243 declinaret
976 3184 1124 3255 judaicam,
1148 3186 1183 3243 ad
1234 3194 1280 3243 tur
1293 3187 1400 3243 illorum
1413 3185 1526 3258 pertrui,
1537 3203 1599 3244 cum
1614 3203 1675 3244 enm
1689 3187 1758 3245 lacie
1772 3190 1805 3245 ad
1819 3189 1915 3245 laclem
1929 3190 2021 3245 ridere

396 3275 532 3347 apostolos
544 3276 752 3341 transivincom
766 3276 863 3346 quibus
882 3286 911 3332 et
927 3276 1110 3332 desideratum
1131 3276 1185 3332 sihi
1234 3278 1357 3350 caeperit.
1385 3277 1463 3346 Quod
1484 3294 1549 3336 vero
1576 3280 1604 3336 in
1628 3279 1675 3337 illo
1697 3282 1775 3352 qnasi
1801 3281 1903 3337 lurioso
1929 3282 2021 3337 salivae

395 3367 485 3426 cibum
505 3369 640 3440 sumpsit:
656 3388 666 3421 r
680 3369 818 3426 Desiderio
840 3370 1091 3426 enimdesideravit
1107 3385 1185 3427 man·
1235 3369 1418 3424 decurrebant
1443 3383 1525 3438 snper
1550 3368 1663 3425 barbam
1690 3368 1767 3438 ejus,
1794 3371 1939 3441 Apostolos
1963 3373 2021 3427 lame
2054 3432 2060 3439 ,

395 3459 495 3516 ducam
515 3462 615 3532 pascha
640 3461 717 3534 (Luc.
731 3461 838 3533 artri.»
863 3462 904 3517 Ex
923 3462 1022 3533 quibus
1038 3460 1132 3528 dotia,
1155 3460 1184 3516 td
1235 3456 1333 3527 aperit,
1354 3456 1465 3512 dicens:
1480 3474 1490 3509 ι
1507 3454 1592 3513 ludaei
1614 3459 1691 3530 signa
1710 3468 1815 3530 petunt,
1829 3470 1857 3517 et
1870 3460 1957 3517 Graeei
1979 3478 2023 3517 sa-

392 3554 447 3612 est,
467 3560 543 3601 arma
557 3547 666 3613 diaboli,
682 3546 791 3603 sustulit
809 3564 816 3601 ε
833 3545 913 3603 tortis
926 3548 1000 3602 enim
1019 3547 1106 3618 spolia
1126 3548 1184 3617 ipse
1234 3546 1363 3617 pientiam
1388 3555 1531 3618 quaerunt;
1558 3564 1609 3605 nos
1633 3558 1724 3607 autem
1748 3546 1925 3620 predicamus
1945 3552 2026 3609 Chri·

397 3637 507 3707 diripuit
520 3637 598 3710 (Luc.
613 3636 663 3709 m).
688 3638 737 3693 llis
760 3652 824 3709 ergo
841 3637 970 3708 aquibus
993 3646 1119 3708 receptus
1141 3645 1185 3694 εει
1234 3645 1306 3693 stum
1325 3638 1496 3704 erneillxum,
1524 3636 1625 3695 ludaeis
1643 3641 1752 3711 quidem
1770 3641 1939 3708 scandalum,
1958 3659 2025 3714 gen·

396 3728 532 3797 Christos,
547 3731 734 3810 tribulationes
753 3732 859 3787 induxit
872 3732 996 3789 dimotus
1011 3739 1040 3787 et
1056 3742 1183 3788 mortem.
1234 3728 1308 3785 tibus
1332 3736 1424 3784 autem
1438 3728 1581 3784 stultitiam
1600 3746 1608 3783 z
1631 3730 1696 3800 ipsis
1710 3745 1775 3786 vero
1790 3732 1902 3799 vocatis,
1923 3729 2024 3788 luda-is

401 3837 411 3871 ι
429 3818 530 3877 (inanes
546 3822 630 3888 enim,
642 3832 675 3878 ut
689 3824 728 3879 ait
738 3823 892 3895 Apostolus,
907 3824 953 3896 qul
975 3824 1003 3880 in
1017 3821 1128 3879 Christo
1140 3824 1186 3896 pie
1234 3829 1262 3878 et
1275 3818 1388 3888 Graecis,
1414 3819 1552 3877 Christum
1565 3821 1614 3878 liei
1640 3823 1779 3890 virtutem,
1797 3832 1824 3879 et
1845 3824 1893 3881 liei
1915 3826 2022 3896 sapien-

398 3911 491 3968 solunt
515 3912 617 3979 rivere,
646 3915 862 3983 persecutionem
886 3915 1028 3986 patiuntur
1050 3913 1095 3986 (ll
1115 3913 1183 3970 lint.
1237 3914 1319 3980 tiam;
1345 3915 1408 3985 quia
1438 3915 1510 3985 quod
1534 3914 1647 3970 stultum
1672 3924 1715 3971 est
1741 3914 1802 3983 bet,
1827 3916 1959 3987 sapientia
1982 3926 2025 3973 est

398 4002 452 4072 tn).
468 4022 478 4057 s
495 4003 529 4057 lit
542 4003 688 4059 Dominus:
705 4024 715 4057 s
735 4003 763 4059 st
779 4019 832 4069 me,
848 4004 948 4075 inquit,
960 4003 1096 4075 persecuti
1108 4011 1184 4070 sunt,
1235 4003 1389 4059 hominibus
1415 4002 1448 4075 (l
1466 4002 1528 4059 Cor.
1546 4003 1585 4075 r).
1615 4023 1626 4056 ι
1656 4004 1755 4061 Salirae
1778 4005 1849 4060 enim
1871 4005 2026 4075 significant

398 4101 426 4151 et
439 4109 487 4151 vos
500 4104 697 4166 persequentur
711 4094 801 4168 (loon.
817 4094 875 4169 xv).
888 4115 898 4149 r
1235 4092 1432 4149 infirmitatem.
1447 4094 1500 4150 Sed
1514 4094 1577 4165 quia
1589 4094 1701 4150 stultum
1716 4095 1764 4150 lici
1777 4094 1873 4151 fortius
1884 4104 1926 4149 est
1937 4096 2025 4151 honri·

435 4206 446 4236 ι
469 4186 536 4242 Ειει
558 4194 648 4242 auum
676 4187 713 4242 ihi
734 4186 899 4257 quidamvir
916 4185 951 4242 de
968 4186 1054 4242 serris
1068 4184 1133 4240 Saul
1156 4184 1186 4240 ln
1234 4185 1314 4242 nibus
1326 4203 1332 4238 :
1345 4195 1407 4241 nota
1419 4186 1482 4256 quia
1496 4185 1586 4241 salivae
1599 4184 1752 4251 ostendant,
1768 4185 1816 4241 scd
1828 4185 1948 4250 attende,
1961 4186 2023 4255 quia

400 4297 411 4332 ι
434 4279 478 4336 die
491 4279 537 4334 illa
550 4278 625 4334 intus
643 4279 670 4333 in
684 4278 877 4345 tabernaculo,
891 4286 919 4335 et
933 4291 1031 4333 nomen
1042 4277 1101 4348 ejus
1112 4278 1187 4347 Doeg
1235 4292 1318 4348 super
1328 4276 1442 4332 barbana
1461 4277 1618 4334 decurrunt.
1643 4276 1783 4344 Quomodo
1796 4277 1868 4333 enlm
1891 4276 1919 4331 in
1933 4276 2027 4336 salivis

398 4367 412 4423 ‘r
436 4370 577 4425 idumaeus.
600 4390 610 4424 r
641 4369 697 4443 (llo
713 4369 847 4442 llelrco.)
872 4369 903 4425 ln
925 4369 1040 4426 llebrmo
1060 4368 1185 4436 habetur,
1236 4369 1390 4436 infirmitas,
1404 4370 1483 4425 sicin
1498 4370 1583 4426 barba
1596 4370 1682 4427 virtus
1695 4369 1857 4426 ostenditur.
1871 4368 2027 4440 Texitergn

401 4479 412 4513 ι
435 4460 569 4532 obligatus
585 4461 612 4516 in
631 4468 777 4532 conspectu
794 4461 915 4527 Domiui;
934 4479 944 4513 r
963 4459 1097 4532 obligatus
1114 4460 1185 4516 rdena
1235 4460 1364 4517 virtutem
1389 4479 1467 4519 suam
1488 4477 1601 4531 corpore
1624 4461 1790 4517 inllrmitatis
1812 4477 1868 4518 suae
1891 4477 1898 4514 :
1920 4468 1949 4516 et
1963 4462 2026 4531 quia

399 4552 471 4621 Doeg
491 4551 624 4606 ldumacus
644 4559 705 4607 erat
726 4558 805 4617 roto,
826 4565 880 4621 quo
902 4565 931 4606 se
951 4550 1119 4622 obligaverat
1136 4550 1186 4607 ali·
1237 4551 1388 4610 lorinsecus
1404 4553 1601 4616 infirmabatur,
1617 4560 1746 4623 tanquam
1773 4552 1800 4606 in
1815 4551 1898 4607 saliva
1912 4566 2026 4621 appare·

398 4649 464 4712 quot
478 4642 574 4697 diebus
596 4641 625 4697 in
649 4641 822 4699 tabernaculo
838 4641 944 4697 Domini
969 4641 1186 4707 immoraturum,
1236 4642 1299 4709 bat;
1328 4643 1403 4699 intus
1424 4651 1514 4698 autem
1537 4641 1628 4698 diviua
1654 4643 1750 4707 uirtus,
1777 4649 1905 4712 tauquam
1930 4641 2026 4706 barba,

398 4741 427 4787 ct
446 4731 563 4788 orationi
580 4740 747 4788 vacaturum.
774 4734 848 4803 Docg
866 4741 957 4787 autem
980 4732 1031 4787 iste
1055 4731 1188 4788 ldnmaeus
1237 4734 1389 4806 tegebatur.

398 4822 456 4893 (qni
468 4825 644 4891 camelorum,
655 4824 682 4878 id
696 4833 738 4880 est
747 4822 907 4880 infructuosi
923 4822 1012 4893 gregis
1021 4831 1048 4877 et
1060 4822 1185 4888 tortuosi,
1197 4852 1226 4916 D
1524 4822 1639 4880 curor
1662 4821 1744 4881 xxti.

399 4924 492 4973 eustos
513 4924 583 4982 erat,
598 4924 627 4973 et
642 4916 847 4985 interpretator,
863 4923 950 4970 ειοιιιι
968 4914 1026 4969 sire
1045 4913 1185 4968 sollicitus.
1242 4932 1281 4989 ῃ,
1299 4949 1329 4988 ,ο
1383 4933 1416 4987 og
1436 4932 1521 4987 pam-d
1539 4934 1605 5004 W
1624 4934 1652 4987 ἡ,
1671 4931 1820 5003 ,mmm
1835 4929 1968 4993 0401an
1984 4931 2028 4983 „gg

399 5007 445 5075 qui
468 5014 496 5061 et
518 5007 652 5077 percussit
670 5003 826 5059 Abimelech
849 5004 1017 5060 sacerdotem
1041 5017 1185 5072 magnum:
1275 5020 1334 5059 eam
1360 5012 1443 5058 amaea
1455 5004 1514 5085 ejus
1531 5014 1555 5058 et
1569 5003 1651 5057 omnis
1663 5004 1755 5057 domus
1772 5003 1854 5072 patris
1870 5002 1927 5071 ejus
1940 5000 2029 5055 cirdu-

401 5095 475 5167 (naru
496 5093 650 5150 hhimelech
680 5094 874 5163 interpretatur
894 5093 978 5162 [rotor
996 5108 1069 5147 meru
1081 5094 1138 5164 rea)
1159 5093 1187 5148 in
1277 5082 1411 5139 '’emma“
1423 5071 1590 5144 “flliliii'mff
1607 5072 1642 5125 “d
1652 5088 1710 5126 ‘lim
1725 5079 1907 5126 mmmm·

401 5184 510 5241 numine
526 5183 602 5241 lude
614 5183 760 5255 proditoris
774 5196 918 5253 personam
934 5190 1032 5253 gestat.
1046 5197 1188 5253 perquem
1276 5186 1352 5259 (Car.
1365 5188 1447 5259 aru.)
1463 5204 1472 5239 ι
1486 5186 1566 5256 Fugit
1582 5186 1666 5241 liarid
1684 5186 1711 5240 in
1726 5185 1880 5255 speluncam
1893 5183 2027 5249 odollam,

401 5273 496 5329 iraude
512 5282 606 5329 contra
618 5272 826 5342 Redemptorem
846 5281 980 5338 nostrum,
997 5272 1044 5342 qui
1061 5288 1126 5329 rere
1139 5289 1187 5330 rex
1244 5296 1253 5331 ι
1275 5277 1320 5333 ubi
1335 5293 1398 5332 eum
1415 5276 1514 5332 iratres
1530 5274 1599 5345 ejuc
1612 5286 1640 5329 et
1655 5276 1744 5331 omnis
1758 5276 1853 5330 domus
1867 5274 1953 5344 patris
1971 5271 2032 5342 ejus

400 5373 454 5429 est,
478 5372 607 5434 operatus
627 5362 761 5431 diabolus,
784 5372 824 5430 nt,
849 5360 907 5431 ejus
930 5363 1082 5432 proditione
1106 5362 1189 5431 lacta,
1243 5369 1461 5435 «visitaverunt,
1484 5376 1513 5424 et
1533 5376 1718 5423 convenerunt
1740 5366 1774 5422 ad
1788 5380 1850 5421 enm
1874 5369 2029 5436 omnesqui

401 5454 484 5510 etiam
505 5462 599 5526 postea
615 5454 831 5525 persecutionem
850 5454 970 5510 Ecclesia
990 5463 1139 5526 pateretur,
1162 5463 1191 5512 et
1242 5472 1354 5521 «erant
1381 5464 1409 5519 iu
1436 5462 1559 5535 angustia
1587 5460 1738 5526 constituti,
1769 5467 1797 5515 et
1827 5460 1947 5529 oppressi
1975 5471 2030 5511 aere

400 5541 592 5599 occiderentur
610 5543 802 5616 quamplurimi
822 5544 945 5615 discipuli
965 5542 1077 5611 Christi,
1099 5552 1127 5601 et
1142 5560 1190 5601 sa·
1243 5554 1373 5620 «alieno,
1401 5560 1430 5608 et
1454 5566 1548 5607 amaro
1566 5552 1667 5617 animo,
1695 5559 1725 5607 ει
1749 5550 1838 5606 iactus
1865 5559 1907 5606 est
1933 5565 2029 5604 eorum

402 5632 538 5700 cerdotes,
556 5640 585 5689 et
601 5649 652 5706 pro
670 5635 778 5690 nomine
797 5633 855 5706 ejus
869 5635 1074 5706 persecutiones
1086 5636 1191 5707 grauis·
1244 5662 1253 5697 ι
1276 5644 1410 5714 princeps,
1427 5663 1437 5698 ι
1457 5650 1511 5698 etc.
1528 5641 1597 5709 Quid
1615 5649 1657 5696 est
1672 5642 1745 5711 quod
1757 5641 1842 5702 Dauid
1857 5648 1983 5695 manente
2002 5640 2030 5693 in

402 5721 487 5779 simas
508 5723 669 5794 perterrent.
704 5723 758 5781 Sed
781 5726 809 5779 in
837 5727 917 5782 domo
938 5725 1095 5783 Abimelecb
1116 5728 1192 5785 solus
1240 5733 1379 5805 spelunca,
1400 5740 1532 5789 venerunt
1554 5733 1588 5787 ad
1612 5747 1674 5787 enm
1697 5731 1798 5789 iratres
1813 5730 1882 5800 ejus,
1902 5730 2030 5786 momnis

402 5813 536 5872 Abiathar
558 5814 683 5887 princeps
702 5818 872 5874 sacerdotum
896 5834 911 5873 a
928 5828 1102 5890 persecutore
1126 5819 1191 5876 Saul
1241 5825 1338 5881 domus
1350 5824 1435 5895 patris
1448 5821 1525 5892 ejus?
1535 5822 1593 5881 lloc
1614 5830 1666 5889 est,
1680 5824 1718 5878 illi
1733 5822 1779 5891 qui
1793 5837 1827 5876 ει
1843 5820 1986 5892 synagoga
2001 5821 2029 5875 in

403 5904 533 5964 immunis
559 5915 617 5974 est,
643 5907 707 5979 qnia
734 5924 814 5964 nemo
842 5918 934 5981 potest
960 5924 1061 5968 nocere
1082 5909 1192 5968 Christo
1240 5916 1495 5980 eomcredidernnt,
1509 5916 1689 5972 veneruntad
1703 5914 2030 5970 illumhtconrcnornnt

404 5992 520 6067 principi
531 5998 712 6064 witlam,
725 5998 772 6070 qul
786 5999 873 6056 victor
890 5998 924 6056 ad
939 6000 1024 6057 omlos
1039 6002 1172 6059 aseendit.
1242 6008 1277 6065 ad
1289 6021 1352 6062 eum
1371 6017 1465 6062 omnes
1477 6005 1623 6076 quierant
1644 6005 1672 6060 in
1694 6003 1820 6076 angustia
1844 6002 1985 6060 constituti
2002 6008 2029 6056 et

439 6084 547 6149 interea
563 6087 661 6160 muto,
683 6106 745 6150 curn
769 6091 876 6166 lugeret
900 6092 977 6164 Saul,
1001 6093 1086 6153 latere
1107 6097 1193 6155 uoluit
1242 6098 1364 6172 oppressi
1379 6112 1433 6154 mre
1445 6096 1543 6154 alieno
1559 6094 1616 6153 lloc
1628 6103 1671 6153 est
1686 6089 1758 6166 quod
1771 6096 1829 6166 ipse
1844 6098 1880 6154 ad
1895 6112 1925 6153 se
1937 6093 2030 6150 venire
