4709 6767
338 607 383 662 ΙΙΙ
797 602 972 656 conluunt,
993 601 1025 655 ΙΝ
1046 600 1370 657 ritttuttr0ttan1t.—
1389 603 1452 657 Lttt.
1472 577 1523 657 lli.v
1910 611 1962 668 Αἲξ

331 740 451 794 purpura
466 736 567 791 yuoqrre
585 728 608 772 et
621 719 773 788 hyacintho,
796 729 818 772 et
833 720 953 789 ipsamet
968 717 1084 778 coccino,
1099 724 1123 768 et
1137 716 1162 775 Α
1176 731 1234 768 rura
1246 716 1344 786 populi.
1366 716 1497 787 Proselyti
1512 725 1600 770 autern
1619 719 1785 774 vocabantur
1802 722 1894 776 Gracc
1905 727 1962 794 tyni,

331 816 378 885 ryui
401 813 466 866 sciat
490 810 586 864 celare
608 826 708 863 earnem
732 809 903 879 sculpturam,
928 819 951 862 et
976 807 1124 861 adiuuenire
1175 819 1209 858 ex
1223 806 1283 859 aliis
1297 806 1451 860 nationibus
1465 806 1608 876 progeniti,
1624 808 1649 861 iu
1663 808 1743 863 helem
1758 819 1785 865 et
1797 816 1962 870 consortium

328 900 660 973 pmcdeaterqmricumyue
677 899 704 951 ia
722 899 1048 965 operenecessuriumest,
1064 911 1123 948 cum
1174 898 1265 966 populi
1293 897 1361 962 Dei,
1386 907 1497 968 accepta
1525 898 1747 965 circumcisione,
1785 905 1960 959 transierunt.

334 993 590 1063 artificiiustuis,et
610 990 829 1059 carnariitirihas
850 989 953 1042 Domini
975 985 1124 1041 meiDarid
1174 987 1295 1042 Fuerunt
1321 989 1411 1057 itaque
1437 989 1554 1057 operarii
1582 990 1677 1045 (lomus
1708 990 1813 1046 Domini
1845 995 1878 1049 de
1900 995 1962 1051 filiis

334 1088 416 1155 patris
430 1085 480 1149 tui,
495 1092 522 1137 et
533 1082 610 1151 reliq.
626 1081 702 1147 Quod
723 1097 786 1151 ergo
799 1081 864 1135 dicit
882 1081 972 1134 lliraru
987 1096 1034 1149 per
1053 1079 1124 1134 litte·
1174 1079 1266 1144 lsrael,
1280 1080 1426 1134 lueruntde
1437 1080 1588 1151 proselytis,
1604 1080 1713 1136 luerunt
1728 1084 1760 1137 de
1775 1086 1909 1153 gentibus.
1925 1091 1963 1144 De

335 1194 379 1233 ras
391 1192 455 1232 suas
469 1175 502 1228 ad
519 1172 689 1228 Salomonem
703 1190 709 1226 :
724 1172 786 1225 illisi
804 1172 850 1225 tihi
863 1173 945 1225 uirum
961 1170 1123 1240 prurientem,
1176 1172 1239 1226 liliis
1251 1173 1375 1226 videlicet
1387 1172 1469 1226 lsrael
1484 1172 1521 1225 illi
1533 1174 1643 1242 triginta
1658 1174 1742 1227 millia
1758 1177 1802 1244 qui
1817 1178 1851 1230 ad
1866 1182 1963 1247 pra-ei-

334 1276 358 1321 et
379 1266 581 1320 scientissimum
602 1263 716 1331 tuburum,
733 1276 943 1332 patremmeum,
966 1260 1071 1324 iliram,
1090 1264 1142 1333 p„
1175 1263 1276 1317 deudas
1289 1263 1321 1317 de
1337 1262 1438 1316 Libano
1458 1264 1554 1317 cedros
1577 1264 1743 1330 missisunt,
1763 1267 1832 1321 sieut
1852 1269 1878 1323 in
1895 1270 1963 1325 libro

333 1351 1123 1423 liurrtmulierisrlepliubusDun,cuy‘usputerTyriusluit,
1175 1353 1279 1424 Regum
1301 1363 1428 1431 narratur
1443 1353 1502 1423 (ΙΙΙ
1528 1353 1588 1423 llep.
1605 1353 1647 1426 v);
1676 1355 1709 1410 de
1726 1360 1851 1426 gentibus
1866 1359 1959 1417 iliram

334 1445 453 1501 ostendit
477 1459 539 1498 eum
564 1459 598 1496 es
615 1444 743 1512 progenie
767 1459 826 1497 esse
852 1442 982 1495 Salamith
999 1443 1032 1495 de
1054 1442 1124 1494 tribu
1175 1451 1203 1497 et
1213 1444 1284 1497 servi
1296 1442 1364 1510 ejus,
1379 1443 1424 1511 qui
1439 1458 1500 1496 etim
1522 1443 1607 1498 servis
1622 1444 1776 1501 Salomonis
1790 1447 1860 1517 ligna
1873 1452 1962 1506 caede·

335 1535 522 1603 Dandaque
538 1534 565 1588 in
588 1534 656 1588 libro
676 1534 858 1588 Nummorum
873 1534 1003 1603 scriptum
1025 1532 1126 1603 reperi·
1175 1532 1241 1587 hant
1264 1533 1297 1588 de
1319 1531 1431 1586 Lihano.
1445 1530 1529 1585 Omne
1554 1548 1617 1603 ergo
1640 1534 1780 1589 hominum
1800 1554 1894 1606 genus,
1914 1555 1963 1609 per

336 1636 380 1681 tur
395 1624 489 1696 (Num.
510 1623 615 1694 xxxiv).
636 1623 745 1678 Patrem
774 1639 838 1677 vero
860 1624 919 1693 ejus
941 1624 1048 1677 tradunt
1070 1622 1124 1676 lic·
1175 1639 1244 1693 quos
1270 1624 1427 1679 :edificanda
1447 1633 1507 1677 erat
1528 1623 1660 1687 Ecclesia,
1686 1624 1713 1677 in
1737 1626 1850 1681 euthero
1869 1629 1961 1700 templi

336 1716 401 1770 briei
417 1715 499 1769 luisse
518 1713 661 1767 Helrraeum
686 1714 719 1767 de
739 1714 867 1783 progenie
888 1713 981 1767 (loliab
997 1713 1030 1766 de
1054 1712 1126 1767 tribu
1176 1724 1324 1785 praecessit.
1341 1714 1424 1769 iudaei
1440 1730 1556 1784 namque
1567 1714 1695 1787 proselyti
1718 1724 1746 1770 et
1768 1718 1882 1788 gentiles
1899 1735 1963 1774 eon-

336 1805 404 1868 Dan,
423 1803 469 1873 qui
483 1804 509 1856 in
524 1818 615 1858 eremo
626 1818 686 1857 curn
700 1802 819 1857 Beseleel
831 1811 959 1871 operatus
972 1801 1123 1870 estlEreri.
1175 1806 1247 1860 versi
1275 1805 1308 1859 ad
1336 1805 1480 1859 veritatem
1507 1804 1644 1874 Evangelii
1676 1820 1758 1858 unam
1787 1808 1964 1878 eamdemque

337 1896 440 1967 ωτι).
459 1894 536 1962 Quod
547 1910 612 1949 vero
624 1910 685 1948 euru
701 1894 812 1964 Tyrium
825 1902 911 1957 vocat,
929 1894 1005 1948 aiunt
1019 1892 1125 1948 hebrai
1176 1896 1276 1951 Christi
1291 1895 1438 1951 Ecclesiam
1449 1895 1507 1950 sive
1520 1904 1593 1950 recte
1607 1895 1732 1960 virendo,
1748 1897 1805 1952 sive
1820 1899 1902 1952 etiam
1916 1900 1964 1955 do·

336 1989 388 2043 hoe
404 1985 582 2041 translatione
599 1985 699 2039 laetrrm
714 1986 807 2040 luisse.
825 1984 921 2038 Zaeltri
943 1985 1014 2039 enirn
1035 1985 1125 2055 lingua
1176 1989 1262 2043 eendo
1274 1996 1442 2043 construunt.
1458 1986 1580 2042 Fuerunt
1594 1988 1685 2058 itaque
1701 1987 1839 2044 Salomoni
1853 1999 1962 2062 septua-

337 2095 430 2134 eomm
443 2077 581 2148 plasmatio
596 2077 762 2147 intelligitur.
780 2076 863 2146 Tyrus
887 2077 970 2142 enim,
986 2091 1066 2145 quem
1085 2076 1124 2130 illi
1138 2058 1162 2120 ΙΙ
1177 2080 1250 2150 ginta
1265 2080 1347 2133 millia
1363 2094 1466 2144 eorum,
1489 2079 1535 2150 qui
1550 2093 1633 2134 onera
1652 2079 1808 2148 portabant,
1831 2090 1858 2135 et
1871 2090 1965 2136 octua-

338 2166 409 2223 Duer
421 2175 527 2228 vocant,
542 2167 569 2220 in
580 2166 740 2235 quibusdam
752 2164 817 2219 locis
829 2165 961 2235 arrpusn'a,
976 2165 1002 2218 in
1015 2166 1125 2234 uiribus·
1176 2171 1251 2241 ginta
1265 2170 1347 2224 millia
1364 2168 1527 2223 latomorum
1547 2168 1574 2223 in
1595 2176 1699 2234 monte,
1714 2170 1816 2239 absque
1837 2174 1965 2241 praepost-

337 2259 397 2313 dam
411 2257 557 2328 plasmatus
582 2257 693 2327 intelligi
710 2256 786 2310 solet.
814 2256 917 2310 ldeirco
934 2265 1011 2311 vocat
1031 2257 1124 2311 iliram
1176 2265 1221 2329 ris,
1243 2265 1288 2334 qui
1303 2271 1437 2333 praeerant
1459 2262 1571 2330 singulis
1592 2262 1730 2332 operibus,
1753 2277 1866 2318 numero
1882 2265 1963 2318 triurn

337 2358 442 2422 patrem
455 2365 543 2413 suum,
559 2349 622 2417 quia
638 2349 671 2402 ad
689 2363 749 2402 eunt
765 2349 797 2402 de
810 2356 882 2403 terra
899 2349 980 2404 lsrael
996 2350 1029 2404 ad
1047 2364 1125 2419 pere·
1175 2356 1291 2410 millium
1316 2362 1511 2418 trecentorum,
1533 2360 1563 2406 ut
1589 2353 1615 2405 ia
1642 2351 1745 2422 llegum
1769 2354 1899 2422 scriptam
1924 2363 1965 2410 est

337 2441 497 2514 grinaudum
510 2439 647 2510 proiectus
660 2440 751 2493 docuit
774 2439 847 2492 illurn
863 2442 988 2494 timorem
1007 2442 1124 2507 Domini,
1176 2444 1281 2516 (lirim),
1301 2444 1513 2514 praecipientium
1527 2443 1636 2513 populo,
1655 2451 1682 2497 et
1702 2444 1745 2497 his
1763 2445 1809 2514 qui
1829 2443 1966 2500 iaciebant

337 2543 363 2589 et
380 2532 491 2587 adduxit
507 2533 540 2586 ad
555 2532 735 2602 coguitionem
758 2532 814 2585 Dei.
835 2530 946 2601 llystice
969 2542 1058 2586 auteur
1076 2532 1124 2587 lli-
1174 2553 1252 2607 opus.
1275 2536 1402 2590 Latomos
1424 2534 1489 2588 dicit
1503 2532 1621 2602 lapidum
1637 2547 1762 2588 cesores.
1777 2533 1849 2588 ldem
1872 2546 1963 2591 autem

338 2638 395 2676 ram
413 2621 547 2692 significat
560 2622 685 2676 doctores.
700 2636 732 2674 ex
750 2623 884 2690 gentibus,
899 2637 966 2690 quos
978 2622 1051 2676 misit
1061 2637 1125 2692 geu-
1176 2626 1294 2697 lapidum
1307 2639 1422 2680 cesores
1434 2623 1504 2691 quod
1526 2629 1553 2676 et
1571 2621 1703 2692 lignorum
1719 2638 1836 2678 caesores
1849 2626 1965 2695 ligurate

338 2715 422 2769 tilitas
436 2714 470 2769 ad
489 2713 648 2769 Ecclesiam.
663 2712 710 2767 lsti
724 2721 823 2766 norunt
836 2714 941 2781 operari
960 2713 985 2766 iu
1007 2727 1084 2775 auro,
1098 2720 1126 2765 et
1175 2717 1327 2788 designant,
1346 2716 1398 2769 hoc
1412 2721 1463 2777 est,
1479 2719 1588 2767 sanctos
1602 2710 1801 2781 praedicatores,
1824 2714 1869 2783 qui
1889 2729 1964 2769 men-

338 2814 459 2877 argento,
473 2814 501 2859 et
516 2819 580 2868 cere,
595 2812 621 2857 et
633 2803 716 2866 lerro,
737 2811 764 2857 et
779 2802 866 2873 liguis,
890 2812 917 2856 et
937 2818 1082 2867 marmore,
1099 2804 1125 2857 in
1174 2814 1217 2863 tes
1231 2806 1414 2877 insipientium
1429 2804 1538 2859 dolabra
1549 2802 1624 2858 verbi
1644 2803 1691 2857 Dei
1707 2815 1846 2872 exercent,
1862 2823 1962 2876 eosque

337 2912 455 2968 purpura
466 2911 584 2966 quoque,
600 2905 627 2950 et
640 2896 796 2966 hyacintho,
812 2904 839 2949 et
857 2896 948 2967 bysso,
963 2906 991 2950 et
1003 2896 1124 2951 coccino.
1175 2897 1210 2952 ab
1230 2914 1262 2951 ea
1284 2898 1310 2951 in
1331 2912 1383 2965 qvia
1410 2896 1464 2949 nati
1480 2902 1543 2949 sunt
1560 2893 1719 2948 tortitudine
1747 2907 1780 2948 ac
1794 2896 1965 2952 deformitate

337 2990 439 3044 hurum
466 2988 600 3059 significat
626 2989 764 3057 sapientire
791 2989 956 3055 claritatem,
984 2998 1124 3058 argentum
1177 3000 1358 3046 transmutare
1386 2992 1568 3055 contendunt,
1593 3004 1626 3043 ae
1647 2988 1807 3060 regulariter
1828 2991 1965 3046 institutos

337 3080 437 3150 eloquii
452 3080 579 3145 nitorem,
597 3096 634 3134 aes
649 3080 850 3147 predicationis
869 3081 1056 3145 sonoritatem,
1073 3080 1126 3136 ler-
1175 3083 1271 3136 unitati
1287 3081 1416 3145 fidelium,
1433 3079 1547 3135 aedilicio
1559 3079 1687 3134 videlicet
1705 3082 1801 3135 domus
1816 3081 1874 3146 Dei,
1888 3092 1965 3152 aptos

338 3186 397 3225 rum
424 3170 488 3225 lidei
508 3171 676 3234 firmitatem,
701 3185 820 3223 marmor
832 3170 962 3224 virtutum
988 3170 1124 3236 decorem,
1177 3172 1288 3226 reddere
1306 3179 1412 3227 curant.
1431 3171 1507 3237 Quod
1522 3178 1612 3223 autem
1626 3178 1654 3224 et
1674 3169 1746 3239 ligna
1770 3181 1797 3225 et
1815 3170 1917 3241 lapides
1936 3174 1965 3227 iu

339 3264 408 3335 ligna
437 3265 569 3319 bonorum
597 3278 708 3334 operum
736 3263 909 3325 viriditatem,
939 3277 1055 3331 purpura
1078 3276 1127 3331 per
1176 3263 1425 3323 montecoedantur,
1444 3276 1475 3315 ae
1490 3276 1560 3315 caesa
1574 3276 1606 3315 ac
1617 3268 1769 3331 praeparata
1780 3271 1895 3333 utraque
1906 3279 1964 3317 rua-

339 3354 497 3426 martyrium
516 3354 653 3424 sanguinis
674 3352 841 3416 ellusicnem,
863 3352 1024 3423 lipacinthus
1043 3352 1126 3406 coele·
1179 3354 1259 3409 teries
1277 3354 1310 3408 ad
1330 3362 1449 3408 montem
1468 3354 1564 3408 domus
1577 3352 1683 3408 Dourini
1700 3354 1872 3420 transfertur,
1888 3365 1963 3425 patet

339 3455 406 3500 stem
429 3445 673 3507 conversationem,
701 3444 798 3515 byssus
822 3444 944 3513 corporis
964 3443 1124 3509 castitatem,
1179 3457 1284 3507 sensus,
1297 3444 1370 3513 quod
1383 3458 1478 3498 omnes
1495 3443 1522 3497 in
1540 3451 1631 3497 monte
1643 3445 1777 3513 superbiae
1789 3446 1845 3499 nati
1859 3462 1962 3508 sumus.

340 3538 464 3591 coccinus
491 3536 632 3591 charitatis
653 3534 855 3606 plenitudinem.
880 3534 907 3588 ln
932 3535 975 3589 his
1003 3536 1128 3590 omnihus
1178 3535 1285 3604 quiade
1302 3533 1615 3605 praevaricationeprimi
1631 3533 1757 3600 hominis,
1778 3551 1857 3605 qrram
1873 3551 1966 3606 super·

340 3627 433 3683 iliram
450 3628 580 3699 spiritalis
595 3628 646 3682 seit
666 3628 781 3696 operari,
798 3627 861 3696 quia
886 3627 912 3680 in
936 3626 1056 3682 Ecclesia
1080 3625 1127 3680 Dei
1177 3625 1222 3681 bia
1236 3623 1309 3688 lecit,
1323 3623 1455 3694 originem
1468 3624 1558 3677 carnis
1574 3624 1716 3679 traximus.
1732 3624 1869 3695 Quotquot
1877 3635 1965 3681 autern

340 3717 365 3772 in
385 3717 502 3787 singulis
523 3718 566 3772 his
592 3717 734 3786 speciebus
757 3717 831 3771 novit
852 3724 979 3770 strenuas
1001 3725 1029 3769 et
1056 3715 1129 3770 utilis
1177 3720 1263 3792 gratia
1289 3720 1337 3774 Dei
1353 3720 1526 3790 praeordinati
1547 3736 1639 3776 sumus
1653 3722 1687 3775 ad
1701 3722 1795 3789 vitam,
1819 3725 1967 3780 excidimus

342 3809 408 3875 heri,
428 3817 562 3878 quaestus
582 3810 670 3863 omnis
693 3809 780 3863 virtus
808 3809 902 3864 dantus
926 3809 973 3863 Dei
996 3808 1128 3877 condigno
1180 3810 1385 3876 catechizando,
1411 3819 1439 3865 et
1461 3821 1631 3866 sacramenta
1651 3812 1711 3866 fidei
1730 3814 1910 3884 percipiendo,
1933 3817 1967 3870 de
2042 3793 2044 3798 Ι

341 3902 482 3971 splendore
505 3917 597 3957 eoram
609 3900 695 3956 ocrrlis
716 3901 855 3956 homiuum
870 3901 902 3955 ad
925 3900 1129 3954 instructionem
1177 3912 1267 3956 oronte
1278 3901 1417 3970 superbia,
1434 3908 1461 3953 et
1474 3900 1501 3953 in
1514 3909 1634 3956 montem
1651 3903 1746 3957 domus
1758 3904 1863 3957 Domini
1875 3912 1962 3960 traus-

341 4009 435 4048 corum
455 3992 567 4062 fulgeat,
585 3980 612 4046 et
627 3994 704 4047 bonae
717 3991 863 4046 voluntatis
885 3990 968 4047 odore
989 4001 1052 4047 ante
1065 4006 1128 4045 con·
1178 3993 1301 4059 terimur,
1316 3994 1379 4064 cyrila
1397 3993 1468 4047 eruti
1484 3993 1517 4047 de
1531 4002 1664 4063 potestate
1679 3995 1854 4049 tenebrarum
1873 3997 1907 4050 ad
1923 4013 1968 4051 ar·

341 4090 462 4152 spectum
475 4082 627 4137 divinitatis
640 4080 814 4152 acceptabilis
829 4081 884 4135 liat.
898 4081 973 4147 Quod
987 4089 1075 4134 autern
1090 4080 1130 4134 di·
1178 4098 1238 4138 cem
1253 4084 1395 4146 virtutum,
1409 4097 1470 4151 qum
1486 4091 1529 4137 est
1546 4083 1572 4137 iu
1587 4084 1690 4139 unitate
1711 4093 1811 4140 sanctae
1828 4085 1965 4153 Ecclesiae,

341 4176 377 4230 rit
389 4176 483 4230 iliram
502 4176 536 4230 ad
557 4175 729 4230 Salomonem
745 4193 751 4228 :
767 4173 824 4229 Nos
845 4182 931 4229 autem
953 4174 1082 4228 caesinas
1096 4172 1129 4227 a·
1177 4174 1360 4243 pervenimus.
1376 4172 1528 4227 Notandum
1543 4182 1644 4238 auteur,
1659 4175 1730 4244 quod
1746 4175 1826 4229 iidem
1851 4178 1967 4246 operarii

341 4280 390 4335 gna
408 4265 441 4319 rie
456 4264 566 4329 Diana,
579 4265 647 4335 qued
663 4265 835 4318 necessarium
856 4264 988 4327 habueris,
1005 4272 1028 4316 at
1046 4262 1129 4333 appii·
1179 4262 1218 4316 ita
1233 4270 1311 4315 erant
1325 4261 1472 4325 distributi,
1490 4269 1519 4314 ut
1530 4277 1594 4330 pars
1608 4263 1634 4316 iu
1649 4270 1742 4317 monte
1759 4263 1862 4334 lapides
1881 4269 1968 4323 eaede-

341 4359 456 4413 eaiimus
477 4374 508 4412 eu
531 4358 630 4412 ratibus
644 4374 691 4427 per
712 4373 784 4410 mare
802 4357 829 4409 in
850 4354 962 4424 ioppen,
986 4364 1059 4408 tuum
1080 4354 1129 4408 erit
1178 4361 1249 4416 reat,
1268 4368 1332 4423 pars
1351 4354 1416 4407 item
1440 4368 1524 4409 onera
1547 4362 1697 4424 portarent.
1719 4357 1829 4413 Diversa
1850 4374 1968 4429 namque

342 4450 485 4519 transferre
497 4466 529 4502 sa
549 4449 576 4503 in
591 4447 769 4512 Hierusalem,
785 4445 920 4517 significat
936 4445 1006 4514 quod
1023 4451 1128 4514 gentes,
1179 4452 1242 4499 sunt
1254 4444 1324 4499 dona
1346 4443 1461 4514 Spiritus
1475 4460 1482 4509 ;
1502 4445 1650 4514 etquidem
1667 4445 1796 4514 majorem
1810 4450 1915 4505 dicendi
1930 4470 1962 4511 ac

342 4540 430 4594 audita
454 4538 526 4593 lama
547 4539 697 4609 Evangelii,
712 4538 832 4593 diversas
847 4537 985 4591 hominum
999 4551 1129 4608 personas
1180 4544 1319 4604 protervos
1333 4534 1460 4603 arguendi
1475 4534 1651 4589 constantiam
1669 4536 1784 4602 habeam
1799 4540 1909 4608 quidam
1926 4542 1968 4598 ir.-

342 4644 401 4683 cum
416 4628 579 4684 credulitate
592 4629 780 4684 transmittunt
797 4627 831 4681 ad
845 4627 1017 4696 baptismatis
1031 4642 1128 4697 perce·
1180 4624 1293 4678 teniores
1305 4623 1337 4677 ad
1348 4623 1524 4678 consolandos
1533 4625 1716 4694 pusillanimes
1728 4636 1755 4682 et
1767 4628 1890 4685 infirmos
1899 4629 1966 4685 sab-

342 4720 469 4788 ptionem.
485 4718 575 4774 Solius
590 4727 679 4773 tamen
694 4726 737 4773 est
748 4718 805 4772 veri
818 4715 937 4782 Pacifici,
950 4718 1036 4773 nostri
1052 4716 1127 4771 vide·
1141 4744 1168 4805 D
1181 4714 1308 4769 levandos
1325 4714 1459 4779 existunt;
1485 4716 1594 4784 quidam
1616 4717 1756 4787 utriusque
1779 4720 1888 4775 virtutis
1907 4736 1968 4775 mu-

342 4810 403 4868 lioet
424 4809 626 4881 Redemptoris,
640 4819 670 4865 ut
692 4809 824 4864 abluendo
839 4814 952 4877 peccata
973 4823 1023 4878 per
1038 4823 1129 4863 sacra·
1180 4819 1245 4860 uere
1269 4806 1374 4875 praediti
1399 4805 1432 4860 ad
1454 4821 1522 4877 opus
1544 4807 1640 4862 domus
1664 4807 1770 4863 Domini
1792 4811 1967 4871 conveniunt.

342 4907 431 4956 menta
451 4898 585 4963 eoelestia,
602 4898 699 4953 unitati
713 4898 774 4953 illos
794 4906 894 4953 sancta
915 4898 1018 4953 inserat
1036 4897 1128 4954 Eccle·
1180 4896 1274 4967 quales
1284 4897 1343 4952 fieri
1360 4898 1445 4952 voluit
1461 4913 1508 4953 eas
1522 4898 1619 4967 quibus
1637 4897 1780 4967 Apostolus
1796 4900 1968 4970 loquiturdi-

343 4993 397 5047 sia.
415 4990 493 5047 Unde
506 4989 624 5046 loannes
636 4990 664 5044 in
685 4988 832 5058 Evangelio
855 4989 910 5043 ait:
926 4989 978 5055 Qui
998 5006 1038 5044 ms
1057 4991 1128 5044 misit

342 5082 473 5152 baptisare
487 5082 514 5135 in
528 5098 606 5152 aqna,
620 5079 664 5135 itta
675 5080 740 5134 mihi
749 5075 816 5134 dixit
830 5092 839 5130 :
855 5077 939 5149 Super
947 5094 1022 5150 quem
1033 5079 1128 5133 uideris

342 5168 468 5242 Spiritum
487 5170 718 5226 descendentemet
740 5155 884 5224 manentem
902 5185 980 5239 super
993 5185 1064 5233 eum,
1086 5169 1127 5223 hic

342 5273 386 5329 est,
397 5265 444 5334 qui
456 5264 570 5334 baptizat
581 5266 608 5319 in
624 5262 725 5333 Spiritu
735 5272 835 5316 sancte.
849 5261 883 5314 Et
894 5277 940 5330 epo
953 5261 1005 5314 atat
1017 5270 1041 5313 et
1055 5260 1127 5314 testi-

342 5357 457 5411 monium
471 5356 590 5426 perhibui
605 5356 667 5425 quia
678 5354 722 5407 hic
737 5363 774 5409 est
792 5351 879 5407 Filius
894 5351 943 5406 Dei
958 5351 1048 5423 (ioan.
1060 5351 1092 5422 r).

377 5444 531 5499 Numeraait
547 5462 607 5515 ergo
623 5443 749 5499 Salomon
770 5460 815 5498 rea
832 5460 920 5498 amnes
933 5445 1001 5499 uiros
1014 5445 1129 5515 prosely-

342 5544 391 5599 tos,
407 5535 454 5605 gui
466 5544 540 5589 erant
554 5536 582 5589 in
602 5545 672 5589 terra
695 5533 791 5600 lsrael,
814 5545 871 5604 post
894 5536 1129 5591 dinumerationem

341 5641 420 5695 quam
441 5624 614 5678 Dinumerauit
636 5622 721 5677 Dauid
740 5633 815 5694 puter
828 5624 897 5693 ejus,
912 5634 935 5677 et
957 5625 1053 5679 inuenti
1069 5634 1130 5679 sant

1180 4986 1404 5058 cens:Corripite
1423 4989 1558 5058 inquietos,
1582 4989 1753 5045 consolamini
1776 4992 1966 5061 pusillanimes,

1179 5079 1303 5148 suscipite
1317 5078 1447 5146 infinnos,
1462 5079 1587 5147 patientes
1601 5088 1681 5132 estate
1692 5078 1727 5132 ad
1739 5096 1826 5134 omnes
1838 5078 1864 5150 (l
1877 5079 1967 5137 Thess.

1180 5170 1218 5239 v).
1230 5169 1369 5238 Praepositi
1383 5177 1483 5234 autem,
1500 5170 1545 5239 qui
1558 5180 1693 5239 praeerant
1703 5172 1814 5241 singulis
1828 5174 1967 5241 operibus,

1180 5263 1230 5332 ipsi
1245 5270 1309 5317 sunt
1329 5278 1414 5317 sacrm
1431 5263 1586 5318 conditores
1599 5262 1757 5333 Scripturas,
1779 5280 1895 5334 quorum
1911 5282 1969 5321 ma·

1181 5352 1293 5422 gisterio
1313 5351 1340 5405 ia
1355 5352 1481 5407 omnibus
1497 5353 1647 5419 erudimur,
1660 5354 1794 5421 quomodo
1805 5355 1904 5411 inscios
1917 5356 1968 5411 ‹lo-

1181 5461 1244 5501 rere
1254 5453 1281 5499 et
1300 5441 1504 5515 contemptores¹
1522 5446 1669 5515 corripere,
1687 5447 1821 5515 monsedo
1834 5462 1884 5502 uos
1897 5447 1968 5501 iuri·

1180 5552 1238 5591 cem
1262 5550 1345 5589 onera
1373 5543 1466 5590 nostra
1492 5544 1620 5605 portare,
1645 5543 1676 5589 ut
1701 5536 1860 5606 impleamus
1883 5536 1968 5605 legem

1182 5625 1294 5689 Christi,
1307 5625 1450 5680 conveniat
1463 5621 1534 5696 (Gai.
1554 5624 1603 5696 vr).
1630 5624 1714 5679 Recte
1729 5624 1834 5694 praelati
1852 5622 1968 5691 operarii

277 5741 282 5757 ·
341 5722 444 5766 centum
460 5714 650 5783 quinquaginta
669 5712 802 5776 mihimet
819 5713 871 5766 tria
887 5712 980 5778 millia,
1002 5715 1130 5779 secretum·
1183 5713 1462 5781 tantammodo
1483 5716 1679 5783 perhibentur:
1703 5715 1872 5784 septuaginta
1898 5711 1969 5766 ride

342 5804 551 5874 fecitqueeseis
570 5806 735 5875 septuaginta
749 5805 842 5870 millia,
858 5809 903 5877 nui
923 5808 1037 5861 humeris
1052 5826 1131 5863 onera
1183 5808 1246 5862 licet
1273 5817 1382 5875 propter
1413 5806 1607 5861 sabbatismum
1638 5804 1809 5867 animarum,
1837 5801 1968 5869 septimus

340 5901 525 5964 portauerant
541 5896 691 5965 octuaginta
702 5895 786 5949 miliia
798 5896 842 5964 qui
854 5896 952 5965 lapides
964 5897 989 5949 ia
1002 5898 1132 5953 mantibus
1183 5901 1256 5956 euim
1271 5900 1329 5955 dies
1352 5900 1378 5953 in
1393 5900 1545 5963 sabbatam,
1557 5897 1584 5952 id
1599 5906 1650 5962 est,
1670 5895 1801 5963 requiem,
1819 5906 1967 5945 consecra·

340 5988 482 6048 cuderent,
490 5985 635 6039 triaautem
646 5986 728 6041 millia
739 5997 901 6041 etsecrentas
912 5990 1064 6059 prepositos
1074 6007 1133 6061 ope·
1183 6000 1228 6047 tus
1239 5999 1296 6055 est;
1309 5988 1448 6059 octoginta
1461 5997 1571 6057 propter
1585 5998 1660 6056 spem
1675 5978 1892 6045 resurrectionis,
1908 5995 1967 6050 nitar
