4709 6767
376 602 448 661 {ADD
732 606 910 665 CDMDENT.
930 608 964 665 lrt
983 601 1107 663 Libuos
1127 596 1417 657 deterioraberunt.
1437 629 1472 641 -
1489 600 1524 657 IN
1542 600 1607 658 ΗΒ.
1625 601 1647 658 l.
1945 611 2011 667 lili

309 784 312 796 ³
372 713 562 772 infestaverint
581 717 669 773 bellis.
685 718 752 772 item
773 717 802 772 in
818 717 889 773 libro
910 717 1049 774 tricesimo
1070 721 1167 769 octaro
1181 716 1206 774 A
1221 720 1403 767 revocaretur.
1420 710 1540 774 interim,
1567 712 1694 781 qrronianr
1708 715 1811 771 virlbns
1825 729 1878 770 nen
1890 725 2011 789 poterat,

371 812 453 873 atque
466 805 605 859 tricesimo
618 821 690 862 arrno
702 806 789 876 priori
803 807 952 863 narrationi
965 821 1021 862 suaa
1036 805 1089 860 ista
1101 802 1166 858 sub-
1219 801 1323 856 insidiis
1332 800 1496 856 Antiochum
1509 800 1610 871 ubique
1627 802 1758 858 tentabat.
1783 802 1898 875 Propter
1915 808 2010 863 mniti-

371 895 478 949 nectit:
499 910 617 967 namque
633 896 801 961 Demetrius,
819 897 891 953 sicut
912 897 1096 969 supradictum
1111 902 1163 959 est,
1217 892 1489 948 tudinembnminum
1511 892 1647 948 exercitus
1665 892 1791 950 Antiochi
1816 910 1865 965 per
1885 899 2011 960 civitates

371 998 432 1038 cunr
451 982 551 1039 bellurn
576 984 684 1041 Parthis
710 984 857 1051 intulisset,
878 986 1024 1057 multisque
1037 1000 1165 1056 cougres·
1216 984 1330 1040 hiberno
1353 992 1474 1055 tempore
1493 984 1595 1040 diuisus
1609 992 1678 1050 crat,
1691 1001 1809 1057 quares
1830 988 1905 1044 exitii
1927 1006 2010 1051 eausa

370 1073 492 1130 sionibus
505 1076 591 1131 ricton
602 1076 706 1142 luisset,
718 1087 829 1147 repente
837 1078 943 1135 insidiis
951 1079 1162 1143 circumventus,
1216 1076 1276 1131 init.
1293 1076 1359 1130 Nam
1373 1093 1433 1132 cnm
1448 1078 1553 1149 gravari
1574 1093 1604 1134 se
1623 1078 1762 1149 copiarum
1783 1081 1970 1150 praelibatione
1982 1094 2011 1143 et

370 1167 470 1222 amisso
498 1169 635 1234 exercitu,
655 1170 770 1239 capitur.
787 1170 835 1225 Cui
850 1170 993 1226 Arsacides
1008 1183 1021 1212 ⁸
1036 1169 1162 1225 llircania
1215 1167 1320 1238 injuriis
1343 1169 1458 1224 miiitum
1483 1170 1608 1225 civitates
1628 1161 1767 1236 riderent,
1785 1171 1818 1225 ad
1831 1172 1948 1232 Parthos
1962 1178 2010 1234 de·

369 1274 423 1313 nen
438 1259 541 1314 ceritum
562 1258 662 1315 damen
680 1275 791 1333 regnum
809 1261 983 1333 [Arsacides,
998 1262 1162 1317 Parthorum
1215 1260 1323 1327 heiunt;
1338 1269 1366 1316 et
1379 1261 1405 1315 in
1420 1261 1463 1316 die
1478 1269 1579 1316 sutota
1593 1276 1688 1318 earnes
1699 1264 1770 1334 apud
1787 1280 1816 1320 sc
1826 1266 1944 1324 divisum
1959 1286 2010 1326 cx·

369 1364 434 1416 rea,
450 1367 547 1421 niagno
572 1359 600 1407 et
620 1354 695 1423 regio
719 1353 811 1407 animo
825 1395 833 1418 ,
848 1353 932 1408 nrissa
943 1353 972 1407 in
995 1352 1161 1417 ilircaniam,
1213 1352 1329 1408 ercitum
1340 1367 1388 1423 per
1399 1351 1513 1408 insidias
1524 1367 1558 1407 ne
1569 1351 1874 1410 invicemierreauxilia
1886 1372 2010 1429 possent,

368 1457 422 1495 non
435 1442 536 1497 cultum
553 1451 660 1497 tantum
681 1442 796 1515 regium]
811 1443 938 1513 prestitit
954 1482 962 1508 ,
975 1442 1061 1497 sedet
1079 1441 1161 1496 liliam
1213 1439 1489 1512 aggrediuntur.Quae
1500 1456 1561 1497 cum
1573 1437 1696 1497 nuntiata
1708 1441 2009 1516 Antiocbocssenr,au·

368 1534 395 1589 in
405 1535 606 1589 matrimonium
623 1534 708 1599 dedit,
731 1551 897 1606 regnumque
910 1534 1005 1606 Syriae,
1026 1536 1098 1606 quod
1112 1551 1163 1606 per
1213 1533 1307 1588 xitiurn
1321 1534 1453 1604 proximis
1463 1533 1568 1589 laturus
1577 1549 1639 1590 enm
1647 1550 1678 1590 ca
1688 1551 1768 1591 manu
1780 1551 1840 1607 quae
1852 1553 1943 1595 secum
1954 1541 2012 1597 hie·

367 1626 425 1697 ejus
446 1626 596 1682 absentiam
610 1626 738 1697 Tryphon
749 1637 951 1698 occrrpaverat,
972 1629 1161 1684 restituturum
1212 1629 1315 1693 mahat,
1327 1626 1508 1699 progreditur.
1522 1628 1656 1685 lnitinere
1667 1629 1775 1685 obvium
1790 1632 2010 1704 regcmParthc-

367 1718 510 1790 promittit.
522 1717 587 1773 Post
597 1719 676 1788 buius
689 1726 817 1784 mortem,
833 1720 975 1788 desperato
991 1721 1090 1786 reditu,
1105 1735 1160 1777 oon
1211 1722 1379 1789 rumhabnit‚
1389 1720 1937 1794 adversusquemiortiusqnamexercitus
1950 1727 2010 1798 ejus

367 1812 457 1867 ferens
471 1812 658 1881 captivitatem
672 1812 837 1879 Demetrias,
853 1815 998 1883 priuatam,
1021 1817 1074 1872 etsi
1089 1832 1158 1886 opn-
1211 1815 1368 1871 dimicarit:
1385 1816 1419 1870 ad
1427 1823 1594 1886 postremum
1612 1821 1714 1879 tamen,
1731 1830 1792 1870 curn
1804 1816 1905 1871 rirtrne
1917 1816 2009 1872 hostes

365 1904 465 1959 lentam
488 1905 571 1959 vitam
595 1906 905 1974 pertaesus,tacitusin
931 1923 1044 1978 reguum
1066 1909 1158 1978 lugani
1209 1905 1362 1972 uincerent,
1393 1914 1466 1961 metu
1495 1918 1607 1961 suorum
1638 1904 1763 1959 desertus
1786 1905 1943 1971 ceciditnr;
1964 1908 2007 1961 cui

364 1997 521 2051 meditetur.
536 1995 663 2051 hortator
673 1996 1041 2053 illictcumesGallimander
1054 2001 1159 2056 amicus
1210 1995 1362 2053 Phrubates
1374 1998 1516 2067 exsequias
1530 1997 1605 2069 regio
1620 2011 1697 2052 ιῐιθιθ
1710 1995 1784 2062 iecit,
1802 1998 1941 2070 filiamque
1957 1999 2008 2054 De·

364 2097 433 2152 erat,
446 2089 493 2159 qni
510 2094 571 2158 post
583 2089 769 2158 captivitatem
789 2088 848 2156 ejus
866 2104 882 2143 a
896 2088 975 2160 Syria
989 2105 1038 2159 per
1051 2091 1160 2148 Arabia
1174 2074 1198 2135 Β
1212 2089 1313 2153 metrii,
1337 2103 1419 2157 quarn
1437 2103 1530 2144 secum
1551 2087 1701 2143 Antiochus
1718 2088 1888 2155 adduxerat,
1911 2085 2008 2161 captus

364 2179 481 2244 deserta,
493 2179 607 2234 ducibus
617 2178 1049 2248 pecnniacornparatis,Parthic0
1064 2183 1158 2238 babitu
1212 2192 1304 2235 amore
1320 2180 1442 2250 virginis,
1464 2192 1577 2232 uxorem
1593 2177 1679 2233 duxit.
1694 2177 1831 2234 Poenitere
1846 2177 1943 2236 deinde
1966 2180 2008 2235 di-

363 2268 530 2339 Dahylonem
554 2279 728 2339 pervenerat.
744 2269 797 2325 Sed
813 2269 985 2340 effregientenr
996 2271 1159 2342 Phrabates,
1212 2273 1287 2327 missi
1310 2270 1439 2327 Demetrii
1459 2268 1560 2341 coepit;
1582 2269 1616 2325 ad
1629 2283 1709 2340 quem
1725 2267 1917 2325 retrahendum
1943 2285 2005 2324 coru

363 2359 409 2426 qni
417 2359 538 2413 Arsacidi
550 2370 729 2425 successerat,
738 2361 860 2433 equiturn
869 2362 1160 2433 eeleritatepercorn-
1211 2372 1315 2419 turmas
1336 2364 1457 2433 equitum
1480 2360 1608 2417 festinato
1622 2361 1751 2427 misisset,
1768 2359 1934 2417 Demetrium
1955 2363 2007 2420 hoc

363 2448 548 2517 pendinsiures
558 2449 684 2503 tramites
694 2460 856 2520 occupatum
868 2452 995 2508 retrahit.
1008 2452 1044 2509 llt
1055 2462 1097 2509 est
1111 2455 1159 2509 de-
1211 2458 1298 2527 ipsum
1327 2466 1493 2514 metuentem
1507 2454 1565 2526 jam
1586 2455 1613 2509 in
1635 2468 1718 2525 regnu
1739 2453 1814 2508 missi
1829 2454 2003 2518 invenerunt,

363 2537 501 2592 dueuuad
514 2538 810 2609 regenr,Galliroandro
823 2540 1161 2610 quidemnontantumre-
1210 2546 1365 2616 hustraqne
1383 2548 1475 2603 omnia
1495 2545 1609 2608 conati,
1631 2543 1665 2599 ad
1687 2558 1777 2613 regem
1804 2560 1881 2598 snum
1905 2541 2005 2598 reecrsi

363 2632 447 2697 niam,
459 2648 552 2688 rernm
563 2642 592 2689 et
603 2635 745 2704 praemium
754 2633 925 2690 ildeidatum.
939 2636 1160 2693 Demetriumau·
1210 2648 1282 2698 surrt.
1297 2639 1467 2695 Antiocboin
1479 2637 1589 2693 Parthia
1599 2652 1660 2692 cum
1674 2636 1797 2692 exercitu
1808 2634 1905 2701 deleto,
1919 2635 2003 2692 irater

363 2730 427 2789 tem,
439 2725 556 2794 graviter
570 2726 743 2797 castigatum,
756 2727 790 2782 ad
803 2725 945 2797 conjugem
958 2729 986 2783 in
1001 2728 1158 2785 llircaniam
1209 2731 1268 2801 ejus
1281 2730 1444 2793 Dcnretmns,
1466 2727 1607 2784 o!.sidionc
1630 2725 1794 2782 Parthorum
1816 2725 1957 2790 liberatus,
1972 2740 2004 2782 ac

362 2816 487 2881 remittit,
513 2817 731 2887 arctioribusque
753 2819 885 2874 custodiis
904 2819 1159 2892 observarijubet.
1210 2822 1352 2878 restitutus
1376 2820 1416 2893 [in
1438 2816 1574 2891 regnum],
1599 2817 1761 2873 errmnmnis
1785 2816 1864 2887 Syria
1880 2817 1906 2871 in
1928 2817 2003 2872 luctu

361 2905 507 2975 Interiectu
521 2916 654 2978 tempure,
668 2925 730 2964 cunr
747 2909 826 2965 tidem
839 2910 877 2965 illi
895 2919 923 2967 et
934 2913 1053 2983 suscepti
1068 2914 1158 2969 liberti
1209 2922 1322 2986 propter
1335 2913 1465 2968 amissum
1482 2909 1632 2966 exereitum
1649 2916 1732 2973 esset,
1757 2907 1833 2979 qnasi
1849 2907 2005 2977 patriarcha

362 2996 493 3064 seweni,
515 3000 611 3055 θθόθιιι
634 3002 722 3057 emico
746 3001 846 3057 comite
875 3003 988 3072 repetita
1016 3002 1156 3074 lugaest;
1210 3000 2003 3081 [Parthicalipsiusachatrislrcllaqnilnrsaltcrcaptns,

361 3088 410 3142 ὅθι]
424 3088 481 3158 Pili
496 3087 655 3143 Ῑῐιῖθῑῑῡῑῑιῑθ
667 3104 748 3159 Pl⁰Pe
764 3090 833 3145 s¹¹¹0⁵
858 3090 934 3161 regni
950 3091 992 3146 ⁸¹¹¹
1007 3091 1158 3161 deprehen·
1209 3102 1278 3157 alter
1292 3100 1399 3156 occisus
1418 3106 1486 3161 crat,
1502 3107 1632 3165 prospere
1649 3092 1808 3163 gessissent,
1834 3090 1872 3145 ita
1886 3087 2005 3162 AEgyplo

361 3176 446 3242 «teror,
465 3193 497 3232 ac
515 3179 603 3234 denuo
617 3180 762 3249 perductus
784 3181 818 3234 ad
839 3196 949 3249 regen,
969 3188 999 3235 nr
1023 3181 1157 3237 iurisusa
1207 3191 1309 3249 neiron
1323 3185 1542 3246 terrenesuruu,
1559 3198 1727 3255 regnumque
1739 3180 2002 3253 AEgyprtcreopana

317 3277 325 3290 ⁸
360 3277 506 3339 ⁶⁰¹¹SD⁰0²¹¹
519 3270 705 3325 submovetur·
715 3271 792 3327 Tunc
805 3287 914 3342 quoque
928 3273 1005 3328 ⁰¹011
1020 3282 1047 3327 ⁰¹
1063 3273 1155 3330 libelis
1208 3297 1288 3338 socru
1301 3279 1418 3350 pretinm
1434 3275 1526 3332 auxilii
1552 3274 1682 3329 adversus
1696 3272 1808 3327 iratrem
1828 3288 1904 3327 sunm
1927 3272 2004 3343 polli-

361 3363 477 3417 dunatus
495 3362 521 3416 in
534 3361 710 3430 ffilfflniaffls
726 3364 862 3432 Poeflaleffl
884 3364 935 3420 Sibi
951 3365 1099 3431 civilatem,
1112 3381 1155 3421 ιθ·
1208 3379 1295 3427 cente.
1307 3368 1362 3425 Sed
1373 3367 1436 3422 dnm
1453 3365 1541 3420 aliena
1564 3361 1682 3428 affectat,
1696 3369 1726 3415 nt
1740 3360 1839 3416 assolet
1853 3360 1923 3425 heri,
1939 3375 2002 3430 pro·

359 3454 491 3520 mittitur,
506 3454 619 3525 talisque
641 3458 732 3513 aurcis
747 3459 773 3511 in
786 3459 1024 3528 exprobrationem
1041 3428 1191 3536 pocritae
1207 3462 1265 3533 pria
1286 3475 1334 3532 per
1348 3457 1525 3514 delectionem
1549 3452 1635 3525 Syrias
1660 3451 1761 3509 amisit.
1781 3451 1922 3522 Siquidem
1948 3452 2003 3506 An·

359 3543 479 3602 lenitatis
493 3547 611 3602 donatur
625 3563 632 3601 :
648 3548 695 3604 scd
715 3549 784 3605 hanc
804 3548 966 3606 Parthorum
986 3560 1042 3606 tam
1058 3554 1151 3608 mitem
1207 3553 1361 3609 tiochenscs
1370 3547 1542 3621 primi,duee
1553 3544 1708 3616 Tryphone,
1722 3553 1895 3599 exsecrantes
1908 3559 2002 3613 supcr—
2079 3539 2086 3556 ⁴

361 3635 391 3691 in
402 3636 569 3693 Demetrium
584 3637 755 3693 clementiam
772 3655 822 3696 nec
837 3656 896 3696 mos
911 3642 1000 3710 gentis
1024 3642 1151 3710 iaciebat,
1205 3645 1277 3700 biam
1291 3642 1376 3713 regis,
1404 3655 1464 3711 qnae
1488 3636 1694 3692 correersatione
1719 3633 1865 3707 [Parthicae
1882 3635 2000 3690 crudeli-

359 3742 413 3783 nec
425 3737 565 3797 respectus
587 3729 768 3799 cognationis,
783 3731 831 3785 sed
847 3732 919 3800 quod
938 3731 1024 3802 Syriae
1039 3750 1152 3805 regnum
1206 3732 1281 3807 tatis]
1302 3729 1482 3789 intolerabilis
1495 3728 1567 3784 iacta
1593 3738 1662 3793 erat,
1678 3742 1741 3782 mox
1760 3726 1902 3798 Apamenii
1917 3735 1997 3782 cate·

360 3819 543 3883 affectabant,
571 3821 647 3875 nsuri
673 3821 810 3876 Demetrio
836 3822 966 3878 aduersos
988 3823 1153 3882 Antiochum
1204 3843 1295 3899 reque
1313 3824 1438 3880 civitates
1462 3819 1614 3890 exemplum
1639 3826 1756 3883 secuto,
1781 3833 1830 3888 per
1849 3818 2000 3873 absentiam

330 3946 341 3955 -
358 3912 484 3976 fratrem,
499 3920 579 3981 prout
591 3913 631 3967 rel
649 3920 755 3982 tempus
763 3913 804 3968 rei
814 3913 921 3969 fortuna
935 3916 998 3972 belli
1006 3919 1151 3990 exegisset.
1204 3920 1277 3990 regis
1294 3915 1374 3990 [ejus]
1388 3932 1402 3970 a
1414 3911 1552 3968 Demetrio
1567 3908 1704 3965 deiecere.
1721 3906 2001 3979 Ptolemmrrsqunque

359 4001 411 4058 llis
422 4003 546 4069 auditis,
566 4004 716 4060 Antiochus
740 4006 927 4074 occupandum
945 4007 1045 4063 bellom
1067 4019 1151 4077 ratus,
1203 4025 1250 4065 rex
1261 4006 1380 4079 AEgypti,
1396 4004 1466 4060 bello
1478 4001 1618 4057 abeodem
1641 3999 1751 4070 periure,
1775 4014 1837 4053 cum
1852 3998 1993 4069 cognoris·

359 4092 521 4158 exercitum,
541 4108 622 4162 quem
642 4094 733 4150 multis
749 4093 927 4151 linitimorum
944 4097 1021 4152 bellis
1038 4099 1152 4155 indura·
1204 4110 1245 4156 set
1268 4096 1437 4168 Cleopatram
1453 4106 1575 4148 sororem
1602 4104 1691 4154 suam,
1707 4087 1803 4158 opibus
1821 4085 1931 4159 AEgypti
1945 4104 1996 4144 na-

358 4191 450 4249 vent,
465 4183 596 4239 aduersus
615 4183 729 4240 Parthos
749 4185 833 4240 ducit.
861 4184 916 4242 Sed
939 4202 990 4256 per
1014 4188 1152 4246 inaceriam
1203 4190 1282 4246 ribus
1307 4187 1451 4258 impositis,
1475 4184 1509 4239 od
1534 4183 1617 4237 hlium
1635 4189 1662 4236 et
1683 4180 1849 4235 Demetrium
1867 4194 1997 4250 genemm

358 4287 414 4328 non
433 4274 522 4329 minor
541 4282 685 4345 apparatus
706 4290 788 4345 quam
813 4276 916 4331 militiae
937 4276 988 4332 luit
1001 4297 1008 4331 ε
1023 4278 1037 4319 b
1053 4280 1153 4351 qnippe
1203 4296 1281 4337 surim
1295 4279 1321 4333 in
1337 4277 1443 4349 Syriam
1459 4272 1619 4345 prohrgisse,
1634 4270 1745 4327 immisit
1755 4270 1989 4341 iurenenrquern-

358 4364 443 4420 millia
466 4365 551 4420 multa
573 4374 739 4421 armatnmm
753 4374 846 4422 secuta
862 4376 926 4423 sunt
946 4377 1067 4424 trecenta
1082 4370 1152 4426 lixa·
1203 4373 1264 4428 darn
1280 4368 1449 4443 AEgyptium,
1467 4364 1609 4421 Protharsi
1633 4361 1810 4433 negotiatoris
1832 4360 1929 4427 illium,
1950 4360 1996 4431 qni

358 4472 420 4512 rum
442 4472 458 4512 e
482 4458 580 4526 quibus
603 4472 752 4527 eoquorum
773 4457 882 4530 [qnippe
907 4461 1044 4532 octoginta
1069 4463 1153 4518 millia
1203 4481 1315 4537 regnum
1332 4462 1417 4534 Syriae
1437 4458 1521 4514 armis
1544 4464 1649 4530 peteret
1673 4464 1700 4510 et
1724 4455 1873 4526 composito
1894 4453 1996 4520 labala,

358 4557 527 4606 armatorum
541 4558 636 4606 secuta
658 4561 719 4605 sorra
734 4560 857 4606 trecenta
879 4552 962 4606 millia
978 4552 1152 4619 lixarum,ex
1203 4557 1279 4628 qnasi
1305 4571 1355 4629 per
1381 4552 1553 4625 adoptionem
1578 4548 1703 4604 Antiochi
1727 4546 1798 4619 regis
1815 4555 1939 4617 receptus
1965 4547 1993 4602 in

358 4641 457 4712 quibus
470 4656 627 4711 eoquorum,
646 4640 711 4712 ete]
729 4641 920 4713 pistorumque
945 4644 1034 4714 major
1057 4660 1153 4700 nume·
1204 4647 1334 4702 familiam
1348 4644 1448 4716 regiam
1468 4650 1549 4707 esset,
1566 4657 1616 4696 nec
1631 4639 1719 4711 Syriis
1735 4638 1884 4709 quemlibet
1904 4654 1995 4711 regem

357 4748 407 4788 rus
420 4733 481 4787 hrit.
503 4733 616 4803 Argenti
630 4741 704 4787 certe
723 4732 838 4801 aurique
854 4741 973 4799 tantum,
991 4744 1021 4790 ut
1035 4737 1151 4805 gregarii
1163 4772 1191 4832 D
1204 4733 1422 4807 aspernantibus,
1443 4746 1478 4786 ne
1493 4730 1622 4785 Demetrii
1647 4728 1803 4798 snperbiam
1824 4735 1994 4798 paterentur,

357 4825 538 4881 nrilitesauro
551 4825 650 4896 caligas
677 4824 801 4896 figerent,
827 4823 1071 4896 proculcarentque
1090 4843 1150 4882 nra·
1204 4842 1300 4882 nnnren
1317 4823 1410 4892 Jurcni
1435 4820 1588 4875 Alexander
1612 4820 1760 4890 imponitur
1784 4819 1939 4888 auxilioque
1961 4819 1996 4875 ab

356 4915 455 4968 teriam
475 4914 551 4983 eujus
572 4929 663 4969 amore
689 4914 780 4985 populi
803 4912 877 4970 ferro
896 4914 1042 4971 'dimittunt
1059 4915 1149 4990 [dimi-

357 5005 444 5078 cant].
454 5004 610 5061 Culinorum
618 5021 726 5076 qnoque
735 5014 864 5077 argentea
872 5007 1052 5064 instrumenta
1063 5009 1149 5074 suere,

355 5118 523 5175 prorsusque
542 5109 573 5158 rit
589 5104 623 5159 ad
639 5102 744 5174 epulas,
759 5119 812 5159 non
830 5104 864 5160 ad
876 5105 975 5161 bellum
996 5117 1147 5178 pergerent.

356 5191 737 5250 Advenientihntiocbo‘multi
747 5193 900 5251 orientales
907 5210 983 5267 reges
992 5211 1148 5266 occurrere,

356 5283 531 5339 tradentesse
542 5298 678 5353 regnaque
688 5298 737 5338 sna
748 5298 810 5338 cnm
818 5286 1005 5341 exsecratione
1016 5288 1151 5358 superbiae

355 5371 502 5429 Parthica.
521 5374 576 5429 Nee
594 5390 669 5429 mora
693 5374 878 5446 congressioni
904 5373 966 5431 init.
979 5376 1147 5441 Antiochus,

358 5464 445 5520 tribus
463 5465 563 5535 praeliis
584 5466 682 5531 victor,
706 5481 768 5522 curn
782 5464 958 5537 babyloniam
979 5476 1149 5537 occupasset,

355 5573 470 5629 magnus
483 5558 577 5614 baberi
587 5555 822 5628 coepit.ltaquead
839 5556 1033 5612 cumomnibus
1043 5557 1150 5628 papulis

354 5650 555 5715 defluentibus,
569 5651 637 5705 nibil
653 5649 761 5705 Parthis
779 5648 911 5718 reliquum
924 5655 1024 5718 praeter
1043 5647 1149 5719 patrius

354 5740 420 5799 ilnis
433 5741 495 5798 init.
518 5741 595 5797 Tune
605 5740 757 5797 Pbrabates
770 5733 935 5795 Demetrium
951 5739 979 5795 in
995 5737 1103 5811 Syriam
1113 5738 1148 5794 ad

354 5834 544 5903 occupandum
562 5847 675 5904 regnum
687 5847 750 5887 cum
764 5831 892 5888 Parthico
909 5829 1038 5901 praesidio
1051 5829 1146 5896 mittit,

355 5936 389 5984 ut
401 5942 434 5983 eo
449 5934 530 5997 paeto
546 5928 696 5984 Andocbru
723 5927 757 5982 ad
773 5941 821 5983 sua
836 5925 935 5982 tuenda
958 5922 994 5982 ad
1007 5920 1148 5979 Parthiam

396 6037 470 6095 ¹llic
485 6054 535 6095 rns.
553 6038 604 6110 legi
621 6053 674 6094 non
687 6043 803 6107 poterat.

1203 4916 1321 4988 AEgypto
1342 4912 1459 4984 ingentia
1475 4911 1630 4965 mittuntur.
1657 4908 1761 4963 interea
1786 4924 1885 4978 corpus
1901 4909 1996 4964 Antio-

1202 5011 1246 5065 chi
1266 5006 1400 5064 iuteriecti
1414 5021 1429 5061 a
1441 5019 1503 5075 rege
1517 5003 1690 5065 Parthorum,
1703 5002 1730 5054 in
1752 4999 1841 5055 locnlo
1864 5008 1994 5071 argenteo

1202 5101 1236 5155 ad
1255 5099 1420 5169 sepulturam
1432 5095 1458 5150 in
1473 5093 1580 5165 Syriam
1592 5091 1747 5154 remissura,
1762 5089 1905 5159 pennae:
1922 5092 1994 5159 qnod

1201 5208 1263 5248 curu
1277 5190 1377 5261 ingenti
1389 5188 1478 5244 studio
1492 5186 1632 5241 eir-iratum
1643 5192 1671 5239 et
1693 5183 1764 5253 regis
1784 5183 1943 5248 Alexandri,
1959 5184 1993 5239 ad
2035 5209 2038 5214 ·

1200 5281 1411 5339 confirmandam
1441 5276 1536 5332 fabulae
1560 5274 1658 5335 ddcm,
1686 5274 1830 5343 excipitur.
1863 5272 1929 5341 Qum
1949 5290 1993 5329 res

1200 5388 1328 5445 magnum
1344 5370 1463 5425 savorem
1483 5364 1652 5437 popularium
1672 5364 1837 5429 correiliarit,
1867 5365 1992 5421 omnibns

1200 5479 1254 5519 non
1278 5462 1357 5517 lictas
1378 5461 1404 5514 in
1429 5474 1462 5513 eo
1476 5455 1574 5512 edundi
1598 5455 1734 5527 lacrymas
1759 5452 2004 5511 existimantibus?

1201 5552 1353 5610 Demetrius
1366 5559 1468 5614 autem,
1490 5549 1577 5605 rictus
1592 5548 1626 5602 ab
1640 5546 1804 5612 Alexandro,
1830 5562 1891 5602 enm
1911 5544 1991 5600 undi-

1201 5657 1254 5713 que
1268 5640 1507 5698 circumstantibus
1532 5637 1611 5693 malis
1637 5647 1819 5707 premeretur,
1838 5637 1872 5691 ad
1885 5644 1991 5706 postre-

1202 5750 1275 5790 mum
1294 5734 1376 5789 etiam
1391 5731 1426 5786 ab
1446 5746 1531 5786 uxore
1555 5729 1671 5799 hliisque
1696 5728 1839 5784 deseritur.
1870 5724 1991 5783 ilelietut

1202 5827 1357 5898 igiturcnm
1378 5824 1473 5894 paucis
1498 5820 1622 5885 servulis,
1638 5835 1700 5876 eum
1723 5817 1834 5890 Tyrum,
1858 5816 1990 5889 religione

1200 5931 1231 5973 se
1241 5914 1333 5985 templi
1344 5911 1512 5977 defensurus,
1527 5910 1651 5981 petisset,
1664 5922 1727 5963 narn
1741 5904 1899 5978 openiens,
1916 5920 1989 5980 pros·

1237 6028 1253 6070 ι
1264 6024 1381 6083 Adverte
1391 6024 1436 6081 hic
1447 6035 1569 6078 errorem
1578 6035 1630 6079 ms
