4709 6767
618 515 793 574 COMMENT.
813 515 847 572 lit
864 512 1139 572 dissimillimus.
1154 549 1191 560 -
1209 517 1272 574 ult.
1292 517 1336 576 ll.
1726 531 1780 588 52⁰

302 633 333 684 ct
355 624 419 682 loas
443 635 537 683 mutuo
565 635 659 683 contra
688 642 719 682 se
735 627 941 683 dimicaverunt.
955 628 981 688 Α
994 633 1055 680 rant
1078 623 1184 682 liebraei
1200 625 1284 683 lilium
1303 643 1363 685 esse
1375 629 1513 688 zachariae
1532 633 1579 690 sslil
1596 634 1709 703 loladae,
1733 640 1779 709 (μή

286 725 361 774 utem
379 725 423 772 est
442 715 602 773 Bethsumes
617 717 643 772 in
660 718 731 774 tribu
746 716 888 788 licplnhali
909 717 943 772 ad
992 725 1055 788 post
1072 728 1187 774 mortem
1201 721 1286 789 patris
1304 730 1383 779 natus
1406 734 1448 779 est
1468 727 1636 795 posthumus,
1654 730 1689 785 ob
1707 733 1777 800 qnod

286 809 382 866 dam
397 808 517 864 tribuum
529 808 557 863 in
572 807 694 863 Samaria
703 807 853 880 pertinens.
867 807 943 876 Quod
993 817 1020 863 et
1034 822 1132 864 nornen
1152 810 1239 880 patris
1255 812 1365 867 sortitus
1381 821 1431 868 cst.
1454 813 1606 887 intelligens
1620 819 1693 873 enim
1716 833 1779 888 pro-

285 917 292 956 r
314 899 419 973 liegum
443 901 543 956 dicitur
563 900 722 956 Bethsanres
735 901 862 970 oppidum
883 915 943 956 csse
992 909 1053 970 pter
1061 901 1240 958 sacerdotium
1250 911 1420 974 orrocupatus
1428 906 1583 968 est,rldens
1595 923 1658 962 uero
1668 921 1776 980 propter

285 991 391 1066 guillcat
404 993 477 1064 quod
493 993 528 1046 ad
542 1008 653 1064 regnum
667 991 752 1056 Jurluc,
773 993 824 1047 hoc
834 1000 886 1052 est.
907 993 941 1047 ad
992 993 1171 1062 pmpltetiam.

285 1097 324 1138 urs
337 1082 438 1152 quibus
456 1083 550 1138 domus
564 1081 650 1138 Dauid
670 1085 809 1154 regnabat,
827 1083 942 1154 pertine·
1026 1085 1141 1157 Gumoue
1151 1089 1290 1160 requireret
1302 1087 1454 1155 llonrinsrm,
1469 1091 1564 1147 direxit
1580 1109 1638 1148 eum
1651 1095 1678 1148 is
1690 1095 1773 1149 omol-

285 1183 368 1230 lerttm
380 1174 528 1230 secundum
542 1174 662 1228 locoruur
674 1175 773 1240 situm,
790 1173 825 1228 aul
839 1184 940 1229 sortetn
991 1180 1048 1234 ins.
1069 1179 1185 1251 lienique
1205 1197 1322 1252 egressus
1343 1191 1389 1244 cst,
1408 1193 1432 1236 ct
1452 1186 1575 1253 prsprrour't
1599 1193 1689 1239 corrtro
1711 1183 1778 1239 Phi·

285 1271 307 1320 tt
326 1261 477 1334 Beniamin.
505 1262 570 1318 illud
594 1273 684 1319 autern
705 1229 788 1334 qrrod‘
799 1263 940 1333 Scriptura
990 1267 1108 1334 listhiim,
1121 1281 1146 1324 et
1159 1271 1292 1325 dextruxit
1305 1287 1409 1326 morum
1426 1269 1501 1337 Gerlr,
1514 1285 1537 1327 er
1553 1291 1657 1328 murrum
1671 1275 1776 1330 lnhrrior

285 1367 332 1410 tas
345 1352 442 1408 tulisse
456 1352 597 1408 thesauros
611 1367 679 1422 duros
699 1363 798 1422 reperti
816 1353 843 1406 in
860 1353 939 1407 donto
989 1377 1143 1429 murumque
1156 1360 1242 1416 dauri.
1258 1361 1463 1432 AEdificnnirnne
1481 1363 1575 1433 oppido
1591 1364 1618 1418 in
1633 1364 1731 1429 Azoto,
1750 1374 1775 1419 et

285 1445 352 1518 lputl
364 1444 529 1511 obededom,
552 1445 671 1499 ostendii
694 1459 756 1500 1111111
778 1458 832 1498 11011
853 1443 938 1497 1111111111
988 1450 1407 1524 t‘rtl’ht'iistht'irrs,etodjuritestro
1420 1454 1589 1510 licuscootro
1602 1454 1773 1522 Philistht’im,

294 1535 476 1606 tulisseque
498 1535 526 1590 irt
552 1535 630 1589 dorno
653 1535 699 1590 Dei
719 1534 940 1604 reperissetis
988 1550 1011 1596 et
1033 1552 1125 1596 costra
1147 1543 1246 1597 Arabes
1262 1544 1307 1614 psi
1324 1544 1442 1599 holitum
1461 1547 1491 1600 in
1506 1543 1633 1600 Gurdnol.
1655 1546 1772 1602 Gurhaal

300 1628 372 1700 apud
389 1627 522 1696 janitores
544 1636 572 1683 et
588 1631 713 1683 custodes
733 1628 824 1698 templi
848 1643 939 1683 serra·
988 1633 1074 1701 ipsum
1089 1633 1182 1689 dicunt
1194 1649 1254 1689 esso
1271 1634 1359 1689 locum
1378 1637 1424 1706 qni
1446 1637 1472 1691 in
1486 1635 1583 1692 Genesi
1603 1647 1714 1693 recatus
1731 1646 1773 1694 cst

292 1715 324 1776 lu
349 1719 440 1789 priore
471 1717 540 1774 libro
567 1725 696 1773 narratur
720 1719 792 1789 quod
819 1719 853 1773 de
876 1718 939 1774 liliis
987 1721 1099 1789 Geram,
1116 1723 1460 1792 ubll'uitdhirneluchrcr,
1476 1728 1601 1799 dinque
1616 1730 1772 1799 peregrina-

285 1823 305 1864 o
320 1823 370 1880 per
388 1808 472 1864 David
492 1807 607 1865 luissent
626 1809 703 1865 electi
728 1811 866 1882 sexaginta
884 1810 937 1865 duo
988 1819 1032 1868 tus
1045 1823 1086 1868 est
1098 1813 1233 1870 Abraham
1246 1829 1307 1870 cum
1327 1831 1410 1872 uxore
1421 1831 1470 1872 sna
1491 1815 1574 1884 Sara,
1590 1818 1660 1874 sicut
1674 1817 1700 1873 in
1720 1816 1772 1875 Ge·

285 1899 467 1958 iluistraudum
481 1901 507 1955 in
520 1900 601 1957 domo
613 1900 659 1956 liei
674 1941 682 1967 ‚
702 1909 729 1956 et
741 1900 776 1955 ad
786 1903 936 1958 custodiam
988 1903 1045 1958 nesi
1058 1903 1165 1974 legitur.
1265 1903 1267 1910 '

336 1973 350 1994 ⁸
947 1971 972 2030 Β
1020 1992 1227 2065 AEdificuoilqtte
1242 1993 1452 2051 Osiostssrresio
1466 1997 1614 2053 Jernsoieos
1627 2015 1772 2071 superpor-

285 2095 293 2136 t
307 2095 368 2136 uro
383 2097 533 2136 semideam
544 2081 659 2138 Amasim
671 2085 789 2154 priorum
802 2092 826 2138 et
845 2082 934 2138 soris·
984 2090 1039 2138 torst
1052 2085 1161 2155 oswii,
1176 2095 1201 2140 et
1215 2100 1293 2157 seper
1304 2096 1406 2157 portant
1417 2087 1501 2154 unitis,
1520 2099 1543 2144 et
1557 2089 1669 2162 reliquos
1680 2091 1706 2146 in
1724 2109 1769 2147 eo-

285 2170 383 2242 eert'pto
400 2182 460 2227 snut
475 2173 503 2226 io
520 2173 586 2227 libro
602 2189 691 2244 regum
705 2172 779 2227 ludo
796 2183 821 2228 et
837 2171 932 2227 lsrael.
983 2178 1042 2232 dem
1056 2179 1126 2233 matri
1145 2178 1241 2244 lutere,
1256 2179 1418 2251 §mersitque
1430 2199 1484 2247 ens,
1504 2192 1557 2239 ele.
1573 2182 1682 2239 Portam
1696 2187 1768 2241 euim

285 2277 347 2322 satit
358 2265 482 2320 recessito
492 2265 605 2321 Domino
616 2266 777 2320 retenderunt
788 2266 813 2320 ei
823 2261 934 2320 insidias
982 2267 1110 2340 Ephraim
1127 2285 1208 2340 quarn
1221 2270 1384 2326 destructam
1402 2279 1465 2326 ante
1478 2272 1569 2327 retulit
1583 2258 1632 2342 per
1647 2257 1711 2328 luas
1726 2289 1770 2328 re·

285 2355 343 2412 len.
360 2355 477 2426 Gumqrre
493 2355 599 2426 fregisset
612 2357 640 2410 in
653 2355 759 2422 lochis,
771 2357 896 2411 miserunt
908 2365 933 2410 et
982 2373 1042 2430 geru
1056 2358 1156 2426 lsrael,
1171 2374 1244 2414 nuno
1256 2375 1305 2430 per
1318 2369 1422 2431 portam
1436 2361 1513 2416 tuliis
1528 2364 1656 2418 nominat.
1677 2361 1768 2418 Noluit

285 2455 330 2502 stit
341 2461 402 2500 uss
416 2445 462 2511 ihi,
475 2453 684 2515 reportantesque
696 2462 774 2515 super
784 2460 873 2517 equos,
889 2461 932 2499 se-
981 2451 1054 2503 eoim
1073 2451 1189 2519 scriptor
1207 2449 1325 2505 historia
1340 2448 1402 2503 illnd
1420 2466 1516 2506 nomen
1532 2465 1632 2521 ponere
1646 2451 1673 2507 in
1685 2452 1770 2506 aedili-

285 2551 347 2592 urs
368 2552 427 2590 erem
453 2536 570 2606 putridus
588 2537 644 2590 stris
666 2538 694 2591 in
715 2537 819 2591 deitate
835 2535 931 2602 Dorici,
981 2541 1078 2604 cando,
1100 2540 1172 2608 quod
1190 2539 1280 2610 posuit
1299 2539 1326 2594 itt
1344 2539 1517 2594 destruendo.
1540 2539 1594 2596 Nec
1620 2541 1767 2608 immerito,

285 2626 416 2682 edietum
432 2635 474 2682 est
489 2627 561 2698 quod
575 2642 608 2682 ex
630 2643 664 2683 eo
685 2637 805 2699 tempore
818 2643 872 2698 ntro
890 2643 932 2683 re·
981 2628 1045 2698 qrria
1057 2627 1186 2698 Ephraim
1200 2642 1234 2682 oo
1246 2635 1367 2697 tempore
1381 2627 1459 2683 idolis
1480 2619 1693 2692 immolabat,'et
1705 2645 1768 2701 pur·

285 2715 400 2772 saslm
420 2715 550 2781 Dondm,
571 2716 750 2773 insurrexerit
769 2731 851 2787 super
869 2732 931 2772 eum
981 2719 1068 2788 ticeps
1076 2717 1140 2774 loos
1151 2717 1224 2788 regis
1233 2717 1274 2773 sui
1286 2718 1313 2772 in
1326 2716 1508 2774 destructione
1521 2728 1606 2790 porte
1616 2717 1767 2776 lentsalem

285 2817 296 2858 s
317 2803 346 2858 io
365 2803 525 2870 Jerusalem,
549 2807 612 2876 qrria
637 2822 671 2862 ex
694 2823 727 2862 co
744 2815 864 2878 torrspore
877 2823 931 2877 quo
980 2807 1089 2874 lucrat;
1110 2809 1138 2863 in
1152 2807 1331 2864 aedllloatione
1348 2810 1431 2878 ipsius
1445 2809 1553 2881 proprio
1568 2811 1699 2867 uocabulo
1717 2827 1767 2867 sno

287 2893 431 2952 eonsilium
446 2911 499 2950 oon
512 2897 624 2964 audivit,
640 2898 772 2967 nequead
787 2898 930 2953 Dominum
980 2909 1011 2955 ut
1023 2900 1210 2955 nominaretur
1230 2913 1284 2955 oon
1299 2899 1412 2962 memit,
1435 2902 1483 2955 sod
1496 2901 1605 2957 nomine
1624 2903 1701 2958 rallis
1720 2919 1769 2958 no·

285 2985 373 3054 soluit,
388 2988 548 3057 praeparatio
564 2987 759 3058 conjurationis
774 2989 846 3045 illius
859 2989 930 3044 lacta
980 2990 1082 3044 minata
1106 2997 1159 3054 est,
1175 2997 1287 3060 propter
1300 2989 1419 3043 auctoris
1436 2988 1477 3043 sni
1501 2990 1713 3046 humiliationem
1735 3005 1768 3047 ac

285 3083 377 3134 ulmus
394 3078 488 3144 dilata,
513 3079 599 3135 doruec
613 3081 647 3136 ad
669 3082 929 3137 consummationem
981 3081 1120 3137 uilitatem.
1139 3079 1259 3136 llemiuit
1271 3079 1406 3135 etEsdras
1418 3079 1497 3150 hujus
1509 3089 1604 3148 portae,
1620 3081 1647 3136 iu
1661 3090 1768 3137 restau-

285 3173 306 3222 ι.
327 3167 547 3240 deportorttesqee
570 3187 649 3241 snper
672 3186 751 3241 equos
774 3170 929 3242 sepelierunt
981 3171 1085 3226 ratione
1104 3170 1179 3226 urhis
1193 3175 1255 3240 post
1270 3169 1384 3223 reditum
1402 3168 1765 3241 captiuitatis-Balnlontcae,

285 3262 374 3322 nertin
385 3263 446 3320 siue
459 3280 541 3320 eausa
557 3264 698 3335 Scriptura
712 3265 849 3322 diciteum
862 3282 928 3337 por·
982 3261 1026 3317 ubi
1039 3260 1106 3316 dicit
1120 3277 1128 3314 :
1144 3259 1180 3314 lh
1191 3268 1292 3330 portant
1308 3257 1384 3312 soliis
1395 3259 1533 3329 oedipicnoit
1549 3258 1659 3327 Hanno,
1678 3272 1701 3316 et
1717 3263 1766 3317 lto-

285 3369 329 3426 psr
345 3368 441 3426 equos,
462 3356 525 3425 quia
544 3356 609 3411 deon
630 3356 732 3422 Edem,
750 3356 796 3426 qni
812 3357 838 3412 in
851 3359 929 3428 equis
980 3351 1103 3406 ditatores
1123 3349 1213 3405 Zosoe
1232 3347 1274 3421 (lt
1296 3347 1362 3404 Est.
1382 3348 1434 3420 tn).
1455 3347 1562 3406 Scimus
1579 3350 1675 3406 uallem
1690 3351 1766 3407 iuss-

285 3461 329 3516 ιιι,
354 3446 519 3504 adoraveris.
545 3447 579 3502 Ει
599 3447 702 3503 ideis-00
724 3453 779 3503 non
794 3457 929 3519 portatum
979 3443 1056 3511 phat,
1071 3456 1131 3511 quae
1147 3448 1176 3496 et
1188 3439 1352 3504 Gcheooon,
1367 3441 1419 3495 hoc
1430 3447 1471 3494 est
1483 3438 1560 3495 vallis
1572 3439 1677 3508 Eunus,
1690 3443 1765 3499 dioe-

285 3541 545 3606 usrrrmuominum,
560 3539 623 3609 quia
640 3540 780 3612 negligens
794 3549 854 3596 erat
868 3555 928 3596 ser-
979 3538 1077 3603 hatur,
1092 3535 1127 3591 ad
1139 3533 1304 3592 orientalem
1325 3533 1431 3606 plagam
1445 3547 1506 3588 esse
1520 3533 1636 3594 civitatis
1654 3532 1765 3590 leniss-

297 3627 394 3698 lsnel,
417 3630 494 3702 cujus
519 3631 670 3687 ministeria
695 3647 778 3701 super
801 3632 929 3690 humeros
978 3629 1046 3696 lem,
1060 3643 1203 3701 perquam
1222 3637 1329 3683 torrens
1342 3625 1462 3690 (ledros,
1478 3625 1555 3696 cujus
1573 3625 1600 3680 in
1620 3624 1765 3697 Evangelio

285 3733 325 3776 ΙΙ
336 3721 439 3792 portari
454 3719 532 3789 iussa
559 3731 622 3777 surut
640 3720 736 3794 (lium.
756 3721 805 3796 rr).
978 3719 1010 3776 iit
1024 3719 1143 3787 mentio,
1162 3719 1186 3775 si
1203 3718 1310 3790 quaudo
1329 3717 1481 3787 pluviarum
1494 3715 1538 3772 uel
1552 3716 1664 3772 nimium
1679 3731 1765 3789 aquas

414 3827 531 3888 ffipffl·
553 3832 647 3888 mg
978 3808 1084 3880 recipit,
1099 3806 1327 3880 ampwrsnmuoli
1338 3807 1364 3862 iu
1377 3805 1531 3861 Australem
1542 3805 1634 3860 delinit
1645 3805 1761 3877 plagam.

285 3931 380 3992 ,Μ
400 3924 544 3977 ,mn-,m
565 3924 641 3993 eim,
655 3940 706 3994 ,m
722 3925 928 3995 „mmm
978 3898 1032 3956 Sed
1055 3906 1085 3956 et
1107 3898 1136 3954 iu
1153 3897 1320 3974 ooeidcotsli
1340 3903 1417 3967 parte
1439 3895 1498 3965 ejus
1517 3896 1645 3962 ciuitatis,
1667 3897 1763 3952 uallem

285 4055 287 4062 ,
343 3990 495 4064 florum
510 4010 558 4063 pro
588 3994 702 4050 uindimo
728 3993 801 4066 lepre
825 3996 927 4052 incuss
976 3985 1065 4044 Gihoo
1078 3985 1205 4059 legimus,
1220 3985 1410 4043 dicentelihm
1422 3983 1646 4055 Paralipomenon
1662 3985 1695 4040 de
1709 3985 1765 4038 lla-

285 4067 318 4154 11·
337 4101 341 4108 ·
977 4097 1057 4140 nasso
1075 4097 1140 4154 rege
1152 4080 1222 4138 luda
1236 4098 1243 4133 ε
1259 4076 1323 4146 Post
1337 4080 1405 4134 ione
1417 4077 1556 4147 edificavit
1574 4088 1762 4132 murameatra

285 4169 391 4246 am.)
406 4171 525 4230 Sedecim
541 4192 671 4232 uooomm
686 4185 744 4232 erot
769 4176 851 4233 Ozias
866 4194 927 4233 cunt
976 4178 1107 4232 civitatem
1120 4173 1207 4230 llosid
1226 4171 1261 4227 orl
1285 4171 1441 4225 occidentem
1458 4170 1486 4224 is
1509 4166 1760 4240 consolamine.

285 4259 411 4332 pietatm
419 4263 801 4334 qninquagintoduoistsosssis
811 4268 927 4337 regsooit
976 4264 1084 4338 antri).
1103 4263 1191 4320 Gihoo
1204 4265 1295 4317 auteur
1307 4270 1348 4315 est
1361 4273 1459 4314 nomen
1474 4258 1557 4314 sontis
1570 4259 1615 4314 uhi
1628 4267 1671 4313 est
1685 4257 1763 4314 Salo-

285 4347 453 4420 'emooten
465 4355 559 4408 marris
572 4354 761 4425 ejuslecltelis
776 4355 927 4412 lelersso-
975 4373 1039 4414 mou
1060 4361 1159 4411 unctus
1184 4351 1212 4408 lo
1233 4365 1322 4424 regem
1346 4348 1418 4407 loras
1442 4349 1588 4404 civitatem.
1614 4347 1677 4404 Siue
1698 4363 1762 4419 eidi·

285 4453 335 4512 pu
354 4440 425 4512 guod
445 4450 501 4496 erut
526 4452 624 4498 rectum
645 4445 674 4500 is
699 4444 783 4501 oeulis
804 4445 925 4513 Domini,
976 4441 1300 4512 ualentissimum
1317 4437 1763 4510 aliamquanrlilretelusdemual-

285 4527 318 4584 la
331 4543 391 4601 Μ
408 4529 505 4599 [ecerat
523 4532 645 4588 timasius
658 4543 734 4605 poter
749 4536 819 4606 ejus,
836 4545 861 4591 et
877 4553 925 4592 es-
975 4538 1028 4594 lem
1044 4536 1146 4592 Esdrat
1157 4535 1212 4591 hoo
1225 4533 1285 4589 loco
1296 4529 1440 4604 signidem,
1455 4537 1530 4599 patet
1548 4534 1760 4595 sacramentum,

285 4618 400 4674 sulm
413 4618 441 4674 is
457 4619 549 4675 diebus
564 4619 703 4679 Zacharia
715 4624 882 4697 intelligentis
900 4636 925 4682 et
976 4629 1040 4699 quia
1054 4634 1133 4697 porta
1148 4623 1228 4682 satlh
1249 4623 1398 4679 mdilroatur
1412 4621 1440 4676 iu
1458 4619 1627 4683 Jerusalem,
1643 4634 1705 4675 cum
1719 4620 1763 4675 uel

285 4707 367 4766 len.
392 4707 475 4768 Ozias
492 4713 537 4769 hic
551 4713 774 4786 dionymuserat,
797 4720 860 4789 quia
875 4719 922 4791 qui
976 4719 1086 4778 imbutis
1107 4729 1194 4788 nuper
1212 4713 1307 4772 notitia
1326 4711 1418 4768 diuina
1439 4709 1501 4767 fldei
1520 4719 1548 4766 et
1565 4710 1697 4774 ueritatis,
1718 4709 1762 4766 uel

285 4811 402 4856 moon
416 4799 507 4868 Ozias,
527 4803 597 4860 idom
611 4807 641 4861 iu
653 4804 756 4877 Regum
767 4809 924 4865 nominatur
977 4805 1110 4877 reparatis
1127 4806 1155 4860 iu
1175 4802 1301 4860 castitate
1313 4799 1397 4866 fldei,
1420 4799 1463 4856 his
1481 4797 1527 4869 qui
1541 4798 1761 4854 aberraverant·

285 4885 328 4948 W
348 4887 413 4964 mg.
438 4892 505 4967 ru).
534 4893 613 4952 Ozias
634 4897 708 4952 euim
729 4897 923 4970 iuterpretatur
976 4898 1132 4956 ductortlns
1158 4894 1302 4959 ueritatis,
1325 4893 1396 4949 inter
1415 4891 1467 4946 alia
1488 4891 1575 4947 virtus
1602 4891 1761 4949 humilitatis

285 4985 346 5052 risi,
361 4993 390 5042 et
399 4984 512 5041 diarias
525 4986 656 5042 auxilium
669 4987 794 5056 Domini;
805 4997 833 5045 et
847 5001 921 5047 reete
974 4989 1140 5048 observanda
1153 4985 1327 5059 pmu'piur.
1344 4997 1485 5056 111111111111
1499 4981 1600 5050 m⁸l0i⁰
1612 4982 1660 5038 ⁰0¹
1673 4983 1761 5054 811111

285 5069 407 5130 mlnlrel
426 5072 558 5128 auxilium
577 5072 683 5130 monitui
705 5085 833 5142 uocatur,
857 5079 920 5148 quia
975 5077 1116 5136 sublimari
1138 5083 1305 5140 momentus,
1333 5074 1440 5130 dicente
1469 5079 1561 5128 salicta
1594 5071 1758 5142 Scriptura:

285 5162 409 5234 tetscgit,
421 5162 511 5218 diuina
524 5178 575 5234 ope
588 5161 706 5232 arljutus,
720 5165 836 5237 plurima
847 5183 923 5224 cum·
973 5170 1044 5225 liess
1059 5166 1177 5238 usuriis
1190 5165 1301 5229 resisrih
1319 5162 1460 5219 humilibus
1480 5171 1567 5217 estesse
1586 5163 1632 5217 det
1646 5165 1759 5234 gratiosi

285 5253 351 5310 ritu·
370 5253 450 5318 hulla,
477 5264 505 5308 et
517 5254 617 5324 unique
628 5255 663 5312 de
684 5257 807 5314 hostibus
821 5259 920 5314 trium·
973 5257 1106 5331 (domur).

285 5333 458 5423 dpostonam
470 5359 519 5416 per
530 5346 683 5415 superbiam
694 5346 786 5403 illicita
796 5349 920 5414 tentasit,
1006 5347 1170 5420 Proeporoot‘t
1186 5361 1288 5417 psoguo
1301 5344 1338 5400 sis
1354 5342 1446 5410 Odor,
1465 5343 1494 5398 td
1507 5351 1555 5418 est,
1575 5352 1668 5398 caneto
1685 5359 1758 5398 exer-

285 5447 380 5502 ussus,
397 5443 425 5490 et
439 5435 558 5490 nominis
570 5444 597 5490 et
610 5435 721 5492 hortoris
733 5437 813 5492 simul
827 5437 919 5494 lusoa-
971 5440 1046 5506 citui,
1059 5437 1174 5510 clupeos,
1186 5447 1210 5490 et
1227 5436 1328 5500 destos,
1343 5446 1367 5491 et
1382 5434 1494 5501 loricas,
1510 5451 1646 5506 orcttsgu,
1661 5442 1685 5490 et
1696 5436 1754 5506 [urs

285 5533 359 5595 rm,
377 5527 440 5597 quia
454 5526 578 5596 leprosus
600 5527 697 5594 lactus,
718 5535 746 5583 et
762 5528 887 5586 exclusus
902 5544 919 5583 a
971 5532 1030 5596 dos,
1045 5530 1080 5584 od
1095 5525 1232 5599 jaciendos
1249 5525 1358 5596 lapides.
1378 5525 1412 5580 lit
1434 5525 1494 5595 feeit
1509 5527 1536 5580 irs
1554 5525 1703 5581 Jerusalem
1719 5527 1760 5580 di·

285 5631 395 5676 conum
410 5617 438 5674 iu
458 5618 538 5674 domo
557 5626 683 5688 separata
696 5634 782 5689 usque
795 5619 829 5674 ad
847 5618 918 5674 dieru
971 5623 1037 5678 uersi
1049 5620 1151 5692 generis
1160 5618 1313 5683 matteas,
1325 5633 1390 5688 qaus
1401 5618 1429 5672 is
1442 5617 1559 5672 torridas
1572 5617 1716 5682 collocarit,
1732 5629 1757 5673 et

285 5725 305 5768 o
330 5709 472 5767 habitarit.
501 5711 578 5778 Quod
601 5719 691 5766 autem
712 5710 823 5778 dicitur,
847 5711 918 5780 quui
970 5709 1120 5780 incognitis
1139 5722 1285 5772 stas-orsis,
1311 5715 1339 5761 st
1356 5707 1486 5762 mitterent
1501 5710 1627 5778 sagittus,
1645 5717 1671 5762 et
1691 5723 1757 5762 susa

285 5801 389 5878 uisierit
411 5795 554 5859 Dominum
573 5803 601 5857 in
620 5802 710 5858 diebus
727 5800 865 5858 Zorltort'oe
877 5803 920 5857 is·
970 5801 1092 5872 grundio
1107 5799 1344 5870 Egmssmguest
1356 5815 1448 5854 nomeu
1461 5799 1519 5869 ejus
1529 5800 1632 5871 procul.
1645 5814 1676 5852 eo
1686 5793 1762 5868 quod

285 5895 424 5952 stridentis
438 5895 672 5960 Dominum,huno
684 5893 918 5950 Zachariamnor·
971 5888 1185 5950 arelianenses·
1204 5889 1333 5946 domim
1350 5898 1373 5944 et
1394 5889 1586 5948 corroborasset
1600 5889 1686 5944 illem.
1701 5885 1759 5942 scd
