4709 6767
366 648 419 700 thr»

698 649 729 702 Β.
751 648 878 702 ΙιΑΒΑΝΙ
898 649 1009 706 btdbttt
1024 649 1184 706 auctttttt'.
1205 645 1359 704 ttocuhr.
1379 644 1522 701 occultu
1541 640 1661 697 hausi

1945 640 1995 694 tot

364 773 418 826 sto,
431 772 461 818 ut
475 770 575 817 sanctae
588 760 730 816 Trinitatis
746 760 812 816 tides
827 761 853 815 in
867 776 898 816 ea
910 761 1064 832 plenissime
1081 777 1156 818 com-
1171 765 1195 822 Α
1210 760 1298 813 civum
1318 772 1378 812 esse
1399 755 1496 826 possit,
1520 766 1660 807 remanere
1680 752 1847 820 permittant.
1873 749 1943 805 ilinc
1962 759 2003 806 est

1208 851 1280 921 quod
1291 849 1420 904 Dominus
1439 848 1466 903 in
1485 846 1543 915 lege
1555 842 1683 898 israelitis
1700 853 1793 914 gentes
1806 857 1868 912 quae
1878 842 1932 896 sihi
1942 855 2003 897 eou-

364 856 536 923 plecteretur,
551 861 579 907 et
597 852 679 907 totius
702 851 823 925 decalogi
845 853 873 908 in
892 854 998 909 duobus
1014 854 1157 924 praecptis

364 944 506 999 charitatis
536 957 642 997 summa
664 941 795 1012 perfectio
825 958 885 999 esse
907 944 1155 1000 demonstraretur:

363 1034 476 1105 ipsaque
488 1031 627 1103 Scriptura
643 1047 691 1103 per
705 1034 869 1099 veredarios,
886 1016 937 1091 hoc
954 1044 1007 1102 est,
1024 1036 1156 1107 predica-

362 1131 437 1179 tores
452 1130 569 1187 sanctos,
583 1120 685 1176 directa
699 1131 741 1177 est
761 1122 787 1176 iu
802 1131 887 1178 totum
905 1124 997 1180 orbem
1011 1132 1156 1189 terrarum,

364 1214 436 1283 quml
452 1211 606 1284 significant
620 1221 730 1267 eentum
742 1221 770 1267 et
782 1214 876 1285 viginti
892 1223 994 1285 septem
1008 1215 1157 1285 provinciae

1209 944 1301 999 traria
1313 950 1393 997 erant
1403 941 1430 996 in
1441 952 1514 995 terra
1529 935 1746 1007 repromissionis
1758 934 1913 990 interficere
1924 943 2005 1003 atquo

1208 1036 1381 1107 exstinguere
1394 1033 1516 1106 jubebat.
1535 1031 1604 1085 iliae
1618 1036 1646 1084 et
1658 1026 1821 1082 Annalecitas
1832 1025 2006 1096 postmodun

1209 1130 1349 1200 usquead
1374 1125 1587 1184 internecionem
1613 1120 1702 1177 delere
1721 1117 1913 1189 precipiebat,
1943 1120 2003 1189 quia

1208 1235 1317 1276 omnem
1331 1218 1449 1273 scandali
1464 1215 1634 1271 occasionem
1646 1212 1687 1266 eis
1700 1208 1807 1266 auferre
1820 1209 1940 1266 volebat.
1954 1209 2005 1265 Co-

364 1322 424 1377 qum
445 1306 472 1360 in
489 1320 573 1377 reguo
585 1305 706 1360 Assuevi
722 1306 920 1374 consistebant;
947 1324 1010 1362 nam
1031 1308 1159 1363 denarius
1206 1312 1251 1381 jus
1267 1310 1303 1365 rei
1321 1324 1426 1364 memor
1439 1306 1570 1377 propheta
1591 1304 1619 1358 in
1633 1300 1746 1373 psalmis
1764 1302 1825 1356 ait:
1842 1320 1852 1355 ι
1867 1301 1899 1356 ln
1922 1309 2006 1356 oratur-

363 1411 494 1452 numerus
518 1409 568 1465 per
592 1394 787 1451 duodenarium
827 1396 1019 1468 multiplicatus
1044 1398 1159 1453 ceratesi-

363 1501 438 1548 mum
461 1494 489 1542 et
508 1484 666 1540 vicesimum
705 1485 790 1551 taeit3
818 1486 916 1556 quibus
941 1487 963 1541 si
990 1487 1159 1557 septenarius

364 1576 514 1633 associatus
536 1574 629 1639 luerit,
651 1576 734 1630 totius
752 1591 864 1631 summae
878 1577 1073 1647 plenitudinem
1094 1593 1159 1633 con-

366 1669 459 1725 cludit.

399 1758 439 1814 lta
458 1774 565 1829 quoque
579 1759 698 1829 decalogi
714 1775 777 1814 vera
796 1760 918 1815 custodia
933 1759 1080 1831 apostoliea
1104 1768 1159 1814 tra·

365 1847 467 1903 ditione
483 1847 509 1901 in
524 1863 619 1903 omnes
632 1848 724 1902 mnndi
743 1857 835 1917 partes
851 1863 900 1906 uer
912 1849 1037 1905 doctores
1050 1861 1159 1906 sanctos

365 1947 407 1996 est
429 1939 579 2005 insinuata,
607 1940 654 1995 sed
677 1940 861 2011 septemplicis
883 1939 1001 2012 Spiritus
1023 1942 1110 2013 gratia
1131 1942 1158 1996 in

365 2032 484 2089 fidelium
500 2040 543 2087 est
559 2032 640 2087 corda
654 2029 760 2085 diliusa.
777 2030 831 2087 h'cc
846 2032 911 2087 illud
926 2032 1006 2087 ctiam
1025 2033 1083 2088 sine
1098 2049 1154 2104 mv·

1210 1404 1273 1458 tinis
1308 1399 1503 1456 interficiebam
1535 1410 1629 1451 omncs
1659 1403 1817 1463 peccatores
1853 1399 1952 1457 terre,
1976 1403 2005 1447 ut

1210 1494 1392 1566 disperderem
1414 1493 1447 1547 de
1474 1489 1584 1545 civitate
1607 1486 1716 1543 Domini
1742 1498 1838 1540 omnes
1862 1493 2004 1554 operantes

1210 1587 1381 1656 iniquitatem
1395 1581 1480 1655 (Psoi.
1494 1580 1531 1652 e).
1550 1599 1560 1631 r

1167 1673 1184 1682 ''
1245 1677 1331 1732 Porro
1349 1685 1454 1742 tempas
1474 1688 1527 1744 quo
1549 1672 1608 1727 hec
1629 1669 1781 1725 interiectio
1801 1668 1924 1724 hostuvm
1947 1667 2002 1722 lieri

1210 1775 1345 1837 pra-cepta
1366 1773 1418 1829 cst,
1434 1764 1502 1818 hene
1524 1762 1650 1817 convenit
1669 1759 1798 1831 mysterio
1820 1758 1903 1828 hujus
1927 1758 2003 1828 spiri-

1211 1857 1291 1915 tualis
1317 1854 1526 1919 internecionis,
1547 1868 1609 1907 nam
1631 1852 1807 1907 duodecimus
1829 1850 1932 1906 mensis
1952 1849 2002 1905 lle-

1211 1949 1361 2011 braeovum,
1378 1947 1430 2002 hoe
1448 1954 1490 2000 est
1507 1944 1596 2009 Adar,
1616 1959 1669 1998 non
1685 1942 1735 1998 nisi
1751 1942 1929 1997 novissimam
1943 1950 2002 1995 :cm-

1213 2048 1266 2093 tem
1281 2037 1385 2102 sacculi,
1400 2036 1426 2090 in
1438 2052 1493 2105 quo
1504 2035 1556 2090 hoc
1579 2033 1719 2105 spirituale
1732 2033 1831 2089 belhuu
1845 2048 1897 2101 per
1908 2031 2003 2086 milites

364 2125 450 2182 sterio
462 2124 588 2195 estquod
602 2124 667 2195 ipsae
688 2124 809 2194 epistole
824 2140 883 2193 quae
903 2140 936 2179 ex
955 2125 1026 2197 regis
1049 2125 1157 2180 nomine
1171 2110 1195 2168 Β
1209 2126 1309 2183 Christi
1332 2126 1450 2181 vvraxime
1473 2124 1571 2195 agitur,
1594 2122 1731 2194 exprimit.
1758 2122 1891 2179 Similiter
1903 2131 1930 2177 ct
1949 2122 2002 2177 dies

364 2217 552 2279 mittebantur,
562 2224 589 2270 et
599 2214 699 2270 arrnuio
709 2215 793 2284 ipsius
805 2215 1046 2286 obsignateerant,
1058 2230 1159 2270 memo-

366 2316 462 2362 rantur·
483 2306 590 2376 scriptae
601 2307 679 2377 jurata
694 2306 861 2375 singularum
875 2307 994 2377 genitium
1010 2305 1115 2361 litteras
1131 2314 1159 2361 ei

363 2399 480 2470 linguas,
495 2404 524 2450 ιιι
536 2411 650 2466 quaeque
662 2412 728 2467 gens
741 2396 832 2464 legere
846 2404 873 2448 et
889 2395 1039 2467 intelligere
1051 2403 1156 2465 posset:

364 2493 428 2564 quia
454 2490 494 2545 sic
515 2487 654 2559 Evavrgelii
678 2488 800 2542 doctrina
823 2487 947 2543 ordinata
973 2497 1024 2552 est,
1050 2495 1080 2541 ut
1101 2485 1159 2555 ejus

363 2584 443 2655 primi
463 2584 597 2645 doctores,
613 2595 662 2651 per
683 2579 801 2649 Spiritus
819 2580 905 2635 sancti
929 2579 1042 2651 gratiam
1059 2577 1157 2644 edocti,

363 2674 485 2730 omnium
510 2671 686 2741 loquerentur
707 2670 824 2741 primum
848 2686 913 2725 voce
925 2670 1086 2741 linguarum,
1110 2670 1158 2724 de·

364 2767 427 2821 iude
440 2765 552 2819 verbum
568 2763 628 2817 fidei
645 2777 694 2832 per
711 2777 805 2816 eorum
825 2762 1005 2817 ministerium
1022 2762 1159 2816 inmunes

365 2856 547 2912 seminaretur
561 2861 653 2924 partes
667 2853 742 2906 orbis
766 2860 910 2918 terrarum,
924 2853 993 2907 sicut
1008 2852 1034 2905 in
1048 2852 1159 2907 Actibus

366 2949 550 3022 apostolorum
570 2948 668 3019 legitur
680 2947 751 3017 quod
767 2947 794 3002 in
810 2947 949 3002 coenaculo
963 2946 1028 3001 Sion
1041 2944 1159 3016 Spiritus

364 3038 519 3109 paraeletus
541 3037 567 3090 in
591 3035 820 3091 diePenteeostes
840 3051 921 3106 super
943 3043 1051 3090 centum
1065 3034 1158 3103 viginti

363 3132 508 3188 credentes
528 3131 555 3185 in
575 3131 666 3201 speeie
689 3130 759 3201 ignis
777 3130 933 3196 adveniens,
955 3129 1074 3184 omnium
1095 3143 1160 3199 gen·

364 3223 432 3277 tium
447 3221 546 3293 linguis
560 3220 638 3275 daret
652 3220 692 3275 cis
706 3220 779 3291 loqui
794 3219 930 3290 magnalia
943 3219 1001 3284 Ilei,
1018 3219 1053 3273 ita
1069 3225 1099 3272 ut
1113 3218 1159 3287 qui

364 3320 548 3368 couvenerant
570 3312 622 3367 hoe
647 3311 808 3377 audientes,
839 3312 972 3381 stupendo
995 3310 1160 3365 mirarentur

364 3418 495 3458 umversr.

1209 2219 1447 2274 tertiusdecimus
1477 2227 1576 2272 saneim
1603 2216 1743 2271 Trinitatis
1770 2216 1852 2271 hdcm
1884 2214 2001 2270 custodia

1210 2310 1396 2364 vivandatorum
1410 2308 1468 2373 liei,
1481 2308 1553 2363 rande
1566 2323 1661 2362 omncs
1680 2307 1827 2361 adversarii
1851 2308 1904 2362 rite
1921 2323 2001 2378 expu-

1209 2411 1325 2473 gnantur
1343 2400 1475 2471 designat.
1490 2400 1566 2468 erod
1576 2409 1667 2455 autem
1681 2383 1876 2470 subjungitur':

1216 2557 1227 2579 ο
1248 2512 1257 2544 ι
1279 2492 1312 2547 Ει
1325 2493 1441 2547 edictum
1460 2505 1531 2561 regis
1543 2489 1670 2561 pependit
1687 2489 1716 2543 iu
1732 2487 1817 2552 Susis,
1836 2508 1845 2540 ι
1862 2488 1999 2558 signifieat

1210 2584 1353 2654 imperium
1370 2582 1489 2639 coelestis
1501 2582 1573 2653 regis
1582 2583 1703 2636 eminere
1715 2597 1747 2636 ac
1758 2581 1892 2636 dominari
1907 2582 1934 2636 in
1947 2589 1999 2636 toto

1209 2673 1275 2727 orlre
1292 2681 1445 2727 terraram:
1464 2691 1472 2721 ι
1489 2672 1515 2726 iu
1536 2671 1614 2742 cujus
1629 2672 1732 2726 ditione
1754 2681 1852 2726 cuncta
1877 2681 1941 2726 sunt
1955 2687 1999 2742 pe

1210 2764 1281 2827 sita,
1308 2779 1356 2817 nce
1384 2771 1426 2817 est
1452 2762 1498 2832 qui
1521 2762 1606 2831 possit
1635 2762 1761 2816 resistcre
1790 2763 1925 2817 vntrrntati
1946 2761 2000 2833 ejus

1211 2856 1298 2927 (Erro.
1313 2853 1386 2926 ιιιιι),
1403 2876 1412 2904 ι
1428 2852 1567 2923 fastusque
1582 2854 1734 2908 mundanus
1748 2853 1798 2908 suh
1809 2853 1869 2924 ejas
1883 2864 1999 2925 proster-

1211 2949 1438 3018 nituvpotestate.
1453 2945 1529 3002 Unde
1550 2956 1622 3002 vecte
1636 2946 1735 3000 dicitur
1749 2946 1820 3015 quod
1837 2955 1865 3000 et
1887 2946 1999 3001 edictum

1211 3039 1282 3108 regis
1296 3037 1453 3108 pependerit
1474 3037 1501 3090 in
1522 3035 1615 3102 Susis,
1632 3052 1694 3090 narn
1721 3034 1798 3091 Susis
1821 3035 1949 3107 equitatio
1962 3033 1999 3090 vel

1211 3128 1325 3196 referres
1342 3128 1547 3195 iuterpretatur.
1571 3125 1692 3195 uerique
1705 3125 1832 3196 superbia
1851 3113 1943 3180 nariodi
1956 3140 1998 3180 so·

1210 3224 1320 3286 perator
1342 3216 1461 3286 potentia
1487 3215 1543 3270 liei.
1569 3214 1638 3269 llinc
1663 3215 1800 3283 estquod
1829 3213 1955 3269 Salvator
1974 3214 1999 3267 in

1211 3306 1356 3377 tirarrgctio
1369 3305 1510 3377 discipulis
1522 3306 1580 3360 ait:
1596 3322 1606 3355 ι
1620 3304 1647 3359 in
1669 3305 1769 3359 vrrurrdo
1787 3319 1942 3375 pressuram
1956 3304 1998 3358 ha

1211 3397 1333 3463 bebitis,
1361 3398 1407 3452 sed
1435 3396 1584 3462 eotvhdite,
1620 3395 1683 3465 quia
1707 3410 1757 3466 ego
1789 3394 1844 3449 vici
1876 3394 1999 3449 murrdum

404 3513 413 3543 ‹
436 3494 539 3562 Quibus
565 3494 706 3562 imperavit
732 3509 778 3547 rex
801 3501 831 3545 ut
853 3493 1028 3548 convenirent
1052 3458 1195 3548 ludaeosC
1213 3485 1303 3557 (loen.
1318 3486 1409 3558 xvt)·t

367 3607 376 3637 ι
400 3602 448 3658 per
474 3585 593 3657 singulas
617 3584 752 3649 civitates,
770 3594 798 3639 et
824 3585 850 3638 in
877 3600 960 3639 unum
982 3586 1160 3655 praeciperent

1509 3592 1623 3649 CAPUT
1641 3594 1688 3648 xit

368 3698 377 3727 ³
401 3675 583 3748 ⁰⁰¹¹ssf⁰ss³¹⁸it
607 3683 637 3729 ¹¹¹
662 3684 766 3731 mrem
794 3690 844 3745 pm
867 3676 1010 3731 animabus
1032 3677 1108 3742 ἓως*
1132 3687 1160 3732 ⁰²
1210 3706 1339 3776 Deplorio
1352 3706 1514 3760 mardochai
1524 3706 1685 3776 ctqttomodo
1698 3704 1825 3762 seleuci
1839 3704 1890 3760 elii
1901 3715 1961 3760 strat
1971 3705 1999 3760 ic

350 3791 376 3820 -ι
400 3783 496 3825 omnes
519 3765 644 3824 inimicos
668 3783 732 3823 suos
754 3783 814 3823 cum
838 3766 998 3838 conjugibus
1021 3783 1052 3823 ac
1068 3766 1159 3822 liberis
1246 3777 1358 3831 inimicia
1386 3778 1462 3841 sair,¹
1486 3786 1510 3829 et
1532 3777 1619 3831 decem
1646 3776 1696 3845 filii
1729 3776 1816 3831 Λιιιιιιι
1841 3778 1869 3831 ia
1887 3774 1998 3849 pretato

368 3881 377 3910 r
400 3867 428 3915 et
446 3858 580 3914 universis
600 3858 724 3914 domibus
741 3858 935 3913 interficerent.
960 3858 994 3912 Et
1012 3858 1159 3913 constituta
1245 3846 1372 3916 s”illidii

367 3972 376 4003 r
399 3962 442 4009 est
455 3968 504 4024 per
513 3966 608 4008 ornnes
622 3951 776 4023 provincias
793 3966 846 4006 una
859 3951 968 4006 ultionis
983 3951 1051 4014 dica,
1066 3951 1158 4016 idest,
1248 3978 1256 4008 ι
1279 3957 1464 4013 mardochaeus
1486 3965 1575 4010 antem
1599 3956 1633 4010 de
1646 3955 1748 4026 palatio
1763 3963 1791 4010 ct
1809 3955 1843 4011 de
1858 3962 1996 4026 consperto

369 4065 378 4096 ι
403 4044 482 4100 tertia
495 4044 600 4101 decima
616 4044 718 4101 mensis
731 4043 883 4100 duodecimi
893 4043 976 4099 Adae.
994 4042 1160 4114 Summaque
1213 4070 1221 4100 ι
1245 4049 1315 4121 regis
1334 4049 1483 4119 egrediens,
1504 4047 1623 4117 fulgebat
1646 4046 1767 4101 vestibus
1782 4046 1878 4116 regiis,
1893 4046 1996 4116 lqaeia·

367 4154 376 4183 r
398 4132 519 4205 epistola·
533 4132 594 4199 luit,
610 4142 640 4188 ut
658 4134 686 4188 in
703 4133 831 4189 omnibus
849 4133 928 4189 terris
950 4149 982 4187 ac
997 4132 1102 4203 populis
1113 4132 1159 4202 qui
1213 4159 1222 4191 ι
1248 4141 1330 4195 thinis
1344 4141 1470 4195 videlicet
1490 4148 1518 4194 et
1531 4139 1630 4204 aereis,
1656 4154 1785 4194 coronam
1805 4153 1919 4193 auream
1940 4151 1996 4208 por·

368 4243 377 4272 r
400 4223 475 4294 regis
488 4223 597 4278 Assueri
623 4224 737 4294 imperio
761 4222 946 4293 subjacebant,
969 4232 1062 4278 notum
1080 4223 1160 4280 lieret
1213 4249 1222 4282 ι
1245 4240 1306 4286 tans
1320 4231 1347 4286 in
1361 4232 1460 4300 capite,
1472 4240 1500 4285 et
1516 4230 1632 4284 amictus
1647 4230 1735 4285 serico
1746 4229 1829 4299 pallio
1845 4239 1927 4299 atque
1940 4243 1996 4298 por·

367 4332 377 4361 ι
400 4320 510 4383 paratos
532 4328 592 4369 esse
605 4312 712 4371 ludaeos
731 4314 765 4369 ad
787 4314 945 4385 sapiendam
966 4314 1112 4370 vindictam
1126 4314 1160 4370 de
1214 4338 1223 4370 ι
1247 4335 1342 4389 pureo,
1366 4321 1508 4389 omnisque
1531 4320 1628 4375 civitas
1641 4320 1787 4375 exsultavit
1810 4330 1894 4390 atque
1914 4320 1995 4375 letati

368 4426 377 4455 r
400 4406 523 4461 hostibus
543 4406 608 4462 suis.
625 4427 634 4458 ι
651 4406 721 4474 Quid
738 4406 867 4476 estquod
891 4422 938 4462 res
960 4407 1009 4461 iste
1036 4416 1160 4461 terrenus
1214 4427 1223 4459 r
1246 4418 1298 4464 cst.
1317 4429 1327 4460 ι
1343 4407 1461 4464 Grandis
1484 4408 1567 4478 gloria
1587 4418 1628 4463 est
1643 4409 1745 4463 sanetis
1759 4408 1920 4464 doctoribus
1930 4405 1994 4478 quod

364 4510 391 4547 ιιι
399 4493 475 4548 radat
488 4495 636 4550 veredariis
650 4496 707 4551 suis
722 4505 751 4551 ut
763 4496 927 4552 conveniant
941 4495 1049 4552 ludaeos
1062 4497 1089 4551 in
1104 4497 1159 4552 siu·
1209 4516 1304 4556 corum
1318 4500 1441 4555 doctrina
1457 4508 1538 4570 atque
1552 4501 1741 4555 exhortatione
1755 4516 1804 4570 per
1816 4502 1943 4556 virtutem
1954 4513 1995 4554 so·

363 4583 434 4654 gulis
453 4583 531 4651 locis,
544 4593 572 4641 et
592 4585 619 4640 in
639 4602 723 4641 unum
746 4587 905 4658 praecipiant
924 4602 971 4643 eos
989 4585 1157 4658 congregari,
1209 4589 1285 4657 perui
1300 4588 1371 4660 regis
1388 4587 1483 4644 iideles
1499 4589 1611 4644 vineunt
1625 4589 1758 4645 sevitiam
1777 4589 1937 4660 nequissimi
1954 4588 1995 4643 bo

363 4682 497 4743 qnatenus
507 4684 580 4731 stent
594 4692 643 4747 pro
656 4677 799 4734 animabus
809 4678 875 4744 suis,
888 4687 916 4734 et
927 4694 1022 4735 omnes
1035 4678 1159 4734 inimicos
1209 4681 1270 4745 stis,
1286 4690 1313 4734 et
1332 4695 1438 4736 merces
1452 4679 1507 4736 illis
1521 4681 1583 4736 inde
1597 4689 1740 4751 permanet
1755 4680 1782 4734 in
1800 4679 1906 4738 caelesti
1920 4690 1994 4752 regat

362 4778 424 4817 eum
446 4765 606 4836 conjugibus
620 4776 647 4822 et
661 4766 764 4833 liberis,
782 4777 810 4824 et
827 4770 961 4825 universis
974 4770 1098 4825 domibus
1116 4770 1159 4824 in·
1171 4794 1198 4853 D
1210 4782 1318 4826 aeternae
1332 4769 1508 4825 beatitudinis
1518 4786 1550 4826 ae
1562 4779 1698 4841 perpetuae
1711 4770 1857 4838 claritatis,
1871 4770 1946 4842 quod
1956 4783 1993 4825 oo·

362 4854 508 4922 terfiriaut,
530 4857 581 4912 nisi
603 4858 666 4930 quia
690 4875 738 4914 rex
761 4870 863 4927 noster,
888 4862 1042 4917 dominator
1065 4862 1157 4933 utique

362 4945 425 5001 curli
448 4954 477 5002 et
499 4955 588 5014 terrae,
612 4948 664 5005 hoe
687 4963 736 5018 per
756 4950 948 5020 predicatores
966 4966 1030 5008 suus
1047 4953 1158 5007 mandat

361 5036 435 5093 veris
446 5035 557 5104 ludaeis,
572 5048 600 5094 et
612 5038 812 5097 consessoribus
825 5040 920 5098 suisio
934 5042 1059 5098 omnibus
1072 5042 1158 5114 genti-

361 5124 423 5191 hus,
438 5135 468 5181 ut
488 5126 515 5181 in
530 5127 661 5184 unitatem
684 5131 820 5187 societatis
833 5140 860 5187 et
876 5132 953 5202 pacis
966 5132 1157 5188 couvenientes

362 5229 412 5283 pro
424 5215 510 5271 salute
523 5218 675 5274 animarum
689 5235 797 5275 starum
814 5228 932 5288 certent;
946 5237 1092 5293 omnesque
1106 5222 1157 5276 iai-

362 5305 450 5361 micos
472 5323 544 5373 suos,
571 5319 626 5364 tam
648 5311 767 5367 visibiles
790 5329 872 5383 quam
894 5314 976 5368 ctiam
998 5314 1155 5378 invisibiles,

361 5396 415 5451 hoe
425 5405 476 5462 est,
491 5396 699 5466 falsosludaeos,
716 5402 838 5471 quisunt
853 5419 986 5476 synagoga
1000 5403 1116 5471 Satanae,
1128 5414 1156 5461 et

362 5503 483 5559 paganos
505 5499 586 5559 atque
607 5493 749 5548 hereticos
772 5495 966 5566 incorrigibiles
982 5512 1032 5551 uec
1051 5512 1103 5552 non
1129 5506 1157 5553 ct

364 5579 517 5636 irnmundos
544 5581 655 5651 spiritus
675 5599 736 5638 cnm
762 5585 896 5641 universis
919 5586 1102 5655 impietatibus
1129 5597 1157 5643 et
1187 5612 1190 5620 ·

362 5669 455 5741 pravis
477 5670 679 5727 inventionibus
699 5674 841 5739 damnent,
863 5689 912 5730 nee
936 5675 969 5730 de
983 5676 1026 5730 his
1039 5677 1103 5744 quid
1117 5692 1155 5731 re·

362 5763 470 5818 siduum
489 5762 548 5819 fleri
570 5763 672 5830 sinant,
696 5764 818 5835 quinimo
843 5764 970 5835 conjuges
988 5782 1021 5821 ae
1046 5766 1155 5832 liberos,

363 5856 415 5910 hoc
436 5865 489 5923 est,
513 5856 678 5927 voluptatem
694 5856 830 5912 carnalem
845 5864 873 5912 et
891 5872 972 5926 opera
985 5866 1157 5927 pcccatorum

1210 4859 1252 4915 lor
1271 4859 1422 4930 hyacinthi,
1449 4868 1476 4913 et
1492 4861 1550 4915 auri
1576 4860 1703 4931 splendor
1724 4860 1843 4931 figurare
1865 4862 1991 4918 videnter.

1211 4949 1429 5021 martyribusque
1444 4948 1545 5005 Christi
1568 4965 1618 5020 pro
1641 4950 1773 5006 effusione
1794 4950 1934 5021 sanguinis
1957 4945 1990 5004 soi

1212 5041 1309 5113 regalis
1330 5043 1447 5113 dignitas
1466 5041 1546 5097 simul
1568 5058 1629 5097 curn
1646 5058 1709 5113 vege
1725 5041 1835 5097 Christo
1849 5036 1991 5113 regnaturis

1212 5134 1320 5204 abipso
1335 5132 1487 5201 justissimo
1502 5132 1666 5186 retributore
1680 5132 1707 5185 in
1728 5146 1792 5187 arce
1813 5146 1933 5201 superna
1953 5140 1988 5183 re·

1210 5225 1347 5295 penditur.
1362 5223 1443 5293 Cujus
1458 5224 1497 5279 rei
1514 5238 1641 5294 purpurae
1663 5238 1695 5278 ac
1719 5222 1799 5278 serici
1829 5222 1938 5277 nomina
1957 5227 1988 5288 q·

1211 5331 1274 5385 pum
1285 5315 1444 5384 preelcrunt,
1457 5314 1599 5383 omnisque
1613 5323 1701 5369 coetus
1713 5323 1871 5369 sanctorum
1883 5330 1933 5385 pro
1948 5312 1987 5365 hoe

1210 5407 1312 5475 pariter
1326 5406 1353 5459 in
1366 5421 1483 5476 superna
1500 5402 1649 5459 Jerusalem
1667 5403 1786 5475 gaudeas
1800 5397 1986 5457 lectitante

1210 5510 1264 5566 quo
1276 5495 1407 5565 sequitur.

1249 5605 1258 5636 r
1279 5584 1378 5639 ludaeis
1390 5594 1478 5641 aretem
1496 5601 1566 5640 nova
1580 5585 1625 5639 lux
1639 5584 1705 5640 oriri
1719 5585 1776 5639 visa
1788 5594 1843 5650 est,
1862 5581 1984 5656 gaudium

1213 5695 1221 5725 ι
1245 5685 1272 5731 οι
1282 5676 1379 5740 honor,
1395 5684 1421 5730 et
1440 5675 1596 5745 tripudium.
1612 5674 1689 5743 hpud
1704 5688 1800 5729 omnes
1815 5678 1936 5744 peplum,
1951 5678 1985 5720 m·

1212 5785 1221 5815 r
1244 5766 1291 5821 bcs
1309 5776 1390 5836 atque
1409 5765 1573 5835 provincias,
1588 5779 1750 5835 quocunque
1772 5764 1846 5834 regis
1859 5761 1933 5833 jussa
1948 5769 1984 5809 tt·

1212 5877 1221 5909 r
1245 5857 1365 5923 aiebant,
1390 5857 1458 5912 urim
1474 5856 1626 5920 exstulertio,
1648 5855 1743 5927 epulae,
1764 5865 1846 5925 atque
1866 5847 1984 5909 convitia.

363 5945 442 5999 sirnul
452 5962 514 6002 eum
527 5948 661 6014 domibus,
677 5962 738 6004 curn
759 5948 905 6003 arrrhitione
917 5947 1041 6004 videlieet
1054 5947 1156 6012 secuti,
1212 5967 1221 5997 ι
1244 5957 1272 6003 οι
1283 5946 1368 6002 iestus
1383 5947 1457 6002 dies:
1471 5946 1497 6000 iu
1515 5955 1616 6001 teatrum
1631 5954 1662 6000 ut
1680 5945 1772 6017 plures
1784 5944 1897 6000 alterius
1911 5933 1984 6014 gentis

350 6037 465 6121 gravitas
478 6041 668 6111 exstinguam
686 6057 737 6098 nec
751 6041 853 6114 aliquid
875 6040 936 6096 inde
951 6040 1022 6112 quod
1040 6041 1090 6097 sibi
1109 6055 1157 6096 no·
1213 6058 1222 6090 ι
1245 6051 1272 6095 ct
1287 6050 1367 6097 secte
1379 6054 1471 6095 corum
1489 6037 1610 6109 religioni
1625 6049 1652 6096 et
1672 6037 1982 6109 ceremoniisjmgerer
