4709 6767
1556 442 1565 475 i

380 605 415 664 ttt
804 562 1035 662 colliberti
1055 601 1335 662 reattractus.
1354 637 1391 649 ·-
1407 605 1473 663 llll.
1491 606 1534 662 iii.
1948 613 2000 671 ttr
2056 606 2062 615 ’

378 737 413 778 tos
432 723 547 778 solerter
560 719 671 784 intueri,
685 726 716 774 ut
734 718 886 785 uideamus,
906 722 1005 790 quibus
1025 721 1155 790 operibus
1167 724 1195 780 ri
1206 722 1291 778 stabit
1306 741 1314 776 z
1329 722 1370 779 sie
1382 731 1410 779 et
1422 739 1530 779 ontutus
1554 724 1703 787 electorum
1717 727 1792 783 nollo
1820 731 1999 788 tentationum

376 813 447 868 uncti
463 813 519 867 lieo
531 810 686 883 placuerint
700 809 735 864 ab
752 807 842 873 initio,
857 826 910 880 qua
929 811 1113 865 obstinatione
1126 810 1155 865 iu
1206 826 1321 868 occursu
1346 822 1449 868 ostatu
1470 829 1526 869 suae
1549 815 1720 889 reptitudinis
1741 826 1831 891 potest
1862 821 1998 880 inclinari.

368 905 509 961 sceleribus
518 902 702 975 perdurarint,
716 911 818 974 quauta
828 900 989 958 infelicitate
997 900 1036 958 'ob
1051 901 1156 959 scelera
1206 901 1336 972 capiebat
1348 916 1424 971 marc
1440 903 1492 958 tria
1506 903 1589 959 millia
1610 913 1750 972 metretas,
1766 923 1828 964 curu
1843 924 2001 969 sacramen-

361 999 491 1066 perierint
509 997 629 1068 reprobi.
644 995 678 1051 Et
696 996 787 1051 stabat
807 996 1043 1065 superduodeeim
1060 995 1154 1062 boues,
1208 1001 1264 1048 ιιιιιι
1282 994 1453 1064 baptismatis
1473 995 1501 1050 iu
1530 994 1582 1050 iude
1605 1006 1707 1053 sancte
1727 998 1868 1056 Trinitatis
1892 1003 1998 1071 datum,

353 1089 487 1163 ofloiooo
500 1099 557 1143 roos
570 1087 757 1158 moioioooor
775 1087 810 1142 oo
823 1087 987 1157 aquilonem,
1002 1095 1033 1142 ot
1052 1085 1156 1142 rossad
1206 1082 1393 1138 remissionem
1408 1084 1530 1139 omniunt
1550 1096 1722 1155 peccatorum
1738 1089 1806 1144 inse
1819 1089 1998 1149 ablutiscon·

342 1180 538 1244 oceideutem,
555 1187 584 1235 et
603 1187 659 1233 tres
674 1178 707 1232 ad
728 1178 879 1244 meridiem,
903 1188 932 1233 et
947 1187 1003 1233 tres
1017 1178 1050 1231 ad
1065 1177 1156 1232 orien·
1205 1172 1279 1231 ferre
1293 1174 1523 1244 probatioribus
1538 1186 1629 1233 autem
1645 1194 1721 1234 marc
1738 1181 1864 1252 capiebat
1874 1184 1928 1239 duo
1938 1185 1998 1240 mil-

341 1277 421 1325 tem.
446 1269 595 1324 Duodecim
610 1268 770 1324 rerobores
784 1268 927 1323 duodecim
948 1277 1013 1324 suut
1026 1267 1153 1338 apostoli,
1206 1263 1241 1318 lia
1257 1264 1345 1319 batos.
1365 1264 1449 1320 Batus
1469 1281 1585 1336 namquo
1603 1266 1778 1324 Hebraeorum
1796 1286 1924 1327 mensura
1944 1281 1998 1339 εει,

337 1370 377 1414 et
387 1374 492 1414 ornnes
504 1358 550 1428 qui
563 1359 622 1414 uice
629 1373 725 1414 eorum
740 1360 885 1430 regendam
898 1359 924 1414 in
938 1359 1048 1415 Christo
1063 1375 1156 1415 susee-
1205 1369 1287 1424 quoru
1303 1354 1354 1424 ipsi
1368 1354 1428 1408 batia
1448 1356 1602 1423 nominant,
1620 1357 1724 1413 habeus
1741 1361 1846 1417 modios
1859 1370 1923 1418 tres.
1936 1362 1997 1434 lpsa

337 1458 456 1525 perant
480 1450 633 1506 Ecclesium
666 1458 800 1506 sanctam.
837 1448 889 1516 Qui
904 1450 1046 1505 'uitrrirum
1070 1450 1155 1505 bores
1204 1453 1246 1500 εει
1266 1444 1465 1516 etapiti,quod
1486 1446 1526 1501 illi
1544 1447 1793 1520 epiaanuucupant.
1809 1452 1863 1511 Sed
1881 1455 1944 1526 cpbi
1962 1458 1997 1512 ad

337 1558 431 1604 mare
461 1545 514 1599 sibi
529 1544 768 1616 superimpositum
800 1551 921 1614 portant,
948 1559 1010 1598 cum
1038 1542 1153 1613 apostoli
1205 1551 1362 1592 mensurant
1372 1537 1491 1607 pertinet
1501 1538 1608 1611 frugum
1624 1543 1772 1609 uariarum,
1785 1545 1878 1607 tritici,
1890 1548 1997 1617 bordei,

337 1635 600 1705 apostolorumque
616 1649 790 1690 successures
809 1634 960 1704 injunctum
975 1633 1026 1688 sibi
1041 1647 1156 1704 evauge-
1204 1627 1386 1698 leguminum
1412 1629 1492 1684 batus
1510 1646 1576 1687 uero
1598 1641 1640 1688 est
1666 1633 1693 1688 iu
1719 1636 1862 1705 speciebus
1876 1637 1997 1708 liquidis,

337 1725 457 1784 tirandi
469 1724 588 1780 odicium
601 1734 725 1796 prompta
738 1725 1002 1794 impleredevotione
1014 1733 1152 1797 satagunt.
1204 1720 1278 1785 vino,
1299 1720 1371 1788 oleo,
1389 1738 1471 1794 aqua.
1492 1725 1586 1795 ltaque
1604 1727 1694 1792 batus,
1717 1730 1780 1799 quia
1800 1741 1876 1786 certa
1902 1749 1997 1790 norma
2056 1740 2061 1747 '

337 1815 482 1888 Tresque
505 1818 538 1872 ad
564 1817 727 1886 aquilonem,
751 1826 778 1892 ει
801 1825 857 1872 ιιεε
870 1817 905 1871 ad
926 1817 1106 1878 occidentem,
1126 1827 1155 1872 et
1204 1827 1337 1869 metusurae
1352 1822 1401 1878 cst,
1420 1831 1503 1886 opera
1527 1817 1652 1889 designat
1679 1820 1816 1888 aequitatis
1833 1830 1861 1877 et
1873 1821 1997 1890 iustitie,

337 1918 412 1966 tres
434 1909 470 1962 ad
484 1908 636 1971 meridiem,
656 1915 685 1963 et
699 1917 755 1962 tres
774 1907 808 1961 ad
834 1908 969 1963 orientem
992 1907 1153 1976 respiciunt,
1205 1904 1303 1975 quilms
1325 1903 1353 1959 hi
1374 1906 1420 1974 qui
1448 1907 1685 1963 inremissionem
1713 1919 1888 1981 pcccatorum
1905 1911 1997 1983 bapti-

337 2010 419 2054 nttn
435 1997 573 2052 universis
587 1998 714 2066 quadrati
728 1998 803 2053 orbis
815 1998 938 2068 partibus
961 1999 1042 2053 sudem
1057 2000 1154 2070 pradi—
1206 2004 1313 2060 rantur,
1328 2012 1439 2053 neeesse
1461 1999 1562 2054 liabent
1577 2001 1691 2055 institui.
1714 2002 1796 2058 llutos
1812 2005 1912 2074 quippe
1924 2004 1999 2061 mille

339 2102 423 2151 ant
436 2103 539 2149 sanctae
552 2092 706 2148 Trinitatis.
723 2092 844 2160 Quorum
859 2092 1010 2164 posteriora
1026 2094 1152 2148 universa
1167 2071 1192 2131 Β
1205 2088 1328 2158 cupiebat
1338 2092 1424 2154 utare,
1437 2106 1497 2145 com
1508 2106 1578 2160 aqua
1591 2093 1764 2162 baptismatis
1773 2095 1879 2164 plebem
1892 2096 1998 2152 letdecu-

342 2184 524 2242 iorriooooos
542 2184 696 2238 toriroboor,
720 2183 887 2252 iotriosooos
904 2198 1020 2252 namquo
1045 2183 1154 2238 tadmor
1205 2191 1265 2231 nuru
1291 2177 1414 2244 abluens,
1431 2180 1465 2234 ad
1479 2195 1593 2251 requiam
1608 2182 1902 2263 coeiesteptransmisit.
1916 2186 1997 2242 [leci-

348 2275 487 2329 uuirersa
500 2275 581 2328 bourn
598 2274 759 2345 posteriora,
780 2274 843 2343 quia
858 2289 912 2344 qua
926 2275 1051 2328 mercede
1065 2275 1152 2329 saneti
1203 2268 1296 2337 piebat
1321 2277 1350 2323 et
1365 2269 1434 2324 alios
1453 2271 1535 2333 mille,
1552 2288 1616 2327 curu
1638 2274 1721 2329 etiam
1744 2266 1838 2332 tr'rrbus
1857 2280 1997 2334 nationum

356 2367 551 2438 predicatores
562 2366 590 2420 iu
605 2375 765 2436 perpetuum
780 2365 927 2431 donemur,
941 2366 1041 2421 interni
1056 2367 1153 2422 arbitri
1203 2361 1298 2415 eodem
1314 2360 1387 2417 loutc
1402 2372 1521 2428 renatas,
1536 2372 1564 2419 ει
1582 2366 1711 2435 operibus
1721 2365 1836 2451 justitiae
1852 2373 1998 2424 eorrlirma-

363 2456 551 2527 exauriueiam
566 2456 729 2527 dispositum
750 2465 808 2521 est;
828 2456 875 2511 sed
896 2456 985 2520 nobis,
998 2457 1045 2526 qui
1066 2457 1153 2513 adbuc
1203 2460 1257 2517 tas,
1272 2451 1394 2520 eittsdcm
1412 2456 1487 2525 requi
1512 2458 1640 2526 perennis
1665 2456 1730 2514 lecit
1755 2474 1815 2515 esse
1839 2463 1996 2532 participes.

369 2544 545 2615 tuderanus,
561 2554 655 2602 manat
681 2546 845 2602 omnimodis
868 2546 1003 2602 occuitum
1030 2536 1153 2618 :quibus
1240 2539 1316 2595 Fecit
1336 2559 1438 2616 qaoque
1458 2546 1571 2601 concitas
1593 2545 1698 2611 deceat,
1726 2557 1750 2602 et
1777 2552 1863 2619 posuit
1884 2552 1998 2623 quinque

374 2641 515 2696 namhoc
536 2656 598 2696 osso
624 2639 761 2696 occuitum
784 2640 938 2695 nudatoque
951 2648 1052 2710 potest,
1080 2641 1152 2712 quood
1203 2632 1351 2700 aderitis,
1376 2645 1400 2689 et
1419 2636 1534 2708 quiaque
1555 2636 1715 2701 asinistrr‘t,
1735 2648 1765 2693 ut
1781 2639 1898 2696 iurarent
1918 2643 1997 2697 ineis

381 2734 450 2787 anab
467 2733 514 2802 qui
528 2732 667 2787 lavacrum
687 2731 815 2802 baptismi
830 2730 993 2787 adsalutem
1010 2732 1113 2801 ¹accipit
1126 2738 1154 2785 et
1203 2726 1293 2782 omnia
1308 2742 1368 2796 quae
1383 2727 1411 2780 in
1427 2726 1609 2781 holocaustam
1629 2726 1744 2782 oblaturi
1762 2740 1847 2785 erant.
1868 2731 1953 2785 Porro
1969 2735 1996 2787 ia

383 2826 556 2890 numidam,
570 2831 686 2895 ερειιιει
705 2823 1086 2887 ebaritatemdebetbaberc,
1102 2836 1153 2878 uec
1203 2820 1273 2875 mari
1293 2819 1440 2875 sacerdotes
1465 2818 1633 2873 lavabantur.
1662 2820 1802 2888 Quomodo
1824 2823 1866 2878 laae
1886 2826 1997 2880 caricare

386 2917 426 2971 siue
442 2919 482 2973 bis
503 2918 591 2973 tritius
605 2917 752 2972 virtutibus
771 2916 897 2986 quisquis
907 2917 1010 2985 aliquid
1016 2914 1073 2984 iam
1089 2930 1154 2984 ope-
1203 2911 1284 2969 iactae
1296 2911 1408 2976 luerint,
1422 2911 1529 2980 plenius
1547 2911 1575 2965 in
1593 2909 1662 2965 libro
1675 2911 1779 2982 Regum
1800 2925 1937 2978 narratum,
1952 2915 1997 2970 ubi

388 3009 433 3074 rui,
445 3024 530 3079 neque
547 3009 652 3064 intrare
665 3009 699 3064 ad
711 3010 796 3063 uitam
808 3007 893 3062 valet.
910 3006 987 3063 liude
1004 3007 1032 3062 in
1047 3006 1152 3077 Regum
1203 3004 1241 3059 its
1255 3004 1385 3074 scripturo
1398 3010 1439 3058 est
1452 3021 1458 3057 ε
1471 3002 1505 3056 Et
1518 3002 1579 3073 iecit
1590 3003 1663 3057 bases
1676 3004 1765 3059 decem
1779 3022 1872 3071 areas,
1884 3017 2000 3077 quatuor

389 3095 436 3153 itu
457 3109 527 3155 recte
552 3097 723 3171 subjungitur
744 3095 922 3152 :Grotsituda
945 3107 1034 3152 autern
1060 3096 1152 3151 lateris
1203 3095 1350 3152 cubitorum
1367 3095 1539 3167 desperatae
1560 3096 1634 3151 iares
1648 3096 1777 3166 sinquias,
1791 3107 1814 3152 et
1826 3108 1940 3170 quatuor
1952 3117 1996 3154 cu·

338 3222 339 3261 p
388 3187 443 3240 ιίιιιι
456 3177 593 3243 urr⁸ciarttut
615 3199 672 3243 erat
688 3186 812 3262 (litteo.
830 3188 890 3260 vu).
913 3186 1075 3244 Crassitudo
1095 3198 1153 3244 ete·
1203 3189 1315 3243 diturum
1333 3188 1492 3252 latitudiuis,
1518 3198 1543 3243 et
1561 3189 1641 3243 ιιιίιιιι
1663 3190 1811 3245 cubitorum
1837 3191 1997 3248 altitudinis.

389 3278 522 3336 tiulateris
534 3281 561 3336 in
576 3281 644 3336 muri
655 3279 770 3335 iirmitas
783 3287 826 3335 εει
837 3281 945 3336 virtutis
956 3280 982 3334 in
995 3281 1148 3350 baptismo;
1202 3276 1237 3333 Et
1255 3278 1340 3348 ipsam
1360 3295 1424 3350 opas
1442 3280 1545 3333 basiam
1563 3281 1591 3333 iu
1610 3290 1681 3334 terra
1701 3280 1780 3350 sutile
1799 3292 1864 3346 erat,
1882 3292 1906 3338 et
1925 3285 1997 3338 scal·-

338 3386 339 3399 ι
369 3368 481 3423 -rttriurn
495 3369 637 3424 unciarum
655 3378 697 3425 εει
715 3369 950 3442 baecqrossitudo,
966 3369 1028 3424 dura
1052 3371 1150 3425 robore
1202 3378 1287 3440 ptura
1305 3371 1374 3424 inter
1388 3369 1542 3440 juncturus,
1563 3381 1588 3425 ct
1609 3373 1679 3426 inter
1697 3374 1837 3428 cararrulas
1856 3385 1881 3430 et
1900 3376 1998 3444 plectas

389 3456 461 3516 itaet
474 3462 531 3532 spei
555 3472 584 3517 et
596 3462 750 3519 dilectionis
763 3463 902 3534 perceptIo
926 3461 1053 3534 baptismi
1075 3478 1151 3518 com·
1163 3422 1187 3485 c
1201 3460 1289 3515 leones
1309 3468 1333 3514 el
1346 3459 1420 3515 boues
1439 3469 1465 3516 ει
1478 3462 1620 3525 citeruir‘m,
1637 3473 1662 3518 et
1677 3465 1705 3518 t'n
1720 3466 1855 3536 jaarrrturis
1877 3469 1999 3524 similiter

389 3551 489 3605 nauiter.
513 3550 606 3622 Neque
620 3553 700 3608 aliter
714 3553 865 3623 prolicuum
883 3567 944 3607 esse
955 3552 1151 3622 accipientibus
1202 3551 1325 3622 desuper,
1345 3562 1370 3606 et
1389 3570 1468 3624 saper
1484 3553 1572 3610 leones
1589 3566 1614 3610 et
1632 3556 1706 3612 boues
1725 3562 1803 3630 qiuari
1823 3559 1879 3615 lora
1898 3579 1931 3617 ec
1945 3579 1998 3618 are

389 3642 520 3709 uenditor,
547 3645 602 3699 nisi
632 3644 729 3698 barum
755 3643 834 3699 lirma
857 3645 991 3699 certitudo
1018 3644 1150 3698 uirtutum
1201 3645 1385 3716 emendantia,
1402 3656 1427 3702 et
1444 3659 1558 3719 quatuor
1577 3660 1640 3704 rote
1662 3668 1709 3722 per
1730 3654 1803 3707 bases
1823 3655 1953 3726 sinquias,
1973 3666 1997 3711 et

390 3736 681 3806 mutemaccipicutiam
697 3735 778 3791 simul
798 3743 919 3807 etopcra
932 3736 1084 3790 consumet.
1099 3735 1152 3789 Pro
1201 3753 1265 3793 aces
1288 3740 1368 3802 aerei,
1397 3749 1421 3794 at
1447 3757 1494 3810 per
1518 3752 1634 3811 quatuor
1654 3752 1743 3814 partes
1765 3747 1841 3814 quasi
1866 3746 1997 3801 irarrreruli

390 3833 496 3881 ιιιιιιειιι
508 3812 582 3897 quaid
603 3827 631 3881 iu
648 3827 752 3898 licqum
765 3827 835 3882 libro
859 3837 986 3882 narratur
1001 3828 1083 3882 trium
1099 3843 1150 3882 ιιιι-
1201 3829 1291 3884 sudter
1308 3830 1417 3885 luterem
1431 3831 1534 3901 parites,
1550 3842 1642 3887 contra
1656 3851 1683 3888 se
1697 3835 1805 3890 inuicem
1821 3839 1995 3907 respicientes.

391 3913 466 3970 riarum
482 3932 540 3973 osse
553 3919 709 3989 grossitudo
729 3919 835 3982 luteris,
859 3919 904 3974 bic
920 3920 948 3974 iu
966 3918 1149 3989 Paralipome·
1203 3920 1240 3977 Os
1258 3937 1360 3994 quaqae
1378 3921 1470 3976 luteris
1485 3924 1642 3979 intrinsecas
1659 3935 1714 3979 erat
1732 3927 1759 3979 iu
1779 3928 1872 3998 eapitis
1886 3929 1997 3982 sartami-

392 4017 428 4056 ιιι
439 4022 563 4065 mensurae
575 4010 659 4080 pallui
672 4010 772 4066 dieitur
794 4010 878 4080 ipsius
894 4025 955 4066 esse
965 4012 1089 4066 vastitas.
1101 4011 1151 4066 cui
1202 4021 1272 4078 tute,
1286 4023 1311 4068 et
1326 4014 1396 4085 quod
1415 4014 1563 4082 samaraeus
1584 4015 1727 4085 apparebat
1744 4018 1823 4070 ataias
1844 4019 1995 4073 stabilierat

393 4109 471 4166 quaque
482 4102 629 4156 concordat
642 4101 787 4172 loseplrus,
800 4102 903 4166 dieeirs,
925 4111 1042 4172 quatuor
1054 4102 1152 4173 digito·
1201 4113 1284 4160 totam
1307 4105 1464 4170 rotundum,
1484 4107 1634 4176 pariterque
1652 4105 1762 4159 trahebat
1782 4123 1863 4159 auum
1879 4109 1996 4161 cubitum

394 4200 434 4241 itit
450 4207 501 4248 etse
524 4194 735 4249 crassitudinem
758 4192 817 4263 ejus
842 4211 849 4247 :
875 4194 1018 4249 nraniieste
1042 4195 1153 4248 denton-
1201 4205 1226 4251 ει
1242 4195 1391 4250 dimidiam.
1414 4194 1448 4248 iu
1468 4194 1572 4264 capulis
1596 4206 1683 4249 autern
1706 4196 1889 4250 coiuuraaruna
1916 4197 1997 4250 uanae
2038 4258 2051 4279 ἡ

394 4288 524 4357 i'nutqnae
544 4289 628 4344 luerit
641 4291 797 4360 ntaqrritudo
820 4290 905 4360 ipsius
922 4288 1016 4359 patitui·
1036 4287 1090 4342 sed
1116 4286 1151 4340 ad
1201 4291 1335 4347 relaturae
1354 4300 1440 4353 eraut,
1462 4301 1486 4346 et
1504 4291 1590 4346 media
1609 4292 1678 4345 iuter
1697 4289 1832 4344 columnas
1851 4289 1999 4361 quadrata,

395 4376 486 4431 liudem
497 4394 605 4435 cerasum
629 4379 773 4450 allegorice
786 4379 881 4435 referri
903 4379 963 4434 brec
982 4379 1074 4433 omnia
1089 4393 1152 4448 pos·
1202 4400 1253 4438 nan
1266 4384 1389 4437 rotanda.
1405 4382 1526 4449 Quatuar
1538 4398 1641 4454 quoque
1659 4390 1737 4440 rota,
1749 4395 1809 4450 quaer
1826 4389 1999 4452 perquatuor

395 4469 512 4536 511ῑῑῑιιιιιίι
525 4470 648 4538 tittisqttis
665 4468 728 4534 lide,
743 4483 790 4541 spe
814 4477 842 4523 ei
853 4468 986 4523 charitate
1000 4468 1151 4522 meandum
1202 4475 1313 4546 anquias
1334 4475 1403 4529 basis
1427 4484 1512 4537 eraut,
1533 4472 1700 4528 eataauetaaa
1718 4469 1998 4536 saiterdasiut.iiuda

395 4563 481 4618 iiiiii?
499 4562 699 4632 euangeliorum
718 4562 871 4617 doctrinam
896 4576 978 4631 opera
994 4560 1061 4616 iacit
1070 4559 1152 4629 iosti·
1202 4578 1259 4622 ratu
1281 4567 1391 4621 babebat
1407 4565 1556 4621 altitaadiuis
1574 4564 1689 4619 cruditum
1704 4573 1729 4617 ct
1744 4564 1832 4617 semis.
1851 4561 1927 4615 Tales
1944 4576 1994 4613 au-

397 4646 433 4707 ¹¹³·
444 4659 538 4708 minae
558 4655 621 4708 uita
636 4654 789 4708 uuercedcm
811 4653 838 4707 iu
852 4652 955 4708 curbat
969 4667 1052 4724 raquo
1065 4652 1152 4722 perei—
1201 4669 1252 4714 tem
1272 4669 1336 4712 rata
1348 4666 1434 4720 araur,
1451 4655 1541 4727 orarius
1560 4654 1643 4709 satana
1658 4655 1686 4708 ιη
1704 4653 1865 4722 eerraira.
1884 4652 1917 4705 Et
1933 4668 1998 4706 arcs

396 4734 608 4814 liii-Libitinam
622 4743 680 4812 eius
693 4742 884 4814 quasilabium
896 4743 989 4798 calicis
1007 4750 1035 4797 ei
1054 4741 1148 4798 folium
1163 4765 1305 4836 Deprum,
1326 4757 1350 4802 et
1367 4747 1447 4812 radii,
1464 4755 1487 4800 et
1504 4745 1603 4811 cantici,
1619 4743 1773 4808 etmediaii,
1792 4744 1879 4797 orrruiu
1894 4741 1996 4811 [resilio.

397 4834 539 4894 mandrita,
557 4834 722 4891 restabunt
734 4836 834 4905 quiippe
845 4835 938 4890 calicis
952 4842 1047 4905 gustus
1059 4834 1151 4889 Domi·
1204 4839 1275 4895 Naar
1296 4850 1321 4894 et
1341 4837 1474 4893 larameruli
1494 4845 1609 4908 quatuor
1627 4834 1667 4889 illi
1682 4851 1729 4905 per
1746 4832 1862 4904 siupuios
1885 4829 1997 4902 araqrrios

396 4922 591 4996 impssione,
618 4944 667 5000 per
693 4928 786 4984 iulium
806 4929 917 4998 repandi
942 4927 990 4982 liiii
1013 4926 1151 4997 patefacta
1203 4930 1274 4986 lusis
1293 4930 1372 4984 unias
1392 4944 1426 4983 eu
1443 4929 1500 4999 ipsa
1525 4927 1581 4981 iusi
1603 4922 1694 4994 saules
1710 4933 1735 4978 et
1755 4922 1889 4993 conjuncti
1910 4932 1996 4974 ararat.

395 5006 474 5073 dirius
504 5019 712 5075 resurrectionis
749 5019 922 5089 exprimitur.
966 5017 1151 5088 Capiebatque
1203 5021 1237 5078 ln
1255 5021 1405 5078 summitate
1427 5028 1514 5073 aratam
1536 5018 1605 5072 basis
1624 5023 1680 5073 erat
1702 5013 1824 5086 qaedam
1848 5010 1999 5067 rotunditas

395 5113 495 5166 ”mm
511 5113 561 5166 [¹⁸¹³
578 5111 661 5166 millii
679 5120 819 5177 Μθῑῐθῑῧῦι
839 5109 892 5175 rei,
904 5111 981 5181 juxta
1002 5110 1104 5180 litium
1116 5109 1150 5163 li·
1202 5114 1281 5169 unius
1295 5123 1319 5167 et
1333 5110 1436 5166 dintidii
1452 5108 1532 5163 cubiti
1546 5109 1582 5160 ita
1596 5103 1754 5177 fabrefacta,
1765 5112 1794 5155 ut
1808 5101 1877 5155 luter
1886 5100 2000 5169 desuper

394 5188 446 5263 hmo
459 5202 508 5260 ⁶1¹⁰
529 5204 614 5259 miliia
635 5204 724 5260 iiiios·
738 5201 904 5258 Miliessitrius
924 5215 1042 5271 namque
1056 5215 1151 5255 nunte-
1202 5214 1286 5277 posset
1308 5202 1418 5271 imponi,
1442 5198 1541 5252 iaicas
1565 5195 1704 5250 celaturas
1725 5209 1787 5248 raus
1804 5199 1829 5244 et
1848 5189 1998 5260 sculpturas

395 5295 425 5340 Νι
440 5306 481 5362 pro
504 5284 704 5368 significatione
741 5292 916 5363 perfectionis
943 5290 1013 5347 solet
1034 5291 1098 5361 poni
1124 5290 1151 5346 in
1202 5295 1290 5350 sarim
1307 5290 1502 5359 meresapae.
1520 5285 1635 5356 Sculpsr't
1653 5299 1755 5356 quaque
1773 5278 1912 5335 iutaiulis
1931 5277 1996 5340 iliis,

394 5372 518 5457 δῦιὶιιιιιιίε,
540 5391 604 5462 quia
619 5389 748 5444 nimirum
762 5388 906 5444 denarium
925 5399 1067 5441 nnmerum
1081 5399 1151 5454 qua·
1202 5399 1262 5456 qrtoe
1274 5391 1349 5437 erant
1366 5395 1398 5435 ea
1409 5393 1473 5444 aere,
1490 5376 1555 5432 etin
1572 5372 1676 5445 aepulis
1692 5370 1835 5435 alterutrim,
1856 5377 1881 5423 ει
1897 5367 1999 5432 leones,

392 5468 471 5535 iratam
491 5483 605 5540 solidum
620 5483 695 5538 lacit.
720 5483 820 5537 Decem
840 5478 940 5550 quippe
962 5478 1052 5534 decies
1071 5476 1152 5532 ducta
1203 5484 1228 5532 at
1248 5472 1368 5546 palmas,
1388 5470 1463 5543 quasi
1485 5469 1514 5524 ia
1532 5466 1732 5522 similitudinem
1753 5462 1848 5516 stantis
1868 5459 1996 5521 maiae,

392 5574 471 5631 datam
480 5576 592 5633 iaciunt.
613 5576 679 5644 Quae
696 5574 823 5630 uidelicet
838 5572 923 5644 ligura
932 5569 991 5640 iam
1005 5570 1150 5640 quadrata,
1203 5572 1233 5620 ut
1244 5580 1296 5619 nou
1310 5559 1415 5623 calata,
1427 5557 1472 5612 sed
1485 5556 1605 5628 apposita
1617 5570 1663 5625 per
1677 5553 1817 5608 circuitam
1837 5549 1995 5604 uiderentur.

391 5661 507 5728 ¹iitdluue
520 5673 602 5743 plana
613 5679 665 5725 est.
679 5669 779 5724 Verum
792 5676 822 5722 ut
836 5668 864 5721 in
875 5664 1045 5721 altitudinem
1058 5670 1152 5733 surgat
1203 5656 1239 5713 lu
1257 5656 1326 5710 bunc
1346 5651 1453 5707 aradam
1476 5649 1537 5720 iecit
1555 5648 1644 5702 decent
1667 5645 1742 5701 lases
1765 5643 1859 5714 iarum
1881 5657 1950 5705 “Ma
1971 5648 1996 5692 et

390 5756 493 5818 tutius
513 5761 657 5826 efficiatur,
672 5759 823 5830 multiplica
842 5768 953 5814 eentum
970 5770 1020 5827 per
1045 5756 1151 5822 decem,
1203 5764 1327 5806 memma
1340 5744 1526 5816 sculpturaque
1541 5738 1682 5796 consimili.
1701 5736 1726 5791 F
1727 5737 1775 5792 ecit
1792 5749 1895 5807 qaoque
1907 5733 1995 5784 decem

338 5872 339 5935 q
388 5848 473 5909 ιιιιιιιι
487 5856 571 5913 mile.
585 5857 643 5922 Quo
658 5853 780 5925 proiecto
794 5867 907 5908 numero
920 5850 1026 5907 stabilis
1034 5855 1063 5903 et
1075 5848 1151 5904 iusn-
1203 5843 1298 5898 lateres
1311 5854 1406 5895 eaeor.
1419 5832 1604 5905 Quadrupiata
1614 5831 1688 5886 iratos
1701 5828 1820 5898 capiebm
1832 5825 1901 5877 later
1914 5834 1994 5882 anas,

338 5946 339 5975 ³
388 5944 527 6004 imbibat
539 5947 615 6002 reiut
635 5947 819 6016 eousquudrata
829 5942 966 6014 justorum
981 5939 1150 5998 couscientia
1203 5943 1309 6004 eratque
1322 5934 1441 6001 ¹quotuor
1459 5924 1617 5979 erubiturum.
1641 5916 1765 6023 διηφίει
1781 5925 1881 5986 i¹⁸⁰i¹⁸⁶
1898 5907 1995 5962 ium&
2018 5968 2029 5987 ,

338 6012 341 6161 p
386 6023 529 6107 iliquatur.
550 6037 719 6109 Quocunque
744 6036 816 6091 euim
838 6035 955 6090 verteris
975 6035 1151 6104 quadratum,
1204 6047 1250 6101 per
1265 6018 1568 6098 populeotaardeaua
1580 6016 1654 6070 iim
1667 6018 1764 6084 timis
1776 6015 1830 6063 ⁰¹0·
1848 5999 1910 6077 im
1928 5999 1994 6071 Μ·
