4709 6767
367 605 410 667 ὦ
783 608 960 667 contient.
980 607 1014 666 tlt
1033 609 1155 667 titanos
1174 613 1207 667 ii'
1228 611 1359 669 tinct'tt.
1379 645 1413 656 —
1432 613 1466 670 itt
1484 615 1548 673 tib.
1567 617 1587 672 Ι.
1974 626 2008 683 u

370 736 419 781 tur
431 738 550 794 namque
564 720 787 791 insequentibus
798 722 870 792 quod
890 722 1056 791 temporibus
1080 720 1169 777 Saulis
1185 729 1207 785 Α
1226 741 1235 774 ι
1254 724 1305 778 rati
1325 734 1398 787 suut,
1415 734 1444 780 ct
1454 737 1646 795 percusserunt
1656 743 1703 783 eos
1716 745 1801 800 usque
1813 727 1846 787 ad
1859 729 1948 794 imum
1961 740 2009 810 qui

370 816 539 874 meritonia
555 813 589 870 de
613 814 665 869 bac
685 814 805 878 civitate,
819 824 846 869 et
864 813 944 867 allata
958 815 985 868 iu
1005 822 1105 878 castra,
1120 828 1167 883 pu·
1223 830 1232 865 a
1250 822 1310 870 erat
1335 816 1428 870 subter
1444 816 1569 873 Betbcar.
1589 839 1599 871 r
1617 820 1732 876 lietbcar
1752 823 1948 895 iuterpretatur
1964 832 2009 888 do

368 917 474 980 guanto
488 922 521 961 eo
543 906 687 960 adversum
713 904 893 960 Pirilistiucos.
914 903 960 959 Sic
984 906 1084 959 etenim
1099 905 1167 959 scri·
1217 922 1275 959 mur
1290 908 1431 976 ogrritionir
1444 909 1591 966 vcidomnr
1614 914 1766 983 ognisscmu
1779 934 1828 988 per
1851 922 2002 989 predicato

369 1009 450 1069 ptum
462 1007 525 1052 est:
544 1014 554 1047 ι
573 996 606 1049 Ει
623 995 663 1049 ait
675 995 740 1050 Saul
758 994 791 1049 ad
804 995 917 1050 debiam
932 994 1166 1065 :Applicaarcam
1218 1011 1261 1050 res
1276 997 1411 1068 Evangelii
1430 999 1560 1055 Dominus
1572 1018 1654 1071 super
1672 1004 1764 1062 bostes
1785 1009 1923 1078 spiritales
1940 1014 2010 1071 into·

370 1089 432 1143 liei.
448 1089 513 1142 Erat
527 1088 600 1143 enim
624 1087 661 1141 ibi
686 1101 748 1141 arca
766 1086 814 1141 Dei
833 1086 861 1141 in
885 1086 929 1141 die
955 1086 1000 1140 iiio
1019 1102 1080 1140 curu
1101 1085 1166 1142 uitis
1217 1087 1286 1149 uuit,
1303 1087 1329 1141 iu
1344 1088 1433 1159 lugam
1445 1090 1516 1144 versi
1527 1103 1688 1149 cornrcrmat
1703 1110 1794 1151 coram
1810 1098 1903 1167 israel,
1915 1103 1941 1158 id
1954 1114 2007 1170 est,

368 1180 493 1252 israei(i
514 1179 577 1249 iieg.
597 1178 664 1247 ιιι).
684 1196 694 1230 ι
712 1178 746 1232 Ει
771 1178 834 1249 quia
856 1185 964 1231 constat
986 1177 1057 1247 quod
1080 1176 1164 1239 itavid
1216 1191 1308 1231 coram
1323 1179 1420 1249 populu
1446 1181 1503 1236 liei.
1520 1182 1552 1236 Et
1570 1185 1704 1252 persecuti
1728 1196 1791 1241 suut
1813 1204 1861 1245 eos
1881 1208 1966 1261 usque
1979 1195 2007 1250 in

368 1292 431 1329 catu
446 1276 473 1329 iu
488 1272 639 1328 lentsaieru
654 1271 807 1334 adduxerit,
819 1270 937 1326 ablatam
955 1270 988 1323 de
1006 1269 1087 1323 domo
1097 1267 1164 1323 tbt-
1216 1267 1325 1323 dourum
1344 1272 1498 1340 agnitionis,
1513 1273 1564 1328 buc
1585 1284 1637 1338 est,
1664 1291 1805 1347 quousque
1824 1283 2008 1342 omniserunt·

368 1369 470 1432 nabad,
487 1368 514 1421 iu
529 1381 610 1435 quuru
625 1380 697 1420 uuuc
719 1363 793 1417 illata
812 1377 872 1417 esse
884 1362 1056 1432 perhibetur,
1080 1368 1166 1414 restat
1215 1369 1394 1428 expugnetur,
1406 1371 1434 1417 et
1447 1378 1509 1418 rere
1522 1364 1593 1418 Deus
1605 1376 1775 1435 agnoscatur.

367 1458 481 1529 intelligi
496 1456 568 1527 quod
581 1457 608 1510 iu
620 1455 715 1510 diebus
728 1453 820 1509 Saulis
831 1453 915 1508 relata
925 1453 959 1507 de
971 1452 1080 1514 castris,
1097 1460 1124 1506 et
1137 1451 1165 1505 in
1253 1468 1263 1501 r
1283 1449 1358 1506 'ltruc
1374 1456 1520 1523 assumpsit
1542 1443 1651 1511 Samuel
1671 1459 1789 1528 lapidem
1806 1479 1900 1530 unum,
1910 1476 1938 1522 et
1952 1477 2008 1524 sta-

365 1551 508 1623 praciatam
526 1550 561 1604 sit
582 1548 654 1603 iliata
668 1548 818 1613 civitatem,
833 1547 905 1601 uude
916 1546 1015 1611 denuo,
1035 1552 1165 1615 regnante
1218 1561 1228 1594 ι
1245 1545 1296 1598 tuit
1316 1545 1390 1600 iilum
1406 1548 1477 1612 iuter
1488 1548 1611 1619 iluspirat
1623 1559 1650 1604 et
1672 1552 1743 1606 iuter
1758 1552 1812 1608 Seu
1832 1555 1895 1627 (vei,
1910 1560 2006 1616 utalia

368 1640 608 1708 pertunderetur
623 1640 650 1694 iu
664 1637 825 1692 Jerusalem.
843 1637 891 1690 Est
909 1651 974 1707 ergo
996 1650 1092 1690 seusus
1107 1650 1164 1689 rue-
1214 1635 1297 1690 editio
1310 1637 1400 1703 babet,
1418 1658 1427 1689 ι
1442 1640 1513 1695 iuter
1534 1642 1657 1712 liaspbat
1671 1660 1769 1699 novum
1792 1656 1820 1701 et
1833 1656 1975 1721 veterem).
1993 1671 2004 1708 a

366 1742 480 1788 moratu¹
493 1730 637 1786 sententias
649 1746 656 1782 ι
668 1728 736 1796 Quia
751 1742 785 1782 ex
805 1742 861 1797 quo
872 1728 972 1781 mansit
985 1741 1048 1781 arca
1063 1727 1089 1780 in
1112 1725 1164 1780 Ca·
1217 1743 1226 1775 ι
1243 1726 1277 1780 Et
1291 1731 1397 1783 vocarit
1409 1746 1506 1786 nomen
1521 1732 1581 1802 ejus
1604 1733 1774 1805 abenneger,
1798 1740 1871 1807 quod
1882 1750 1935 1807 eat,
1952 1742 2006 1799 La·

366 1823 540 1887 riatbiarim,
563 1828 625 1876 erat
650 1834 738 1874 annus
760 1819 906 1873 vicesimus
928 1832 991 1872 curu
1017 1832 1078 1872 earu
1101 1816 1164 1870 iude
1217 1839 1226 1872 ι
1245 1823 1312 1888 tine,
1333 1823 1400 1894 inpia
1415 1827 1553 1897 adjutorii.
1570 1830 1604 1884 Et
1622 1832 1711 1885 dixit:
1728 1833 1819 1904 Usque
1831 1836 1885 1890 buc
1905 1836 2008 1907 adjuvit

367 1912 510 1968 transierri
524 1911 692 1982 temporibus
704 1909 862 1965 Saulcausa
873 1908 934 1964 belii
947 1908 1102 1978 contigerit.
1116 1907 1163 1962 tet
1216 1929 1225 1962 ι
1244 1928 1293 1967 uos
1314 1914 1456 1982 Dominus,
1475 1938 1484 1969 r
1503 1929 1556 1974 etc.
1580 1920 1754 1993 iinspirat(ut
1777 1939 1858 1993 supra
1877 1926 2007 2000 diximus)

364 2013 440 2059 certe
454 2003 601 2059 vicesimus
611 2010 671 2056 erat
683 2016 771 2056 anatis
786 2015 848 2055 cum
862 2000 950 2054 adbuc
964 2000 1054 2053 omnis
1066 2000 1162 2054 domus
1214 2002 1408 2075 iuterpretatur
1417 2009 1534 2063 intentio.
1549 2010 1608 2082 (Ex
1621 2011 1755 2086 isidoro.)
1768 2015 1848 2086 Lapis
1864 2017 1909 2072 iiie
1928 2017 2006 2089 adju-

362 2094 449 2150 israel
479 2093 614 2163 requievit
639 2100 700 2162 post
720 2092 875 2156 Dominum,
899 2088 1012 2158 abiectis
1033 2089 1159 2144 videlicet
1172 2084 1198 2144 B
1213 2094 1274 2148 torii
1290 2098 1420 2153 medietas
1433 2108 1475 2153 est
1486 2099 1646 2168 salvatoris,
1657 2118 1706 2174 per
1717 2121 1796 2173 quem
1811 2109 2005 2166 transeundum

364 2189 461 2252 idolis,
470 2186 509 2242 iili
526 2186 577 2241 soli
593 2186 725 2242 serviens.
739 2183 817 2251 Quod
840 2198 900 2238 eam
914 2182 1012 2237 iecisse
1023 2189 1081 2236 toto
1095 2189 1163 2236 tem-
1213 2194 1255 2240 est
1268 2202 1283 2240 a
1297 2186 1419 2257 iiaspimt
1431 2199 1524 2247 vetere
1534 2193 1568 2246 ad
1579 2207 1687 2259 novam,
1699 2196 1726 2250 id
1740 2206 1793 2263 est,
1807 2199 1841 2252 ab
1855 2198 2006 2258 intentione

362 2294 434 2349 pore
446 2278 607 2350 praesulatus
620 2276 768 2338 Samuelis,
788 2276 835 2346 qui
849 2272 978 2348 (iosepho
990 2274 1069 2344 teste)
1085 2274 1163 2344 quiu-
1212 2294 1265 2348 qua
1279 2282 1488 2349 exspectabatur
1511 2284 1537 2338 iu
1561 2286 1663 2341 carnali
1678 2302 1762 2359 reguo
1780 2290 1919 2349 beatitudo
1937 2292 2007 2352 ialta

361 2372 454 2426 decim
467 2370 548 2425 aunis
560 2368 711 2439 completus
722 2376 776 2431 ert,
797 2376 826 2421 et
839 2366 929 2437 primo
950 2375 1072 2435 tempore
1085 2364 1161 2435 regui
1212 2368 1338 2433 carnaiis,
1355 2370 1389 2425 ad
1416 2371 1611 2441 intentionem,
1631 2391 1684 2446 qua
1708 2393 1757 2447 per
1781 2378 1887 2435 Nurum
1912 2381 2011 2438 Testae

363 2464 444 2528 Saul,
457 2463 529 2534 quod
543 2462 650 2534 (codem
672 2459 803 2516 historico
823 2456 991 2529 aisrrmaute)
1005 2455 1102 2528 viginti
1116 2470 1162 2509 an·
1210 2469 1332 2512 ruentum
1345 2469 1520 2530 exspectatur
1533 2464 1559 2517 in
1572 2480 1655 2536 reguo
1669 2468 1799 2523 coeioruru
1811 2472 1951 2528 beatitudo
1959 2488 2011 2529 ver

363 2556 407 2607 uis
424 2553 519 2615 tenuit,
534 2551 624 2606 nuilus
644 2561 745 2604 sancta}
762 2548 883 2603 bistoriae
896 2547 1022 2601 curiosus
1036 2546 1159 2615 ignorat:
1212 2548 1319 2603 rissima
1334 2551 1475 2619 spiritalis.
1487 2552 1544 2619 Qua
1560 2557 1688 2623 quoniam
1701 2559 1766 2613 nibil
1780 2568 1823 2614 est
1832 2562 1937 2629 meiius,
1951 2544 2025 2621 bne‘

361 2659 482 2713 rraurquc
493 2642 664 2711 postmodum
677 2654 739 2693 cum
764 2637 923 2692 recessisset
941 2651 957 2689 a
973 2633 1055 2690 Satrio
1076 2633 1161 2703 Spiri-
1210 2656 1297 2710 usque
1312 2640 1420 2709 adjuvat
1434 2644 1514 2700 licus.
1533 2664 1543 2696 r
1561 2647 1682 2719 Eratque
1707 2666 1759 2721 pax
1786 2653 1858 2708 iuter
1876 2654 1959 2712 israel
1976 2667 2005 2715 et

362 2744 406 2787 tus
420 2732 546 2796 Itourirri,
559 2738 588 2786 et
600 2730 716 2800 agitaret
726 2743 788 2783 eum
802 2727 914 2796 spiritus
933 2740 1059 2795 aequam,
1073 2724 1161 2778 maxi·
1213 2748 1222 2780 r
1236 2730 1434 2787 Amorrbaeum.
1454 2753 1464 2787 r
1482 2735 1656 2793 Amorrbaeus
1676 2741 1870 2811 iuterpretatur
1884 2763 2003 2815 omnm,
2085 2728 2092 2737 ⁸

361 2840 406 2878 rue
433 2824 467 2877 ati
486 2821 704 2893 persequendum
730 2817 816 2873 iiarid
833 2817 974 2872 innoxium
993 2822 1021 2871 et
1042 2813 1158 2882 justum,
1209 2820 1252 2875 uei
1262 2821 1380 2892 toqamr.
1394 2824 1585 2895 Etbpostoius
1595 2830 1628 2883 ad
1639 2830 1772 2899 Ephesios
1782 2834 1819 2888 ita
1829 2835 2008 2906 dicitrVor,

359 2928 478 2969 necesse
488 2921 546 2969 erat
557 2920 664 2983 partem
682 2909 785 2964 miiitiae
805 2908 847 2962 vei
869 2906 956 2976 piebis
969 2904 1028 2975 ejus
1040 2904 1159 2960 nonnul·
1208 2911 1255 2981 qui
1272 2911 1418 2981 aliquando
1430 2916 1614 2989 eratisiouge,
1639 2918 1704 2975 iacti
1717 2924 1785 2978 estis
1794 2939 1878 2995 prope
1893 2927 1919 2981 iu
1941 2938 2005 2985 sau·-

359 3008 415 3062 iam
430 3006 540 3061 malitiae
554 3005 626 3060 iilius
638 3002 777 3059 exstitisse
793 3000 964 3070 complicem.
1209 3003 1290 3072 guiue
1304 3003 1489 3076 Christi.1pse
1511 3009 1584 3063 euim
1601 3017 1644 3065 est
1670 3027 1722 3082 pax
1739 3023 1851 3080 nostra,
1872 3018 1918 3087 qui
1939 3018 2005 3076 iecit

398 3096 682 3165 ‹Abstuleruutergu
697 3090 841 3147 iiiiiisrael
859 3089 961 3144 Baalim
981 3088 1157 3153 etdstarotlt,
1210 3101 1324 3164 utraque
1337 3110 1430 3149 unum.
1453 3097 1487 3150 Et
1511 3097 1628 3153 medium
1649 3101 1781 3170 parictem
1806 3106 1931 3161 macerie
1953 3106 2005 3163 soi·

361 3198 416 3245 tet
437 3188 595 3244 serrieruut
615 3184 730 3240 iiomiuo
745 3183 809 3238 soii,
824 3202 835 3234 r
851 3182 981 3237 Astaroth
996 3182 1158 3251 uucrpreta-
1208 3197 1285 3249 vens,
1298 3186 1455 3241 iuimicitias
1481 3188 1606 3244 incarne
1630 3205 1680 3245 sua
1703 3191 1790 3261 legem
1812 3195 2003 3255 mandatorum

359 3292 405 3337 tur
430 3281 538 3350 [acturo
576 3277 784 3348 exploratorum.
824 3274 929 3328 iiaalim
965 3273 1159 3341 iuterpretatur
1209 3272 1326 3327 decretis
1339 3288 1486 3339 evacuans,
1499 3278 1606 3332 utduos
1620 3280 1720 3334 condat
1732 3282 1759 3335 iu
1780 3285 1957 3356 semetipsum
1973 3288 2002 3348 in

359 3372 529 3427 rrceudenter
541 3372 599 3426 sire
621 3371 779 3441 superiores.
798 3368 849 3436 Qut
863 3383 929 3438 ergo
943 3382 1025 3423 verus
1036 3365 1157 3421 israelita
1210 3380 1292 3419 nuum
1307 3380 1405 3420 novum
1420 3367 1556 3423 bominem
1568 3368 1671 3425 iaciens
1684 3384 1792 3440 paecru,
1806 3381 1834 3429 et
1845 3376 2004 3433 reconciliet

358 3474 410 3528 cst,
431 3464 458 3518 id
472 3472 526 3530 est,
551 3463 592 3516 nir
613 3462 704 3516 videm
727 3460 881 3525 iiourimmr,
897 3460 954 3515 sire
972 3474 1045 3512 ment
1066 3457 1158 3511 uidem
1171 3436 1194 3498 C
1210 3458 1304 3512 ambos
1317 3458 1345 3513 in
1364 3474 1419 3514 uuo
1441 3474 1554 3529 corpore
1567 3459 1622 3516 lieo
1634 3476 1683 3531 por
1702 3477 1823 3530 crucem,
1836 3464 2003 3523 interficiens

358 3557 515 3622 bantinum,
537 3554 627 3611 aufert
639 3570 655 3608 a
668 3568 698 3609 se
710 3546 824 3608 omnem*
832 3551 966 3606 iacturam
976 3550 1155 3620 malignorum
1209 3548 1365 3603 iuimicitias
1378 3549 1404 3602 iu
1415 3550 1571 3618 semetipso,
1583 3560 1611 3606 et
1625 3553 1737 3609 veniens
1750 3555 1944 3626 erarrgelizarit
1956 3572 2004 3629 pa·

358 3624 518 3718 spirimum,
540 3645 631 3702 aulen
652 3645 813 3716 jactantiam
836 3652 919 3712 atque
940 3641 1104 3710 superbiam,
1125 3653 1156 3696 ac
1208 3654 1268 3694 cem
1278 3641 1366 3705 robis,
1376 3640 1422 3709 qui
1437 3640 1516 3712 louge
1526 3639 1627 3709 inistis,
1642 3654 1669 3698 et
1678 3659 1775 3715 pacem
1785 3646 1829 3701 bis
1841 3648 1887 3717 qui
1898 3662 2000 3719 prope:

358 3740 397 3793 sic
412 3742 512 3793 serviet
527 3738 641 3793 Domino
656 3736 718 3800 soli,
731 3736 794 3806 quia
809 3754 820 3789 r
836 3734 909 3788 uuila
922 3734 1038 3789 societas
1059 3740 1103 3788 est
1120 3732 1158 3786 iu·
1208 3730 1334 3799 quoniam
1349 3746 1399 3800 per
1413 3732 1501 3801 ipsum
1515 3733 1647 3790 babemus
1661 3749 1801 3792 accessum
1813 3739 1894 3794 ambo
1907 3739 1935 3795 iu
1946 3756 2003 3797 uno

357 3831 399 3885 cis
414 3830 447 3884 ad
464 3829 604 3892 tenebras,
617 3842 668 3882 uec
681 3825 736 3881 ulia
749 3826 896 3881 conventio
909 3824 1010 3879 Cbristi
1021 3823 1055 3879 ad
1072 3822 1157 3878 Belial
1208 3823 1311 3892 Spiritu
1322 3823 1355 3876 ad
1372 3838 1478 3894 pacem.
1498 3824 1656 3880 illactenus
1666 3826 1811 3898 Apostolus
1820 3828 1929 3902 (Epist.
1944 3830 1992 3905 uia

359 3918 402 3989 iii
423 3917 484 3972 Cor.
500 3916 549 3989 vr).
564 3936 574 3970 r
1246 3931 1255 3963 ι
1274 3911 1416 3967 iudicabat
1429 3930 1536 3985 quoque
1552 3915 1662 3972 Samuel
1685 3916 1769 3973 lsrael
1780 3920 1885 3975 cunctis
1905 3919 2007 3978 dicbus

397 4032 407 4065 r
424 4011 614 4083 iudicavitque
636 4009 747 4066 Samuel
766 4008 836 4065 itlius
847 4006 932 4063 israel
945 4006 973 4061 iu
992 4005 1127 4075 iiaspbat‚
1143 4024 1152 4057 r
1210 4021 1220 4054 ι
1238 4003 1301 4059 vite
1325 4020 1390 4058 suae.
1412 4004 1446 4060 Et
1470 4006 1527 4060 ibat
1553 4022 1602 4076 per
1623 4007 1744 4079 singulos
1762 4024 1847 4064 annos
1865 4010 2007 4068 circuiens

358 4116 412 4162 etc.
436 4104 492 4175 (Ea
506 4101 690 4174 Hieronymo.)
712 4101 834 4171 iiaspbat
852 4106 895 4154 est
911 4098 1007 4153 civitas
1031 4097 1059 4151 iu
1084 4096 1156 4152 tribu
1209 4114 1220 4146 a
1238 4094 1496 4167 Betuetmbatgata
1507 4097 1680 4168 etiiaspbat,
1692 4097 1860 4167 etjudicarit
1872 4100 2003 4157 israelem

359 4197 518 4268 iuda,apud
530 4212 612 4267 quam
623 4194 755 4250 habitavit
763 4192 871 4263 iephte,
879 4187 1156 4259 juxtaCariatbiarim
1210 4202 1220 4236 ι
1239 4185 1265 4239 in
1294 4187 1456 4255 supradictis
1480 4188 1582 4253 iocis»
1604 4198 1657 4244 etc.
1680 4188 1774 4244 Bethel
1788 4199 1830 4246 cst
1857 4192 1955 4248 civitas
1970 4193 2004 4249 in

359 4290 468 4354 urbem,
483 4288 517 4343 de
530 4303 583 4357 qua
593 4301 674 4358 supra
688 4285 812 4340 diximus.
828 4281 1077 4352 interpretaturque
1088 4278 1157 4334 iias·
1207 4276 1367 4332 duodecimo
1381 4279 1415 4332 ab
1435 4278 1620 4350 Hierosolyma
1642 4281 1742 4351 lapide,
1757 4297 1772 4336 a
1788 4284 1891 4339 dextris
1908 4283 1999 4340 eunti·
2062 4339 2065 4345 ,

357 4384 426 4453 girat
448 4378 604 4451 speculatio,
629 4377 671 4432 vei
690 4373 883 4445 contemplatio,
904 4373 962 4427 sive
975 4371 1097 4433 intentio,
1114 4369 1157 4425 vei
1206 4366 1257 4421 bus
1272 4365 1420 4438 Neapolim,
1444 4384 1505 4438 quae
1525 4370 1602 4439 prius
1616 4370 1699 4436 itura,
1724 4371 1751 4427 id
1779 4382 1831 4438 est,
1847 4374 2004 4447 amigdalon

358 4474 433 4526 iocur
456 4469 566 4540 judicii.
593 4467 697 4538 Saphat
720 4465 793 4520 cuim
816 4463 941 4534 judicare
964 4467 1016 4516 est.
1039 4460 1072 4514 Et
1088 4460 1157 4516 bene
1206 4460 1364 4526 vocabatur,
1376 4470 1405 4516 et
1416 4462 1514 4517 cecidit
1527 4462 1554 4516 iu
1568 4470 1668 4518 sortem
1684 4464 1772 4519 tribus
1782 4464 1932 4534 benjamin.
1946 4465 2005 4524 Vo⁴

358 4561 486 4617 sorrvenit
510 4561 562 4614 iste
580 4558 656 4613 iocus
670 4565 725 4612 mm
739 4563 834 4610 sancto
847 4554 916 4616 uiro,
928 4552 975 4623 qui
987 4552 1093 4623 piebem
1104 4552 1157 4607 sibi
1207 4551 1320 4607 cabatur
1333 4560 1423 4608 autem
1438 4554 1516 4623 prius
1536 4552 1609 4607 Luaa
1627 4554 1731 4618 Betbel,
1746 4562 1775 4609 ut
1791 4555 1917 4613 diximus.
1931 4555 2005 4613 Nam
2038 4623 2040 4628 ¹

357 4653 533 4709 commissam
547 4650 573 4704 in
582 4650 686 4721 justitia
696 4656 724 4704 et
733 4649 850 4703 veritate
864 4645 997 4715 judicarit
1011 4655 1038 4702 ct
1051 4659 1156 4701 summa
1206 4654 1234 4700 et
1247 4645 1299 4700 boc
1313 4646 1384 4715 quod
1407 4644 1546 4701 Betbaren
1571 4645 1643 4700 aliud
1669 4647 1797 4716 oppidum
1815 4648 2005 4717 suspicamur,

358 4743 504 4814 prudentia
527 4741 699 4813 gubemavit.
1207 4752 1260 4793 nou
1274 4738 1310 4791 ita
1321 4746 1375 4804 est,
1386 4737 1433 4792 sed
1448 4752 1482 4791 er
1494 4751 1528 4791 eo
1553 4742 1674 4807 tempore
1692 4753 1746 4807 quo
1763 4736 1799 4791 ibi
1813 4753 1828 4791 a
1842 4736 2005 4808 toroneam,

395 4853 406 4884 r
426 4832 500 4886 Tulit
523 4840 614 4885 autem
640 4829 749 4886 Samuel
771 4844 870 4901 agnum
892 4828 1039 4884 iactantem
1058 4845 1153 4894 uuum,
1166 4813 1193 4873 Ῑ)
1207 4828 1262 4884 iiiio
1284 4828 1401 4894 Nabatb,
1418 4829 1494 4884 vituli
1509 4829 1584 4884 aurei
1601 4830 1725 4885 lubricati
1748 4839 1812 4884 snut
1833 4839 1889 4886 eta
1905 4832 2005 4889 decem

361 4933 417 4978 ret
433 4922 532 4977 obtuiit
544 4922 619 4975 ilium
633 4921 821 4977 holocaustum
835 4920 959 4977 iioruiuo.
982 4920 1015 4975 Et
1028 4921 1156 4977 clamavit
1206 4922 1332 4977 tribubus
1343 4920 1462 4976 adorati
1480 4920 1539 4986 (iii
1562 4919 1627 4992 iieq.
1646 4920 1708 4992 tu),
1723 4929 1849 4976 vocatum
1867 4937 1928 4979 esse
1949 4922 2007 4978 ne«

362 5015 504 5071 rSamuei
528 5014 562 5068 ad
588 5014 730 5068 bominum
756 5027 808 5083 pro
831 5012 934 5078 israel,
963 5020 991 5066 et
1017 5013 1155 5069 exaudivit
1206 5013 1316 5078 tirarcu,
1334 5013 1360 5067 id
1385 5022 1435 5077 est,
1450 5013 1543 5067 domus
1570 5012 1645 5078 idoli,
1664 4993 1724 5083 quae
1752 5022 1832 5069 autea
1851 5015 2007 5071 vocabatur

363 5127 372 5159 a
390 5124 463 5172 oum,
483 5126 492 5158 r
509 5114 561 5160 etc.
579 5123 588 5155 ι
603 5101 781 5168 Exclamavit,
798 5101 895 5171 iuquit,
922 5101 1030 5156 Samuel
1051 5102 1085 5156 ad
1101 5101 1154 5156 iiu-
1207 5102 1305 5158 lionam
1318 5103 1377 5158 Dei.
1391 5103 1501 5175 Gaigaia
1515 5104 1572 5159 baec
1586 5111 1637 5170 cst,
1652 5119 1733 5174 quam
1747 5119 1828 5175 supra
1845 5106 2005 5174 posuimus,

362 5200 465 5252 urinum
479 5194 637 5267 proisraei,
678 5201 706 5247 et
725 5192 864 5248 exaudivit
877 5206 984 5246 cuman
1001 5191 1070 5259 Quia
1084 5191 1155 5246 oculi
1205 5193 1357 5263 Galgoi,ad
1381 5194 1540 5249 orientalem
1562 5194 1668 5266 plagam
1693 5196 1810 5266 autiquae
1831 5195 1940 5254 iericho
1959 5199 2008 5255 civ

360 5290 468 5345 iiumiui
482 5302 565 5357 super
574 5285 674 5353 iustos,
689 5292 717 5339 et
729 5298 809 5340 aures
822 5281 881 5352 eius
898 5284 932 5337 ad
953 5297 1048 5352 preces
1059 5297 1153 5337 eortina
1205 5281 1361 5349 lordauem,
1373 5284 1419 5338 ubi
1439 5281 1519 5339 iesus
1544 5286 1662 5340 seeundo
1674 5286 1803 5356 populum
1818 5288 2006 5357 circumcidit,

362 5381 449 5455 (Psoi.
462 5380 568 5450 ιιιιιι).
578 5377 629 5433 ιΕι
644 5392 706 5432 cum
719 5375 830 5432 oberret
850 5391 950 5447 agnum
965 5374 1109 5429 lactantem
1125 5373 1153 5428 in
1204 5383 1232 5428 ot
1251 5376 1351 5443 pascha
1366 5376 1525 5443 celebravit,
1540 5392 1583 5443 ac,
1597 5378 1740 5433 deiicieute
1764 5395 1873 5443 manua,
1885 5380 2008 5437 triticeis

361 5474 561 5535 buiucaustum,
574 5469 626 5524 boc
643 5475 696 5534 est,
718 5467 890 5522 innocentem
912 5467 1007 5531 vitam,
1025 5480 1074 5537 per
1090 5478 1155 5519 eou-
1203 5467 1395 5535 panibususus
1409 5468 1623 5541 estisraei(.ior.
1640 5471 1678 5540 v).
1690 5470 1717 5523 iu
1739 5470 1797 5540 ipso
1821 5470 1881 5526 looo
1896 5471 2007 5542 lapidee

362 5561 504 5617 tinentiam
524 5557 669 5614 salutarem
693 5558 809 5613 bostiam
822 5555 938 5611 Domino
965 5555 1105 5618 mactavit,
1121 5568 1154 5609 ac
1205 5571 1314 5626 quoque
1326 5574 1395 5627 qnos
1414 5560 1447 5614 de
1463 5560 1540 5615 alveo
1553 5559 1816 5625 lurdauistuicraut,
1834 5565 2002 5627 statuerunt,

362 5658 425 5727 igue
443 5650 584 5708 charitatis
605 5649 759 5705 inodorcur
779 5649 921 5705 suavitatis
942 5655 1027 5702 totam
1041 5661 1154 5702 concre-
1207 5645 1252 5699 ubi
1267 5648 1507 5703 ettairemacuium
1519 5651 1666 5705 testimonii
1680 5650 1762 5704 fixum
1778 5652 1862 5705 uruito
1878 5660 2002 5720 ternpore

362 5748 457 5804 magn,
1208 5735 1259 5790 init
1270 5737 1337 5808 (los.
1350 5737 1398 5810 ιν).
1409 5737 1512 5794 Cecidit
1524 5748 1615 5795 auteur
1625 5741 1652 5795 iu
1664 5749 1764 5795 sortem
1780 5742 1867 5796 tribus
1878 5740 1957 5807 iuda,
1970 5750 2000 5796 et

400 5858 410 5890 r
428 5836 595 5894 decedentes
607 5833 765 5905 alienigenae
784 5833 817 5889 ad
831 5848 948 5905 pugnam
963 5843 1057 5890 contra
1069 5848 1155 5906 popu·
1207 5828 1359 5883 ostenditur
1374 5844 1460 5898 usque
1472 5830 1552 5885 bodie
1573 5829 1650 5885 iocus
1673 5829 1797 5884 desertus
1811 5828 1968 5883 insecundo
1981 5845 1999 5883 a

366 5950 376 5983 ι
393 5928 449 5982 iuru
461 5925 578 5991 bomini,
592 5924 710 5979 intonuit
724 5922 854 5979 Dominus
866 5938 948 5993 super
966 5938 1024 5988 eos,
1045 5933 1073 5980 et
1087 5939 1152 5979 eou-
1207 5917 1316 5974 tertcbo
1338 5919 1472 5985 milliario,
1488 5922 1521 5976 ab
1536 5920 1609 5977 iilius
1624 5920 1742 5989 regionis
1756 5919 1914 5975 mortalibus
1929 5920 2002 5977 miro

365 6039 379 6073 ι
393 6018 446 6076 iusi
459 6025 533 6083 sum,
544 6024 571 6073 et
583 6016 754 6073 offenderunt
768 6022 863 6071 contra
884 6016 967 6072 israci
978 6024 1059 6087 atque
1072 6031 1153 6088 supe-
1208 6014 1282 6069 cuitu
1295 6014 1413 6069 babitus.
1429 6013 1482 6070 Sed
1495 6025 1522 6069 et
1529 6013 1607 6084 juxta
1617 6011 1708 6070 Betiul
1720 6013 1829 6083 aquidum
1844 6014 1924 6069 aliam
1935 6014 1995 6070 Gai·
