4709 6767
352 631 403 689 aar
670 621 700 676 n.
719 616 845 673 nlrtau
866 611 973 669 ttaum
993 571 1150 665 ausurae.
1171 599 1326 659 noema.
1348 597 1490 656 orenuu
1508 596 1600 652 rans
1619 595 1640 649 t.
1925 595 1978 655 ω

331 732 334 742 '
351 741 417 797 totis
428 737 559 793 babieue.
573 730 706 799 Quaritur
717 743 781 796 ergo
792 743 840 782 cor
851 725 878 779 iu
893 722 1041 792 Scripturis
1054 718 1138 775 sacris
1152 721 1177 778 Α
1480 709 1594 765 cletta
1614 708 1682 763 ili.

353 841 490 898 uutruuam
510 824 565 878 iere
583 822 616 875 de
636 818 767 890 sapientia
785 816 929 887 quidquam
949 810 1137 876 dicatur‚nisi
1190 823 1324 890 smnus„
1343 821 1457 892 ioquin,
1478 821 1619 890 pompam
1633 836 1709 873 ,m
1732 830 1757 876 α
1779 821 1981 892 4„me
2033 890 2036 896 Α

353 929 384 975 ut
397 918 554 975 ostcmiatur
567 930 582 967 a
598 914 652 967 lieo
670 912 759 982 genita
774 908 815 964 vcl
834 906 943 963 ereata?
956 904 1045 976 genita
1063 902 1137 958 seili-
1376 907 1481 961 operum
1494 906 1602 944 suoram
1617 907 1676 944 cam
1696 887 1786 945 Patre.

354 1021 397 1069 cot
407 1054 414 1073 .
426 1026 474 1081 per
487 1023 565 1079 quem
586 1007 655 1060 laeta
669 1010 731 1059 suut
742 1003 847 1063 omnia:
860 1008 951 1055 creata
966 1014 1030 1052 vcro
1044 996 1084 1051 vel
1100 997 1140 1050 ia·
1228 1022 1237 1053 r
1254 1003 1295 1056 Ab
1313 1003 1389 1057 initio
1412 1009 1474 1057 anto
1500 1001 1627 1057 emulum
1649 1010 1740 1058 creata
1755 1018 1827 1069 sum,
1852 1012 1881 1059 et
1896 1019 1983 1073 usque

355 1111 409 1165 cta,
423 1102 493 1155 sicut
508 1099 533 1151 in
548 1096 701 1151 bominibus
712 1108 774 1148 euru
789 1092 894 1146 adeam
907 1105 968 1161 qtae
982 1094 1139 1143 uouereata
1193 1112 1202 1145 a
1220 1095 1253 1147 :ut
1269 1094 1388 1149 futurum
1408 1094 1534 1149 evurtium
1549 1109 1602 1149 non
1625 1095 1756 1161 desinam,
1772 1103 1799 1149 et
1825 1095 1854 1149 in
1872 1096 1980 1152 papiu.

354 1202 380 1246 et
394 1190 474 1246 iacta.
489 1188 534 1242 sed
547 1186 635 1256 genita
650 1194 701 1248 est,
716 1189 911 1238 coutermntur
923 1189 950 1235 et
961 1179 1138 1233 illustrantur.
1192 1204 1201 1235 r
1222 1187 1294 1238 tione
1317 1193 1410 1239 saneta
1424 1200 1516 1240 coram
1532 1186 1589 1256 ipso
1604 1186 1789 1242 ministravi„
1802 1186 1920 1243 ,Ειρῃη
1934 1187 1981 1243 ω

355 1283 421 1352 ipsis
433 1282 504 1335 enim
520 1279 549 1333 llt
567 1278 666 1347 aliquid
680 1278 750 1346 qrrod
763 1284 875 1331 vocetur
890 1288 982 1328 eorum
997 1270 1139 1340 sapientia,
1190 1274 1321 1344 sapientia
1334 1275 1457 1331 Christus
1481 1284 1681 1332 sacramentum
1707 1278 1904 1335 incarnationis
1926 1294 1982 1335 sua}

355 1374 395 1427 vel
415 1372 478 1426 illud
497 1370 645 1441 Scripturis
663 1367 904 1439 praenuntiantibus
924 1374 970 1419 aut
988 1362 1140 1417 enarranti·
1191 1374 1253 1418 autc
1266 1365 1361 1419 secula
1383 1367 1537 1436 praescitum
1552 1375 1579 1422 et
1599 1367 1820 1437 praedestinatum
1832 1382 1895 1424 esse
1914 1366 1983 1423 affir-

355 1464 415 1528 bus,
429 1461 499 1531 quod
517 1480 526 1512 ι
544 1461 660 1516 Verbum
675 1473 739 1515 caro
752 1457 852 1538 taetram
865 1465 916 1520 est,
931 1464 958 1510 et
972 1453 1103 1509 habitavit
1113 1453 1139 1506 in
1190 1462 1247 1507 mat
1263 1472 1269 1506 :
1285 1452 1415 1521 cuiusuis
1429 1469 1514 1523 usque
1530 1456 1557 1508 iu
1580 1455 1706 1510 saeculum
1719 1456 1779 1511 sino
1800 1456 1856 1511 ullo
1873 1458 1917 1511 sui
1937 1457 1981 1513 de·

354 1555 458 1610 nobis:
482 1572 492 1604 r
513 1553 564 1606 boc
581 1550 661 1605 modo
680 1550 751 1603 euim
765 1546 889 1605 Christus
904 1545 991 1599 laetus
1009 1541 1150 1612 sapientia
1190 1540 1261 1596 iectu
1279 1551 1429 1612 permanet,
1452 1553 1479 1597 et
1497 1538 1707 1611 inhabitatione
1729 1554 1832 1602 sanem
1854 1546 1982 1603 ΜΝ,

354 1653 406 1708 εει,
418 1643 481 1714 paria
497 1641 582 1695 laetus
593 1648 634 1695 est
645 1640 734 1694 homo.
750 1638 790 1691 An
802 1643 941 1707 propterea
956 1650 1009 1688 non
1023 1632 1141 1702 loquitur
1190 1648 1297 1687 omnem
1310 1634 1389 1688 ritum
1402 1649 1473 1701 vere
1486 1633 1623 1706 religionis
1635 1636 1785 1692 ordinando
1798 1637 1931 1708 disponit.
1945 1639 1982 1695 lie

354 1736 450 1792 inillis
469 1734 545 1788 libris
567 1732 715 1803 sapientia,
736 1729 777 1784 vel
798 1728 830 1782 de
849 1726 890 1780 illa
910 1726 1008 1780 dicitur
1028 1723 1138 1793 aliquid,
1190 1738 1244 1791 quo
1258 1722 1345 1777 adhue
1357 1722 1498 1777 subditur:

354 1826 406 1880 uisi
424 1823 494 1894 quoti
515 1838 573 1877 eam
594 1822 627 1876 de
646 1819 701 1874 tteo
720 1827 810 1873 uatam
825 1817 949 1871 ostendat
965 1821 1013 1869 aut
1029 1813 1139 1878 laetam,
1228 1832 1238 1862 r
1256 1813 1337 1868 Etsic
1351 1813 1376 1867 in
1392 1812 1456 1868 Sion
1473 1816 1578 1870 llrmata
1590 1830 1661 1881 sum,
1675 1825 1702 1872 ct
1715 1817 1866 1875 incivitate
1879 1822 1981 1878 sancti·

355 1915 478 1986 uuamvis
493 1914 527 1968 sit
541 1922 567 1967 et
582 1912 664 1966 Pater
676 1910 732 1980 ipse
746 1908 896 1978 sapientia?
912 1907 975 1976 quia
990 1906 1016 1959 in
1031 1904 1075 1957 illa
1089 1917 1139 1957 no·
1193 1922 1202 1953 r
1223 1903 1301 1958 licata
1316 1905 1441 1959 similiter
1451 1907 1580 1975 requievi,
1592 1917 1620 1962 et
1639 1907 1666 1962 in
1683 1908 1853 1966 Hierusalem
1863 1923 1983 1983 patmus

355 2007 396 2060 bis
410 2003 540 2074 sapientia
554 2000 766 2056 eouuuendanda
780 2004 840 2052 erat
858 2005 885 2051 et
904 1995 1048 2059 imitanda,
1063 1992 1140 2062 cujus
1194 2013 1204 2046 r
1222 2010 1290 2049 anea.
1303 1996 1335 2049 Et
1350 1995 1466 2051 radicavi
1480 1998 1506 2051 in
1518 1999 1616 2068 populo
1627 1999 1816 2060 honorificato.
1827 2011 1857 2056 et
1869 2003 1897 2057 in
1908 2013 1983 2073 parte

355 2096 504 2150 imitatione
518 2092 667 2146 lormamur
683 2105 691 2143 τ
706 2089 787 2143 Pater
798 2089 870 2142 enim
885 2102 944 2141 eam
957 2086 1022 2139 dicit
1036 2094 1065 2138 ut
1077 2085 1140 2139 ten
1154 2072 1176 2129 Β
1193 2103 1203 2136 r
1223 2085 1269 2139 liei
1282 2085 1333 2139 mci
1348 2086 1584 2153 teretinatibus,
1606 2098 1632 2142 et
1648 2089 1674 2142 io
1691 2089 1860 2158 plenitudine
1875 2103 1980 2149 saneto

355 2186 418 2239 bum
429 2184 487 2251 ejus
503 2184 547 2245 sit,
563 2197 614 2235 riou
628 2180 762 2249 quomodo
775 2178 909 2247 protertur
921 2192 953 2231 cx
967 2190 1014 2229 ore
1028 2176 1138 2228 verbum
1191 2195 1201 2225 r
1221 2191 1279 2229 rum
1292 2177 1409 2231 detentio
1423 2192 1492 2231 urea.
1507 2199 1515 2230 r
1534 2177 1598 2233 Sion
1613 2180 1695 2250 igitur
1705 2190 1732 2235 ct
1746 2181 1919 2238 llierusalcm
1930 2199 1981 2240 noa

356 2291 456 2332 suivans
470 2281 516 2327 aut
530 2283 592 2327 aute
612 2270 856 2341 pronuntiationem
877 2267 1020 2338 cogitatur.
1040 2264 1140 2335 Spatiis
1189 2267 1269 2319 aliam
1285 2267 1435 2337 signiticant
1449 2283 1529 2337 quam
1546 2270 1683 2325 civitatem
1697 2272 1754 2338 bet,
1767 2284 1896 2329 sanctam
1911 2276 1982 2330 vius.

355 2368 427 2422 euim
446 2375 595 2434 temporum
615 2364 666 2417 boc
684 2361 846 2430 completur,
870 2359 933 2413 illutl
954 2366 1043 2412 autent
1063 2364 1138 2411 aeter·
1190 2355 1417 2420 licetEeclesiam,
1434 2372 1523 2426 quma
1545 2359 1632 2428 primo
1645 2360 1732 2415 electo
1745 2378 1832 2431 usque.
1848 2364 1876 2417 iu
1898 2365 1983 2420 noris-

356 2477 419 2516 num
437 2469 493 2523 est;
514 2466 541 2512 ει
559 2454 735 2510 illuminando
753 2453 817 2507 dicit
836 2451 914 2506 nobis
933 2460 960 2505 ει
975 2450 1008 2506 de
1023 2464 1052 2503 se
1067 2457 1095 2503 ει
1107 2448 1140 2502 tie
1190 2446 1288 2501 simum
1306 2446 1473 2502 edilieatur:
1489 2448 1523 2503 dc
1539 2465 1591 2520 qua
1605 2466 1654 2520 per
1671 2450 1845 2508 psalmistam
1866 2455 1982 2510 dicim„

355 2552 435 2605 Patre
446 2549 517 2619 qrrotl
537 2547 678 2601 dieeutlum
699 2554 742 2598 est
761 2543 924 2598 bominibus.
944 2542 1059 2611 ideoque
1076 2542 1138 2594 ait:
1193 2534 1383 2590 ‹llicrusalcm
1404 2552 1464 2605 qum
1475 2538 1623 2594 :edificatur
1637 2550 1666 2594 ut
1686 2542 1793 2608 civitas,
1813 2544 1984 2616 eujusparti·

359 2660 368 2691 r
386 2639 469 2694 Nemo
484 2638 557 2692 novit
577 2636 673 2690 lilium
688 2634 739 2689 nisi
754 2634 848 2698 Patcr;
864 2642 892 2688 et
905 2647 985 2687 ncmo
1003 2632 1078 2686 uovit
1090 2631 1141 2685 Pa-

358 2741 425 2785 trem
441 2729 491 2782 nisi
507 2728 601 2791 Filius,
616 2733 641 2780 et
653 2725 695 2781 cui
709 2725 823 2779 voluerit
836 2724 920 2778 lilius
931 2722 1050 2777 revelare
1064 2720 1139 2793 (buc.

357 2819 385 2890 x)
403 2836 410 2873 t
429 2837 438 2869 r
454 2818 516 2889 qiua
533 2832 581 2886 per
594 2815 690 2870 Filium
701 2814 899 2876 revelatPater,
912 2812 938 2867 itl
950 2821 1001 2877 cst,
1015 2828 1064 2882 per
1076 2813 1141 2867 Ver·

1190 2628 1288 2696 cipatio
1310 2628 1369 2698 ejus
1393 2629 1419 2682 ln
1444 2629 1561 2699 idipsum
1583 2631 1791 2708 (Psalmi).
1813 2637 1873 2692 »Et
1901 2640 1983 2694 item:

1194 2735 1204 2768 a
1218 2716 1414 2780 Fundamenta,
1429 2718 1525 2787 inquit,
1536 2718 1594 2787 ejus
1604 2722 1631 2775 in
1644 2723 1781 2779 montibus
1794 2727 1912 2792 sanetis,
1929 2728 1985 2782 dili·

1192 2809 1230 2879 git
1253 2809 1381 2865 Dominus
1393 2819 1484 2879 portas
1505 2811 1569 2866 Sion
1587 2829 1668 2885 super
1690 2817 1781 2870 omnia
1809 2818 1983 2876 tabernacula

357 2913 420 2969 bum
434 2927 522 2967 suum.
538 2910 566 2964 Si
583 2910 655 2964 enim
672 2909 723 2963 hoc
736 2908 861 2972 verbum,
878 2906 949 2976 quod
963 2921 1013 2961 nos
1026 2903 1141 2975 protert-
1191 2897 1284 2954 Jacob·
1309 2896 1431 2955 Gloriosa
1446 2900 1516 2955 dicit
1530 2912 1593 2957 sunl
1616 2905 1648 2958 tle
1670 2915 1706 2969 lt,
1721 2906 1821 2963 civitas
1832 2909 1882 2963 Dei
1900 2907 1984 2981 (eut.

357 2975 427 3066 mus,
438 2999 584 3070 temporale
594 3009 620 3054 ct
634 2998 817 3054 transitorium
827 3006 878 3062 est,
890 3005 918 3051 et
927 2997 1044 3065 seipsum
1055 3004 1142 3051 osten·
1192 2989 1312 3062 uniit).
1335 3010 1344 3042 a
1359 2989 1386 3044 ln
1405 2991 1455 3081 bac
1478 3008 1542 3063 crgo
1554 2994 1685 3064 sapientia
1698 2995 1745 3050 Dei
1760 2997 1887 3065 quotidie
1898 2997 1986 3055 frumi-

357 3092 406 3153 dit,
422 3100 450 3144 et
462 3089 525 3143 illud
541 3089 573 3143 de
586 3103 639 3156 quo
651 3088 796 3156 loquimur,
810 3093 912 3156 qrrauto
924 3085 1009 3153 magis
1024 3084 1141 3139 Verbum
1192 3081 1265 3147 sucat,
1281 3083 1343 3153 quia
1356 3082 1456 3138 eleetos
1470 3099 1533 3139 suos
1546 3085 1572 3139 in
1587 3087 1715 3141 unitatem
1734 3086 1797 3141 fidei
1812 3102 1870 3142 suae
1889 3088 1985 3143 ibidem

357 3182 420 3246 liei,
436 3195 484 3250 per
497 3180 567 3249 qarotl
582 3179 651 3233 laeta
668 3187 727 3234 sunt
748 3179 854 3236 omnia?
875 3179 945 3252 qrrod
964 3178 1002 3231 ita
1024 3176 1143 3232 ostendit
1193 3181 1351 3244 congregem
1366 3174 1401 3229 ibi
1414 3182 1442 3228 ct
1456 3175 1610 3245 requiescit,
1623 3177 1685 3246 quia
1699 3186 1858 3233 sanctorum
1877 3194 1985 3234 suorum

357 3271 463 3328 Patrem
477 3270 555 3328 sicuti
569 3283 610 3328 est
621 3271 710 3338 Pater,
723 3272 785 3342 quia
796 3280 823 3329 ct
837 3272 924 3341 ipsum
939 3272 976 3327 ita
988 3278 1038 3336 est,
1053 3275 1079 3325 ct
1091 3266 1143 3321 boe
1192 3266 1235 3337 pia
1249 3267 1396 3322 intentione
1414 3275 1442 3322 ct
1452 3267 1522 3322 bona
1539 3269 1681 3324 devotione
1704 3270 1920 3326 exhilarescit«
1937 3271 1985 3327 Str·

357 3374 398 3421 est
414 3366 483 3435 quod
496 3365 592 3432 Pater,
606 3364 751 3420 secundum
767 3366 838 3434 qttotl
858 3365 987 3434 sapientia
1006 3371 1047 3419 est
1060 3372 1088 3418 et
1099 3377 1141 3418 cs·
1193 3370 1242 3426 tlt-¹·
1253 3371 1344 3425 (litent,
1361 3356 1457 3427 inquit,
1472 3358 1617 3427 requiescit
1639 3358 1751 3429 spiritus
1764 3375 1855 3425 meus,
1871 3361 1925 3416 nisi
1944 3377 1984 3417 Μ·

357 3458 453 3512 sentia.
474 3456 541 3511 Nam
562 3458 707 3512 secundum
725 3457 796 3526 quod
819 3455 934 3511 Verbum
955 3471 1008 3510 non
1030 3455 1082 3511 boc
1100 3417 1177 3510 estC
1192 3461 1241 3517 per
1264 3446 1391 3500 humilem
1415 3455 1443 3502 el
1468 3447 1588 3516 quletum
1611 3456 1639 3502 el
1658 3458 1820 3504 trementem
1846 3466 1983 3507 sermones

357 3551 428 3620 quod
441 3550 531 3614 Pater,
543 3550 607 3620 quia
621 3548 738 3605 Verbum
753 3564 807 3604 ooo
822 3555 864 3603 est
878 3547 970 3613 Pater,
983 3556 1010 3601 ct
1023 3546 1141 3601 Verbum
1191 3538 1283 3593 moos?
1297 3558 1305 3589 r
1324 3536 1359 3591 lbi
1375 3544 1402 3591 ει
1426 3545 1546 3605 potestas
1562 3535 1621 3605 eius
1635 3537 1835 3605 miniseslalssb
1863 3542 1928 3610 (1⁰5²
1941 3540 1985 3596 ihi·

358 3639 470 3694 relative
484 3639 592 3702 dicitur,
606 3639 675 3694 sieut
686 3638 780 3705 Filius,
792 3638 863 3708 qarod
873 3639 967 3708 utique
980 3652 1033 3691 rton
1045 3635 1139 3701 Pater;
1192 3630 1252 3684 dem
1262 3629 1386 3684 volumtas
1398 3629 1456 3700 ejus
1467 3630 1573 3685 assidue
1591 3629 1763 3700 adimpletur.
1773 3631 1904 3689 Potestas
1916 3634 1982 3689 enim

358 3740 385 3783 et
402 3730 461 3783 ideo
474 3727 596 3783 Christus
612 3730 696 3783 virtus
710 3738 737 3783 et
751 3730 883 3799 sapientia
898 3728 956 3793 Dei,
969 3728 1031 3797 quia
1046 3726 1079 3781 de
1093 3726 1143 3780 Pa·
1193 3720 1240 3775 Dei
1256 3719 1318 3776 licet
1331 3737 1463 3791 ttusquarn
1476 3723 1554 3789 desit,
1567 3723 1630 3793 quia
1645 3723 1734 3778 omnia
1749 3740 1923 3797 quaeeunque
1933 3728 1983 3783 vait

359 3830 400 3873 tre
412 3819 511 3872 virtute
521 3826 548 3873 et
560 3819 700 3888 sapientia,
714 3819 794 3874 etiam
807 3819 865 3889 ipse
879 3818 963 3872 virtus
974 3826 1001 3872 et
1012 3816 1143 3887 sapientia
1194 3808 1258 3863 facil
1277 3810 1303 3863 5¹¹
1327 3811 1396 3866 coelo
1411 3812 1479 3866 015ss
1497 3820 1582 3879 lem,
1605 3813 1634 3867 5¹¹
1657 3814 1726 3870 mail
1758 3823 1787 3868 θῑ
1810 3816 1838 3869 ἰιι
1861 3818 1983 3872 Omnibta'

358 3920 415 3975 est,
435 3912 505 3965 sicut
523 3910 610 3964 lumen
626 3911 672 3964 ilci
693 3909 726 3964 tle
740 3909 820 3964 Patre
837 3909 952 3973 lumioc;
968 3915 995 3963 et
1009 3906 1070 3962 lous
1082 3907 1143 3960 vite
1194 3900 1314 3971 abyssis3
1329 3909 1419 3956 tamen
1433 3904 1469 3958 ibt
1493 3904 1611 3959 maxime
1626 3904 1758 3969 clarescit,
1777 3908 1823 3962 ubl
1838 3919 1984 3980 praecepto-

359 4002 429 4070 apud
442 4000 525 4055 licum
539 4000 760 4069 Patrem,utique
774 3999 873 4053 iontem
885 4000 946 4052 ritae
961 4016 968 4050 :
984 4016 993 4049 t
1011 3997 1143 4063 Quoniam
1194 4009 1253 4046 rum
1271 3994 1329 4063 ejus
1342 3994 1464 4049 custodia
1487 3996 1622 4067 precipue
1640 3998 1814 4054 convalescit.
1835 4019 1844 4051 ι
1861 4001 1897 4055 Ει
1921 4002 1984 4057 radi

358 4091 428 4160 :rprud
438 4100 475 4155 te,
488 4091 585 4160 inquit,
597 4091 655 4143 lons
665 4090 737 4152 vitae,
748 4097 775 4143 et
788 4090 814 4143 in
826 4090 926 4144 lumine
937 4098 982 4144 tuo
994 4088 1144 4144 videbimus
1194 4085 1252 4138 ravi
1278 4087 1304 4139 iu
1318 4085 1415 4155 populo
1427 4087 1612 4153 honorificato,
1627 4097 1655 4144 et
1667 4090 1693 4143 in
1708 4100 1787 4159 parte
1801 4091 1847 4146 [tei
1865 4093 1920 4148 mei
1933 4093 1984 4148 ba·

358 4182 448 4236 ltttuen
464 4179 549 4253 (Paul.
565 4180 658 4251 xxxv),
672 4181 735 4251 quia
749 4181 819 4235 sieut
832 4180 913 4236 Pater
925 4181 1006 4236 babet
1019 4181 1101 4235 vitam
1117 4181 1143 4235 in
1195 4174 1295 4233 reditas
1318 4175 1398 4241 illitis,
1414 4184 1441 4231 el
1456 4176 1482 4230 in
1497 4176 1661 4247 plenitudine
1685 4186 1844 4234 tattciot'ttttt
1867 4181 1984 4237 detentio

358 4272 565 4340 semctipso,bic
575 4270 647 4325 dedit
657 4270 723 4325 Filio
733 4271 833 4326 haltere
844 4271 924 4325 vitam
934 4271 1141 4340 insemetipso.›
1195 4281 1264 4320 ntea.
1280 4285 1289 4317 r
1306 4266 1333 4320 lu
1347 4267 1445 4337 populo
1460 4268 1649 4333 lroooriltcato,
1665 4270 1730 4324 dicit
1752 4270 1780 4324 io
1799 4271 1900 4341 populo
1914 4271 1983 4327 Cbri·

359 4361 436 4427 erotl
452 4362 636 4425 autemdicit,
660 4379 670 4412 r
686 4361 714 4414 lu
729 4360 811 4415 iacob
830 4361 968 4427 inhabita,
980 4371 1007 4415 et
1022 4362 1048 4415 in
1062 4361 1144 4415 lsrael
1195 4356 1302 4411 stiauo:
1325 4357 1370 4425 orti
1395 4359 1512 4413 nominis
1533 4357 1591 4426 ejus
1614 4360 1711 4430 insigni
1735 4364 1874 4430 preconio
1890 4363 1984 4419 meruit

359 4453 535 4517 hereditare,
556 4473 564 4504 r
580 4465 626 4509 aut
647 4455 710 4509 illuri
730 4454 856 4524 exprimit
873 4454 944 4523 quod
960 4454 1145 4509 incarnatione
1195 4448 1338 4515 honoram
1353 4452 1399 4520 qul
1412 4468 1475 4522 pars
1486 4450 1544 4521 ejus
1556 4462 1583 4507 et
1594 4453 1738 4509 baereditas
1751 4456 1865 4522 dicitur,
1880 4459 1943 4527 quia
1953 4458 1982 4513 ad

359 4544 509 4599 salvatoris
527 4546 624 4615 populo
640 4546 751 4602 ludaico
766 4546 970 4617 presentialiter
981 4547 1019 4600 uti
1035 4562 1145 4602 conces·

360 4652 421 4690 aum
436 4644 493 4701 est,
511 4636 651 4705 sicutipse
666 4637 699 4691 ad
710 4636 870 4693 Canauaeam
887 4637 1025 4693 mulierem
1037 4653 1145 4709 respon·

1196 4552 1295 4597 sortem
1308 4546 1367 4612 eius
1391 4554 1461 4599 mter
1475 4560 1569 4601 omncs
1588 4547 1713 4602 nationes
1727 4549 1821 4604 muntii
1845 4550 1904 4619 ipse
1916 4549 1983 4605 solut

1195 4634 1323 4703 pertinet,
1338 4644 1366 4689 et
1380 4636 1406 4689 in
1419 4636 1586 4706 plenitudine
1604 4646 1759 4693 sanctorum
1775 4641 1898 4697 detentio
1908 4640 1981 4711 cius:

360 4730 427 4781 ‹teus
441 4728 478 4780 ait
493 4746 499 4780 :
517 4746 526 4777 t
545 4726 601 4781 Nou
618 4744 676 4781 sum
689 4729 851 4784 missusoisi
865 4730 1046 4799 odoresque
1059 4730 1144 4798 peric·
1159 4764 1185 4823 Ι)
1196 4724 1322 4792 quoniam
1337 4724 1373 4779 illi
1397 4727 1517 4781 membra
1532 4728 1726 4797 suutcorporis
1736 4728 1806 4798 ejus,
1819 4730 1878 4799 ipse
1895 4730 1977 4785 Stom

361 4825 422 4870 rant
440 4818 536 4872 domus
555 4816 634 4872 lsrael
651 4817 757 4889 (lietb.
774 4818 840 4889 ari:
860 4839 868 4870 r
885 4828 912 4874 ct
930 4818 962 4873 atl
977 4820 1121 4889 discipulos
1138 4839 1144 4873 :

363 4927 372 4955 r
392 4906 419 4960 ln
432 4908 513 4971 uiant,
528 4907 624 4975 iniquit,
639 4908 757 4977 genitium
772 4923 805 4960 ne
818 4906 950 4973 abieritis,
965 4917 993 4962 et
1006 4910 1032 4962 in
1049 4910 1145 4963 cirita·

363 5010 403 5054 tes
418 5009 444 5053 ct
456 4997 685 5053 Samaritanorum
700 5014 733 5051 ne
751 4997 933 5062 intraveritis3
948 4999 995 5051 sed
1008 5000 1097 5067 potius
1111 5001 1146 5054 itc

363 5090 396 5143 :ul
416 5106 479 5144 ores
497 5106 557 5159 quae
576 5089 714 5158 perierunt
736 5088 831 5142 domus
848 5086 930 5142 lsrael
946 5086 1052 5159 (Marti.
1075 5087 1113 5157 a).
1133 5109 1142 5141 a

318 5231 321 5236 ,
365 5179 440 5236 lludc
453 5190 479 5236 ει
492 5182 518 5235 in
532 5180 680 5236 Jerusalem
694 5180 857 5251 primitivam
870 5178 1016 5235 electorum
1030 5178 1076 5234 bet
1092 5180 1146 5249 pri·

365 5266 445 5319 tuitus
468 5267 587 5321 trtrtdavit
606 5268 771 5332 Ecclesium3
791 5276 837 5321 ant
856 5267 907 5322 boc
925 5268 1059 5338 sigrrillcat
1077 5269 1148 5337 quod

365 5371 417 5410 non
433 5355 518 5410 solum
533 5371 565 5410 ex
586 5358 682 5425 populo
702 5359 804 5426 priore,
822 5358 869 5412 sed
884 5358 966 5412 etiam
977 5373 1011 5411 ει
1025 5358 1149 5428 gentibus

365 5445 442 5500 electi
455 5445 503 5499 Dei
516 5447 680 5500 convocandi
692 5457 778 5500 eraut.
790 5445 872 5502 Jacob
884 5448 954 5501 euim
965 5448 1108 5516 aliquando
1121 5448 1148 5502 iu

365 5536 505 5606 Scriptura
519 5550 568 5604 pro
578 5536 688 5605 antiquo
701 5536 748 5590 ttet
766 5535 865 5605 populo
880 5538 982 5606 positus
997 5538 1147 5602 iuvenitur;

364 5626 445 5682 lsrael
471 5634 561 5680 autem
582 5641 631 5696 pro
650 5624 725 5695 plebe
749 5626 884 5695 sequenti,
906 5625 958 5680 boc
983 5636 1026 5680 est
1045 5628 1147 5696 gentili.

366 5719 442 5774 Unde
461 5720 488 5773 in
508 5718 611 5788 psalmo
629 5717 759 5786 scriptum
777 5726 818 5772 est
837 5736 843 5770 :
868 5717 1107 5772 ‹Lateturlacolt
1122 5730 1150 5775 et

365 5811 481 5866 restillet
493 5809 573 5866 lsrael
585 5808 671 5880 (Psoi.
687 5825 747 5873 ειη,
761 5807 862 5878 extra).
879 5827 888 5859 a
904 5808 943 5861 Ex
958 5817 1071 5876 utroque
1086 5823 1150 5877 ergo

366 5901 462 5970 paritulo
479 5901 558 5957 electi
580 5900 627 5957 oet
645 5902 678 5956 ad
700 5901 778 5955 iidem
798 5899 897 5955 Christi
916 5900 1055 5955 corrvocati
1076 5909 1148 5968 sunt,

366 6000 392 6044 ει
406 5991 532 6047 doctrinae
546 5991 680 6062 Evangelii
696 5991 770 6046 radix
789 5990 815 6045 in
833 5990 872 6046 eis
890 5991 1005 6045 litoteta.

1199 4829 1243 4867 nra
1258 4814 1284 4867 in
1296 4816 1430 4869 omuibus.
1444 4816 1520 4870 Nullo
1534 4817 1702 4887 igiturutodo
1716 4819 1914 4876 berretieeotius
1924 4836 1983 4876 ooa-

1199 4902 1249 4957 suli
1265 4905 1351 4973 potuit
1366 4906 1457 4975 generi
1479 4906 1607 4972 humano,
1621 4922 1702 4976 quam
1723 4923 1785 4963 curo
1803 4910 1862 4978 ipsa
1886 4909 1933 4964 Ilei
1947 4925 1982 4966 sa·

1198 4996 1308 5065 pientia,
1325 4996 1404 5051 idest
1418 4998 1607 5055 unicusi'ilios
1619 5001 1860 5057 consubstantialis
1876 5002 1982 5058 Patriet

1199 5093 1348 5139 coaeternus
1362 5094 1447 5141 totum
1469 5086 1606 5143 hominem
1629 5088 1767 5159 suscipere
1785 5090 1980 5161 dignatusest:

1201 5197 1211 5227 r
1227 5178 1259 5230 Et
1271 5177 1387 5232 Verbum
1400 5193 1464 5233 earo
1478 5178 1577 5233 lactum
1592 5188 1644 5244 cst,
1655 5188 1683 5233 ct
1696 5179 1827 5234 habitavit
1839 5181 1980 5238 introitis.»

1201 5267 1238 5321 lta
1251 5269 1324 5322 enim
1342 5269 1536 5323 demonstravit
1557 5270 1711 5324 carnalibus
1723 5281 1750 5325 et
1769 5285 1824 5325 non
1837 5271 1983 5329 valentius

1201 5358 1300 5414 intueri
1322 5365 1412 5413 mente
1423 5359 1575 5424 veritatem,
1589 5360 1781 5428 corporeisque
1803 5361 1930 5417 sensibm
1945 5360 1983 5415 de

1201 5450 1273 5514 ditis,
1286 5464 1367 5518 quam
1387 5449 1524 5504 excelsum
1538 5449 1626 5504 locum
1646 5451 1717 5503 iuter
1729 5459 1873 5507 creaturas
1893 5453 1983 5507 babeat

1201 5538 1318 5592 bumana
1332 5547 1437 5602 natura,
1453 5538 1525 5608 quod
1544 5553 1597 5592 uon
1615 5538 1700 5593 solam
1711 5539 1867 5595 visibiliter.
1883 5540 1982 5598 Naroid

1203 5635 1308 5698 poterat
1331 5638 1358 5682 et
1381 5628 1407 5680 iu
1429 5628 1517 5698 aliquo
1529 5630 1647 5684 aetbereo
1661 5644 1776 5700 corpore
1788 5631 1822 5686 ad
1835 5640 1983 5687 nostramet

1204 5726 1359 5787 aspectuum
1373 5717 1544 5772 tolerantiam
1555 5728 1713 5789 temperato,
1727 5720 1777 5776 sed
1797 5720 1951 5778 homiuibus
1960 5720 1983 5774 ic

1203 5823 1266 5862 vero
1281 5808 1389 5863 bomine
1400 5809 1533 5878 apparuit.
1548 5808 1608 5877 lpsa
1620 5810 1693 5864 eninr
1702 5817 1801 5865 natura
1820 5808 1983 5881 suscipienda

1202 5910 1270 5961 erat,
1287 5914 1347 5968 que
1374 5899 1527 5963 liberanda;
1546 5908 1573 5953 et
1588 5914 1623 5954 ne
1646 5900 1707 5970 quis
1723 5898 1795 5955 lorte
1819 5916 1902 5956 sexus
1914 5918 1929 5957 a
1943 5912 1984 5954 mo

1203 5996 1325 6044 creatore
1343 6002 1372 6042 se
1395 5995 1576 6057 contemptum
1596 5996 1723 6058 putaret,
1746 5988 1838 6045 virum
1862 5987 1978 6060 suscepit,
