4709 6767
360 633 416 694 ⁶33
496 693 499 698 ¹
745 631 792 688 sb
809 631 1115 694 expostulem-:utu
1135 635 1265 692 utendis
1285 637 1407 695 tuuiru
1425 638 1607 696 aureatus.
1942 646 1994 704 ssi

360 745 547 812 risartnlruit,
562 748 643 817 idque
664 746 786 802 oratione
800 747 874 828 quali
894 755 1000 816 patest;
1014 762 1066 800 non
1082 746 1153 801 enim
1168 752 1193 810 Α
1207 747 1337 820 vigesimo
1362 751 1450 820 primo
1473 751 1507 806 de
1524 751 1640 807 Ciuitate
1654 753 1714 818 Dei,
1729 755 1818 824 eapite
1841 757 1939 827 primo,
1953 776 1996 815 se-

359 817 465 878 samen
481 816 611 900 'mortalis
633 816 796 886 eloquentia,
810 817 897 898 inquit
916 817 1082 897 iiargnstinos
1093 818 1153 872 loco
1206 819 1303 882 errando,
1321 821 1410 884 tertio,
1427 839 1437 872 i
1453 820 1509 875 Hae
1521 822 1575 876 erit
1589 830 1652 877 tune
1668 826 1694 878 in
1708 825 1879 907 emporibus,
1897 828 1996 912 inqnit,

360 903 446 959 supra
464 895 568 952 eruto,
585 895 721 956 justorum
744 901 864 942 omnnnn
882 894 1020 941 orationes
1038 888 1155 942 esirnias
1206 887 1414 954 damnatorum,
1441 891 1512 960 quod
1541 907 1613 946 ηιιηε
1637 907 1697 948 esse
1721 909 1823 950 serulus
1845 896 1871 951 in
1899 902 1997 956 annuis

360 969 446 1030 atque
470 957 640 1028 triumphos,
663 955 860 1027 praeclarasque
886 955 989 1012 referre
1018 956 1153 1022 uirtutes,
1206 958 1358 1026 bominum,
1371 961 1443 1030 quod
1455 975 1551 1031 nempe
1564 962 1684 1018 dolorem
1704 965 1759 1034 pati
1772 965 1855 1035 possit
1879 968 1995 1037 animus,

382 1041 432 1084 uas
449 1026 622 1096 omnipotens
634 1026 706 1081 Deus
730 1027 803 1081 dedit
823 1026 873 1088 eis,
888 1024 987 1094 quibus
1009 1025 1077 1081 solet
1089 1042 1155 1081 corr·
1206 1029 1275 1082 mori
1290 1045 1343 1084 non
1355 1031 1450 1099 possit.
1469 1048 1478 1081 r
1498 1030 1539 1084 An
1555 1041 1644 1086 ηηιεηι
1656 1032 1698 1088 ille
1713 1035 1781 1105 ignis
1792 1050 1940 1106 corporeus
1949 1040 1996 1106 sit,

372 1113 436 1154 erre
446 1097 599 1162 ricmriam,
617 1096 663 1166 qui
678 1096 752 1150 uiros
766 1105 793 1150 et
819 1094 934 1149 leminas
951 1095 1042 1167 rigere
1055 1099 1155 1164 permi-
1207 1105 1327 1154 tractans
1343 1100 1442 1155 ibidem
1456 1100 1543 1171 capite
1559 1102 1684 1158 decimo:
1701 1122 1710 1155 a
1732 1104 1785 1159 Cur
1800 1121 1853 1160 non
1864 1108 1996 1174 dicanms,

361 1169 411 1231 sit,
422 1173 450 1224 et
462 1167 608 1222 insidiosos
626 1167 762 1221 exereitus
772 1165 860 1234 eapite
875 1164 981 1220 sublato
995 1164 1152 1230 mundavit;
1206 1166 1302 1237 inquit.
1318 1186 1474 1240 quanquam
1497 1170 1583 1237 miris,
1599 1181 1689 1227 tannen
1719 1174 1892 1232 rerismodis
1912 1179 1994 1234 etiarn

361 1237 463 1294 recitat
476 1245 567 1291 autem
590 1251 671 1306 qnam
684 1244 774 1306 potest
797 1235 956 1290 breuissime
977 1243 1072 1298 tutam,
1085 1236 1155 1290 sieut
1206 1237 1316 1307 spiritus
1340 1240 1513 1308 incorporeos
1539 1256 1617 1308 posse
1648 1257 1728 1314 prena
1754 1247 1903 1315 corporalis
1925 1249 1995 1317 ignis

361 1308 487 1374 contigit,
499 1307 652 1370 historiam,
665 1321 726 1375 qum
738 1305 867 1374 qnoniam
887 1319 919 1358 ex
940 1305 1154 1375 praeeedentibus
1205 1307 1304 1378 aiiligi,
1325 1309 1347 1364 si
1362 1310 1474 1379 spiritus
1486 1311 1624 1365 lrominnm
1647 1313 1729 1368 etiam
1750 1315 1800 1385 ipsi
1816 1317 1936 1386 proiecto
1952 1320 1994 1373 in·

360 1377 508 1434 mffnfifesla
525 1384 576 1441 0⁵1.
589 1376 760 1446 paucissimis
774 1376 998 1457 perstringemus.
1205 1380 1347 1448 corporei,
1366 1387 1393 1433 et
1417 1395 1489 1434 unire
1512 1392 1657 1450 putuerunt
1683 1383 1781 1439 includi
1807 1387 1995 1456 corporalibus

399 1446 689 1503 ‹HorrueruntPersae
699 1443 1064 1514 constantiarneyns,etHedi
1076 1445 1156 1500 auda·
1206 1448 1344 1510 membris,
1360 1457 1387 1503 et
1402 1457 1466 1505 tunc
1494 1458 1602 1505 oterunt
1613 1466 1757 1523 corporum
1777 1471 1887 1510 surorum
1904 1459 1996 1512 rinen-

358 1519 433 1574 eiam
447 1518 517 1588 ejus,
538 1538 547 1570 r
563 1525 617 1572 etr.
634 1517 682 1571 Est
694 1515 776 1570 etiam
789 1515 841 1569 iste
854 1515 928 1569 loeus
943 1515 1078 1570 iterandus
1091 1530 1156 1569 eon-
1205 1515 1240 1572 lis
1264 1517 1442 1574 insolubiliter
1457 1465 1571 1590 afligari.
1588 1541 1597 1572 r
1612 1521 1740 1577 Gehenna
1757 1525 1849 1594 itaque
1864 1526 1919 1590 iila,
1934 1543 1996 1598 que

359 1597 405 1644 tra
419 1588 581 1671 Tlegierum.
599 1587 731 1656 Tempore
745 1586 816 1640 enim
826 1599 890 1666 suo,
906 1584 1156 1665 Nabuchodonosor
1206 1595 1329 1654 stagnum
1346 1588 1426 1659 ignis,
1440 1589 1481 1642 uel
1493 1590 1628 1657 sulphuris
1646 1592 1709 1647 alibi
1726 1594 1835 1658 dicitur,
1848 1612 1995 1667 corporeus

359 1659 418 1722 ille,
436 1674 482 1728 qm
499 1667 620 1726 tempore
642 1654 723 1712 lasiae
747 1655 855 1720 claruit,
875 1670 928 1709 non
948 1655 1044 1709 balnnt
1058 1653 1156 1710 Persas
1206 1656 1275 1726 ignis
1300 1659 1362 1722 erit,
1385 1667 1412 1712 et
1430 1660 1561 1713 cruciabit
1584 1661 1771 1717 damnatorum
1790 1680 1913 1735 corpora.
1933 1687 1943 1718 r
1965 1666 1995 1721 si

359 1728 414 1786 sibi
428 1728 576 1798 subiectos,
591 1727 656 1796 quin
666 1726 738 1797 quod
753 1725 834 1794 panio
847 1733 909 1794 post
921 1723 967 1778 irlii
981 1725 1040 1794 eins
1054 1739 1069 1778 a
1084 1724 1155 1782 Cyro
1226 1735 1343 1781 inuratur
1359 1735 1449 1782 autem
1473 1730 1529 1794 ubi,
1545 1738 1573 1784 et
1586 1730 1673 1800 qualis
1688 1734 1722 1787 sit
1735 1735 1803 1804 ignis
1815 1734 1868 1799 ille,
1883 1750 1995 1806 respon·

359 1797 542 1868 PeffllmDD
561 1797 635 1852 ⁰¹¹¹li
654 1797 719 1861 81⁰¹,
743 1796 839 1851 Delius
863 1803 952 1849 aulem
979 1804 1073 1849 noster
1098 1785 1154 1866 Hy·
1205 1741 1251 1852 get
1273 1797 1372 1851 ibidem
1403 1799 1609 1868 eapitedeeirno
1625 1811 1702 1856 serto
1718 1804 1904 1875 Augustinus:
1923 1807 1995 1878 ignis

358 1877 478 1940 staspes,
493 1877 548 1922 tarn
559 1866 658 1932 Persis,
667 1881 749 1937 qnam
762 1865 854 1930 lledis,
866 1873 893 1918 et
902 1865 1020 1948 Assyriis
1038 1866 1156 1934 impera·
1205 1875 1323 1922 aeternus
1337 1866 1486 1936 cuiusmodi
1500 1870 1545 1934 sit,
1567 1879 1594 1924 ει
1610 1872 1636 1926 in
1657 1887 1711 1942 qua
1730 1875 1822 1929 arandi
1844 1874 1887 1930 rel
1903 1890 1994 1931 rerum

359 1939 411 2006 Vll,
426 1940 478 1995 iub
490 1936 611 2008 quoiam
625 1938 733 2008 vigebat
744 1935 900 1991 monarchia
911 1934 1033 1990 Persica·
1204 1945 1284 2006 parte
1306 1936 1413 1992 futttrns
1436 1939 1481 2004 sit,
1498 1939 1633 1995 bominem
1662 1943 1733 1998 seire
1761 1944 1880 2000 arbitror
1905 1947 1993 2001 nemi-

401 2007 696 2071 rbdonai,Domine,
718 2007 789 2061 Deus
811 2019 924 2076 magnus
949 2019 978 2060 cs
996 2014 1042 2071 tu,
1064 2023 1073 2058 a
1099 2017 1152 2062 etc.
1206 2021 1278 2069 nem,
1307 2007 1359 2062 nisi
1386 2007 1456 2063 sorte
1481 2009 1524 2064 cui
1555 2011 1673 2067 Siritus
1698 2013 1805 2068 divinus
1830 2015 1956 2070 ostendit.
1981 2033 1991 2068 r

359 2077 412 2135 Hie
438 2079 510 2135 idem
526 2078 617 2133 uidere
630 2087 673 2133 est
696 2076 768 2147 quod
787 2076 851 2132 dicit
871 2073 1050 2148 Hieronymus
1071 2091 1154 2147 snper
1167 2094 1191 2154 g
1205 2076 1295 2132 Finito
1323 2086 1412 2132 autern
1443 2079 1550 2133 cantico
1572 2025 1664 2136 furtim
1687 2080 1743 2150 iam
1769 2095 1992 2152 commennrrato,

358 2148 427 2204 illud
452 2148 546 2220 psalmi
562 2147 694 2204 :Domine
722 2146 793 2204 Deus
819 2155 927 2210 noster,
945 2146 1016 2215 qnod
1042 2161 1103 2200 curn
1122 2149 1150 2202 in
1204 2149 1274 2202 redit
1291 2147 1390 2202 itemm
1411 2157 1506 2203 auctor
1522 2148 1592 2205 libro
1604 2152 1693 2222 primo
1707 2153 1741 2207 ad
1766 2153 1884 2209 historia·¹
1907 2155 1994 2210 coriti·

359 2217 475 2276 Hebraeo
498 2218 611 2290 legitur,
624 2231 722 2274 nomen
742 2215 814 2272 Deus
827 2216 1009 2286 geminatum,
1029 2216 1150 2284 primum
1203 2218 1370 2272 nuationem.

358 2289 398 2344 sit
418 2297 669 2361 tetragrammaton,
693 2286 843 2343 seeundum
865 2301 932 2341 uero
951 2286 986 2340 sit
1009 2285 1057 2341 Del
1076 2301 1151 2341 eom-
1241 2306 1251 2340 r
1270 2287 1418 2343 Et‘lactum
1430 2298 1471 2343 est
1484 2297 1545 2360 post
1562 2291 1629 2355 baec,
1645 2293 1733 2350 onrnis
1745 2293 1858 2364 populns
1874 2303 1937 2378 post
1954 2295 1995 2350 ri·

357 2373 454 2424 marre,
468 2359 495 2415 id
513 2360 585 2430 quod
600 2357 794 2414 ostendendum
804 2356 856 2410 hoe
867 2357 962 2421 modo;
979 2356 1082 2411 Adonai
1097 2358 1150 2414 Do·

359 2429 445 2495 ruine,
457 2429 561 2485 Adonai
575 2430 648 2484 enim
667 2427 847 2496 Hieronymus
870 2426 956 2481 Exodi
970 2435 1047 2481 sexto
1061 2435 1150 2482 trans·

358 2499 422 2555 tulit
449 2515 499 2570 pro
529 2500 638 2554 nominis
671 2498 719 2553 Dei
745 2503 1005 2566 tetragrammaton,
1036 2497 1063 2551 id
1091 2505 1148 2562 est,

358 2577 477 2640 quatuor
488 2569 648 2631 litterarum,
664 2582 817 2638 quanquam
832 2567 895 2620 alibi
909 2565 966 2620 lere
986 2567 1148 2636 interprete-

360 2648 407 2695 tur
426 2639 564 2696 Dominus.
581 2639 657 2696 Unde
679 2649 707 2693 et
732 2640 788 2709 ipse
801 2636 913 2706 epistola
940 2636 974 2691 ad
996 2635 1150 2691 binreelinm

359 2709 434 2766 later
443 2711 519 2765 uaria
532 2710 638 2765 Domini
652 2709 760 2764 uomina
771 2709 883 2778 mystica
895 2707 964 2762 istud
976 2721 1146 2773 enumerans,

357 2777 489 2835 Dominus
499 2781 703 2851 interpretatur.
719 2777 870 2833 Notandum
885 2787 976 2830 alitem
987 2777 1059 2846 quod
1082 2793 1149 2846 qua-

1205 2377 1215 2410 i
1235 2359 1347 2413 storiam
1358 2359 1432 2414 uenit
1447 2361 1474 2414 in
1494 2360 1659 2416 Hierusalem
1680 2363 1793 2418 adorare
1805 2363 1958 2428 Dominum,
1979 2385 1989 2416 l

1202 2437 1255 2483 etc.
1272 2427 1301 2481 ln
1330 2430 1478 2498 gratiarum
1509 2431 1643 2485 actionem
1671 2432 1808 2514 proiectus
1832 2443 1875 2490 est
1894 2436 1994 2496 ‚unrrris

1202 2497 1316 2570 populns
1330 2498 1355 2551 in
1370 2497 1548 2564 Hierusalem,
1563 2516 1617 2569 quo
1636 2502 1680 2558 ubi
1699 2517 1798 2558 uenere
1818 2513 1844 2558 et
1857 2503 1993 2573 purificati

1202 2576 1265 2623 snm
1276 2583 1345 2636 aqua
1357 2568 1526 2624 lustrationis
1541 2571 1686 2625 secundum
1701 2571 1815 2627 sormam
1829 2573 1992 2644 descriptam

1202 2636 1381 2691 Humerorum
1403 2638 1509 2694 decimo
1536 2656 1618 2695 nanno.
1646 2641 1806 2698 Holocausta
1832 2651 1860 2698 et
1882 2643 1993 2698 incensa

1201 2706 1317 2833 {incautius
1341 2708 1511 2775 obtulerunt,
1541 2711 1690 2767 seeundum
1713 2710 1854 2769 lacrrltates
1878 2713 1993 2786 quisque

357 2859 422 2906 tuor
438 2851 497 2906 iste
515 2850 612 2906 litterae
624 2848 703 2918 bujus
713 2848 838 2911 nominis,
854 2863 893 2902 se.
909 2847 950 2909 be,
966 2863 1025 2906 aaa,
1038 2846 1078 2910 be,
1093 2848 1147 2912 iod,
1239 2867 1248 2900 a
1271 2848 1356 2903 Porro
1369 2857 1397 2904 et
1410 2848 1501 2904 larditb
1514 2851 1638 2906 uniuersa
1654 2866 1718 2908 rasa
1733 2852 1827 2908 bellica
1844 2849 1994 2922 Holopher-

356 2935 414 2976 non
443 2922 498 2976 siut
514 2929 661 2991 compactae
674 2921 709 2975 ad
732 2919 793 2982 irae,
807 2926 837 2973 ut
857 2933 888 2972 ex
911 2917 951 2970 eis
963 2916 1044 2972 ‹lictio
1058 2918 1092 2971 ali
1114 2933 1148 2973 ua
1204 2936 1214 2967 ι
1232 2918 1290 2981 nis,
1313 2934 1374 2988 qum
1396 2919 1468 2974 dedit
1487 2919 1524 2974 illi
1544 2920 1671 2992 populns,
1688 2932 1716 2977 ει
1737 2937 1906 2993 conopeum,
1919 2921 1993 2993 quod

355 2987 500 3056 formetur,
516 2989 655 3046 etidcirco
668 3004 763 3047 nornen
776 3001 835 3042 csso
850 2985 996 3049 ineffabile,
1007 2987 1078 3055 qnod
1093 2935 1147 3044 He·
1204 3007 1213 3039 r
1233 2988 1377 3044 sustulerat
1389 2989 1421 3043 de
1435 2990 1518 3044 eulrili
1534 2992 1602 3062 eins,
1614 2990 1713 3046 obtulit
1723 2993 1750 3047 in
1761 2994 1907 3047 anathema
1921 2991 1993 3047 obli-

355 3058 441 3117 braeis
454 3076 546 3116 revera
560 3059 694 3115 inellabile
708 3060 761 3113 dici
786 3059 918 3120 rideatur,
933 3056 1003 3126 equod
1029 3066 1093 3112 tune
1108 3058 1149 3113 eis
1204 3076 1212 3107 a
1236 3058 1332 3112 rionis.
1351 3078 1360 3111 r
1378 3057 1500 3113 Notanda
1514 3070 1557 3115 est
1568 3060 1613 3115 bie
1640 3064 1793 3117 reuerentia
1816 3077 1880 3133 erga
1907 3062 1993 3117 ὓεηηι

355 3131 574 3187 revelatumnon
601 3129 683 3185 luerit
706 3128 846 3183 Trinitatis
865 3135 1081 3192 sacramentum,
1096 3129 1148 3183 etsi
1201 3126 1285 3197 ipsius
1310 3126 1416 3193 luditb,
1441 3144 1501 3198 quaa
1523 3146 1576 3185 ηοη
1599 3146 1665 3186 ausa
1691 3140 1733 3186 est
1755 3132 1805 3186 sibi
1831 3146 1993 3187 conseruare

355 3199 457 3257 litteris
483 3200 565 3257 luerit
577 3200 775 3256 adumbratum.
801 3197 868 3252 Hinc
884 3195 971 3251 Haedi
986 3205 1073 3263 serto,
1092 3218 1100 3249 a
1115 3198 1149 3253 Et
1200 3197 1286 3268 spolia
1301 3198 1351 3252 sibi
1363 3197 1425 3265 iure
1439 3200 1513 3264 data,
1525 3200 1572 3254 sed
1585 3200 1682 3255 obtulit
1692 3215 1724 3255 ea
1737 3201 1793 3256 Dee
1806 3209 1833 3256 et
1847 3201 1994 3256 sacerdoti·

357 3285 459 3326 nomeu
486 3287 588 3335 meum,
601 3271 644 3334 ire,
656 3287 717 3335 aaa,
732 3269 773 3332 be,
788 3268 844 3331 iad,
857 3283 910 3322 ηοη
936 3267 1052 3321 iudieari
1078 3268 1144 3322 eis»
1200 3268 1251 3324 bus
1266 3267 1292 3322 in
1316 3267 1493 3332 Hiemsalem,
1508 3269 1587 3340 idque
1615 3270 1641 3325 in
1669 3272 1814 3325 anatliema
1838 3270 1991 3337 oblivionis,

356 3339 468 3412 quodsi
482 3343 509 3397 in
533 3342 650 3414 syllabas
673 3347 830 3411 cogeretur,
854 3337 1145 3408 pronuntiareturqne,
1200 3338 1229 3393 id
1252 3346 1305 3403 est,
1320 3353 1352 3392 ea
1375 3339 1545 3405 conditione,
1559 3347 1589 3394 ut
1601 3341 1641 3396 eis
1665 3355 1745 3397 nemo
1763 3356 1882 3411 unquam
1902 3350 1992 3397 utere·

356 3425 420 3468 esse
442 3412 485 3468 rel
504 3411 663 3476 essentiam,
677 3419 720 3465 aut
764 3409 947 3464 eneratinnern
970 3408 991 3460 si
1013 3407 1144 3463 aribearet.
1201 3415 1254 3472 tur,
1267 3408 1315 3464 sed
1327 3417 1533 3464 asservarentur
1557 3417 1661 3465 tantum
1685 3411 1711 3464 in
1728 3411 1888 3466 memoriam
1900 3425 1994 3482 perpe·

358 3481 415 3538 Hae
436 3481 443 3537 i
482 3423 1146 3558 orandumquodlairena,dirliubsafepb,bria-
1161 3454 1183 3515 C
1200 3487 1275 3533 tuam
1301 3486 1382 3534 tantae
1407 3487 1516 3549 tamque
1542 3480 1674 3535 mirabilis
1696 3495 1744 3552 per
1766 3481 1895 3538 leoninam
1913 3478 1992 3536 iactae

357 3552 420 3618 ni,
468 3552 552 3610 omini
578 3552 649 3618 mei,
665 3566 777 3606 rrirnrero
801 3549 981 3602 rirrdtitrnbms
1002 3549 1146 3618 sagniiieet,
1198 3548 1328 3604 uictoriae.

357 3622 467 3694 quaudo
481 3623 609 3680 scribitur
637 3621 738 3677 eisdem
762 3621 876 3684 litteris,
889 3626 917 3672 et
928 3619 1035 3687 parietis
1051 3619 1148 3688 quibus
1238 3637 1247 3672 r
1263 3619 1329 3674 Erat
1341 3627 1432 3675 autem
1445 3619 1560 3690 popalus
1568 3618 1705 3687 iracundus
1721 3620 1868 3690 meandum
1893 3620 1990 3675 laeiem

377 3694 573 3757 renuntiatur;.
589 3692 616 3746 in
634 3689 811 3746 translatione
825 3699 916 3743 antem
931 3686 1087 3752 Ciraldaies,
1099 3705 1148 3758 pro
1202 3706 1211 3739 a
1230 3698 1423 3752 sanctorum.»
1446 3699 1500 3745 ete.
1519 3689 1593 3745 lstud
1619 3690 1738 3756 additur,
1762 3705 1796 3747 ne
1819 3691 1992 3746 existimetur

357 3707 413 3818 Boc
440 3763 549 3819 nornine
573 3761 621 3816 Dei
646 3769 887 3832 tetragrammaton
909 3773 965 3812 sem
986 3772 1016 3811 er
1041 3761 1149 3828 punitur
1199 3759 1297 3829 gaudio
1309 3760 1465 3814 dissolutior
1477 3759 1561 3815 inisse
1573 3759 1660 3814 iaetus
1677 3760 1727 3814 iste
1777 3761 1865 3830 palus,
1884 3763 1930 3816 sed
1943 3775 1992 3830 pe-

358 3831 459 3958 triylex
468 3833 513 3888 iad
523 3833 557 3888 ad
569 3832 728 3904 mysterium
738 3830 878 3885 Trinitatis
889 3773 1104 3899 signilFeandurn,
1120 3839 1150 3886 ut
1199 3829 1253 3884 tius
1265 3828 1372 3894 devote,
1386 3838 1414 3885 et
1428 3831 1454 3885 in
1478 3831 1591 3884 Domino
1605 3831 1713 3901 gavisus
1738 3776 1821 3886 ffisse
1842 3831 1990 3885 meandum

403 3910 476 3960 etur.
1199 3898 1264 3953 illud
1274 3898 1395 3968 Apostoli
1412 3918 1418 3954 :
1440 3919 1449 3952 a
1468 3899 1582 3969 Semper
1593 3901 1619 3954 in
1630 3899 1744 3955 Domino
1756 3900 1881 3970 gaudete.
1900 3898 1990 3954 »illud

395 3992 406 4024 l
430 3971 564 4028 Hentesa
583 3971 764 4026 inindumentis
783 3970 931 4025 manebunt
948 3984 1009 4023 crim
1023 3970 1119 4040 aquis,
1136 3989 1145 4022 r
1199 3969 1273 4025 enim
1296 3972 1443 4024 seeundum
1459 3970 1555 4024 faeiem
1578 3977 1733 4025 sanctorum
1756 3969 1827 4025 idern
1844 3978 1904 4034 est,
1923 3983 1955 4024 ac
1967 3969 1990 4024 si

357 4053 413 4100 ete.
438 4041 567 4098 strauere
592 4042 697 4096 ridetur
713 4042 746 4096 ad
774 4048 924 4095 extremum
935 4039 1079 4108 judiciuin,
1095 4056 1148 4109 quo
1199 4038 1288 4093 dieat:
1301 4040 1371 4094 sieut
1386 4040 1462 4095 decet
1475 4049 1593 4095 sanctos.

357 4110 528 4177 imminente,
539 4119 570 4167 ut
591 4119 633 4167 est
646 4112 726 4168 bueae
746 4109 975 4181 rigesiinoprimo,
999 4128 1008 4158 ι
1026 4109 1148 4165 interris
1237 4128 1246 4159 ι
1262 4108 1293 4161 Et
1305 4106 1397 4164 luditb
1405 4109 1558 4179 praeclarior
1567 4117 1626 4164 erat
1636 4110 1769 4164 universae
1782 4118 1860 4164 terrae
1869 4107 1960 4164 lsrael.
1977 4127 1986 4160 r

357 4181 413 4239 erit
426 4197 552 4254 pressura
566 4184 686 4253 gentium
700 4197 755 4251 prae
769 4180 928 4234 conlusionc
941 4179 1046 4234 sortitus
1064 4181 1148 4236 rearis
1199 4176 1312 4247 Eelipsis
1322 4192 1382 4234 esse
1394 4179 1508 4234 ridetur.
1524 4188 1552 4234 et
1563 4179 1751 4249 supplendum,
1769 4180 1898 4233 atrimae
1912 4187 1989 4233 terroe

356 4260 386 4308 ct
400 4251 544 4317 fluctuum,
561 4260 589 4306 et
612 4260 725 4316 montes,
741 4261 768 4305 et
781 4259 875 4320 petrae,
890 4250 961 4305 sicot
976 4263 1038 4304 cera
1062 4249 1148 4320 lique·
1200 4245 1364 4312 nraiierilaa,
1382 4257 1429 4302 aut
1446 4247 1533 4303 simile
1550 4249 1698 4318 quidpiam.

338 4331 436 4378 ¹seem
450 4320 774 4404 igneornssagrationis.r
1238 4336 1247 4368 ι
1272 4318 1337 4371 Erat
1353 4327 1443 4373 autem
1467 4317 1559 4372 uirtuti
1586 4319 1699 4373 castitas
1724 4315 1880 4386 conjrrncta,
1901 4337 1910 4370 r
1933 4326 1987 4372 etc.

395 4412 407 4445 r
425 4391 478 4460 Qui
492 4399 581 4446 autern
595 4399 691 4447 tnnent
704 4399 740 4453 te,
751 4388 841 4460 magni
855 4395 936 4443 erunt
954 4389 1115 4457 peremnia.
1135 4409 1144 4440 r
1198 4385 1275 4442 Nunc
1284 4388 1404 4443 ostendit
1414 4389 1548 4458 quomodo
1559 4388 1734 4458 reliquerim
1745 4403 1793 4442 sno
1805 4396 1988 4457 temporenon

356 4461 453 4518 Latius
465 4463 536 4516 istud
550 4462 578 4516 in
588 4462 659 4517 bunc
674 4459 781 4514 modum
795 4459 860 4528 legit
871 4457 981 4513 Graecus
995 4458 1147 4530 Parapbrn-
1200 4457 1290 4513 minus
1313 4466 1436 4512 sanctam
1461 4465 1489 4512 et
1510 4467 1627 4520 castam,
1661 4473 1723 4512 uam
1737 4467 1815 4512 antea
1827 4473 1842 4512 a
1855 4457 1988 4527 principio

357 4543 424 4588 stes.
444 4530 613 4587 Timentibus
635 4539 723 4586 antem
747 4537 773 4582 te
789 4536 844 4582 tum
858 4528 1062 4610 propitiaberis,
1079 4545 1147 4598 qno
1197 4525 1336 4583 uiduitatis
1347 4529 1429 4582 vitam
1451 4529 1552 4609 egerit;
1569 4543 1619 4584 nec
1632 4473 1702 4583 efferta
1713 4528 1827 4584 victoria
1840 4542 1916 4583 niens
1929 4528 1987 4594 eius

357 4600 544 4672 aianrpsrum
564 4602 612 4655 tibi
629 4598 883 4655 omnesaeriiieiuru
909 4600 1059 4654 madorem
1084 4616 1147 4654 sua·
1199 4596 1226 4651 in
1252 4596 1361 4666 laqueos
1386 4597 1484 4652 diaboli
1509 4597 1648 4663 inciderit;
1677 4605 1735 4651 erat
1759 4597 1867 4652 interim
1893 4597 1987 4652 diebus

357 4671 453 4726 nitatis
476 4679 504 4725 et
526 4670 654 4725 minimus
683 4669 772 4723 onidis
794 4669 876 4738 adeps
904 4667 932 4721 in
959 4669 1144 4724 holocaustum
1198 4666 1274 4723 lestis
1293 4668 1319 4721 in
1345 4682 1441 4734 magna
1457 4667 1557 4738 gloria,
1570 4683 1623 4722 non
1643 4683 1677 4721 ex
1693 4669 1835 4736 superbia,
1850 4675 1897 4721 aut
1916 4680 1985 4720 rana

359 4751 454 4805 tuum,
467 4748 495 4795 at
516 4741 562 4809 qni
583 4739 829 4800 timetDominum,
845 4753 958 4806 ariagnae
981 4753 1097 4822 semper.
1112 4740 1146 4795 Ει
1215 4736 1293 4803 laria,
1315 4737 1364 4793 sed
1376 4737 1410 4792 ad
1430 4746 1587 4808 perpetuam
1613 4737 1897 4793 commemorationem
1920 4736 1987 4792 tanti

358 4813 400 4867 sie
412 4811 468 4868 erit
481 4810 552 4864 idem
577 4811 648 4866 istud
669 4824 730 4864 eum
749 4807 794 4862 illo
811 4806 921 4862 Psalmi.
941 4825 950 4858 a
974 4808 1144 4864 Sacrillcinm
1160 4797 1184 4856 D
1232 4807 1332 4862 nesseii.

358 4890 450 4937 numm
463 4888 492 4934 et
503 4879 668 4934 ablationem
685 4877 804 4941 noluisti,
827 4896 836 4928 a
863 4886 891 4930 et
912 4876 957 4930 illo
981 4879 1053 4947 qnod
1077 4879 1146 4934 dixit
1235 4897 1244 4928 i
1264 4876 1362 4933 Hansit
1372 4884 1462 4932 autem
1476 4876 1502 4932 in
1513 4877 1593 4934 domo
1612 4878 1663 4934 uiri
1684 4878 1725 4934 sui
1746 4876 1825 4933 annis
1838 4890 1945 4932 eentum
1959 4881 1988 4929 et

358 4949 470 5007 Samuel
495 4949 530 5004 ad
552 4948 672 5015 Sauleur,
690 4967 699 5000 a
722 4946 814 5002 Heliou
827 4957 869 5002 est
884 4947 1048 5014 obedientia,
1063 4963 1145 5018 qnam
1200 4964 1210 4998 r
1227 4948 1354 5017 quinque,
1376 4956 1454 5003 rete.
1470 4947 1547 5004 Hunc
1563 4948 1652 5004 locum
1671 4957 1763 5003 nostra
1778 4946 1910 5002 sententia
1922 4959 1987 4999 con·

356 5021 485 5084 victimae,
503 5028 556 5074 etc.
1171 5063 1175 5069 .
1197 5026 1240 5072 tra
1263 5017 1376 5088 Ziegleri
1413 5017 1473 5073 lane
1499 5017 1641 5073 confirmat
1663 5019 1833 5080 sententiam,
1852 5013 1986 5086 quomodo

395 5109 406 5142 a
425 5089 473 5144 Vre
489 5088 561 5158 geniti
583 5088 731 5160 insurgenti
753 5103 834 5158 super
851 5101 1046 5158 genrrsmeum.
1063 5107 1073 5140 r
1092 5095 1145 5143 etc.
1198 5087 1271 5141 enim
1292 5087 1378 5157 potuit
1395 5033 1487 5141 godith
1506 5095 1613 5143 centnm
1639 5088 1758 5157 quinque
1783 5086 1862 5140 arinis
1875 5097 1986 5140 manere

358 5159 419 5217 lam
452 5159 527 5214 uelint
558 5160 653 5227 spiritu
686 5159 802 5227 quodam
832 5157 991 5227 prophetico
1021 5157 1148 5213 omnibus
1198 5155 1447 5220 indomovirisui,
1464 5153 1986 5225 quandoannisnonampliusquadrs-

357 5231 391 5286 iis
434 5229 481 5300 qui
509 5228 601 5284 ssdeles
635 5236 833 5309 prosequuntur
860 5225 991 5296 judicium
1029 5227 1148 5282 irrinatnr
1198 5225 1273 5292 girata
1286 5224 1435 5290 duobus,a
1453 5235 1573 5296 tempore
1585 5224 1683 5290 lasiae,
1700 5234 1726 5281 et
1743 5224 1870 5293 terrrpium
1890 5222 1926 5278 sit
1939 5222 1986 5277 de-

356 5307 534 5364 extremum,
562 5306 590 5353 et
616 5299 814 5353 damnationem
842 5305 982 5351 aeserniam.
1017 5295 1093 5350 Unde
1120 5305 1148 5351 et
1199 5302 1342 5358 structum,
1359 5302 1386 5349 et
1401 5294 1488 5349 omnis
1506 5295 1626 5365 populns,
1644 5302 1698 5349 tarn
1722 5293 1792 5350 luda
1811 5309 1891 5363 quam
1902 5291 1986 5349 lsrael

356 5369 468 5426 subdit:
1198 5364 1226 5419 in
1238 5363 1401 5434 babylonem
1417 5363 1514 5418 duetus
1528 5365 1657 5433 mplirus.

396 5465 405 5490 ι
427 5439 507 5494 Dabit
522 5439 593 5493 enim
609 5437 698 5507 ignem
712 5443 740 5490 et
752 5449 858 5491 uermes
869 5437 895 5489 in
905 5450 1001 5490 eirenes
1012 5449 1115 5498 eorurn,
1135 5455 1143 5487 a
1237 5453 1246 5484 ι
1264 5433 1297 5486 Et
1308 5433 1433 5488 delnneta
1453 5442 1533 5488 estet
1548 5434 1650 5503 sepulta
1667 5450 1729 5488 earm
1750 5433 1809 5489 uiro
1825 5448 1874 5489 suo
1894 5431 1922 5487 in
1935 5431 1985 5487 Be·

356 5518 411 5564 ete.
426 5507 472 5564 Sic
486 5509 557 5564 enirn
569 5507 626 5562 iere
645 5505 785 5576 Scriptura
800 5506 898 5575 ubique
917 5505 1041 5573 designat
1053 5519 1147 5574 poenas
1201 5521 1211 5555 r
1232 5502 1354 5567 thuliam,
1370 5511 1398 5557 et
1416 5502 1483 5556 luxit
1505 5517 1565 5558 sani
1591 5503 1679 5558 ominis
1699 5504 1812 5574 populus
1835 5503 1930 5558 dicbus
1942 5515 1986 5556 se·

357 5577 607 5649 iuueniqipsasqua
623 5576 831 5632 irisaominibns
844 5584 931 5638 uolat,
946 5575 1025 5646 ‹yuale
1039 5583 1067 5628 et
1080 5573 1145 5628 illud
1201 5592 1211 5623 ε
1232 5579 1314 5643 ptem.
1337 5593 1346 5623 r
1367 5572 1446 5628 l'aria
1472 5572 1529 5626 loca
1554 5574 1581 5627 in
1606 5573 1754 5642 Scripturis
1781 5571 1902 5627 invenire
1930 5579 1984 5635 est,

355 5649 434 5708 isara
444 5649 557 5704 ultimo:
572 5665 582 5698 i
597 5646 706 5703 Termis
715 5660 808 5700 currum
819 5661 872 5701 non
885 5645 1027 5708 morietur,
1039 5645 1083 5699 eti
1104 5644 1147 5699 nis
1217 5643 1294 5698 uibus
1304 5641 1445 5697 defunctos
1457 5641 1581 5696 luserunt
1594 5643 1707 5711 proximi
1724 5644 1750 5698 in
1763 5641 1830 5696 riuis
1846 5639 1984 5708 degentes.

356 5727 393 5776 do
442 5719 620 5791 restinguetur,
638 5737 648 5768 r
664 5718 745 5771 idest
762 5716 833 5770 enim
852 5715 924 5783 cynred
937 5724 965 5768 et
978 5715 1021 5769 bic
1034 5659 1122 5770 subdia
1137 5731 1143 5765 :
1197 5658 1245 5769 gie
1257 5711 1371 5768 Genesis
1385 5711 1513 5782 vigesimo
1529 5712 1620 5776 lertio,
1632 5711 1736 5781 planxit
1750 5719 1778 5766 et
1792 5709 1899 5764 deilevit
1920 5723 1987 5762 uxe-

358 3904 384 3958 ri

359 5808 368 5840 ι
420 5784 1143 5853 torneieutnretsentiantusqueinsetnpiternum.r
1198 5797 1255 5838 rem
1270 5796 1345 5836 suam
1372 5781 1468 5836 Saram
1491 5779 1640 5835 Abrabam.
1657 5781 1702 5835 Sic
1718 5778 1831 5835 Genesis
1846 5777 1880 5830 tri
1899 5777 1987 5832 esitaa

356 5859 437 5928 Quod
448 5858 584 5929 quomodo
595 5857 653 5910 fleri
663 5856 758 5926 possit,
772 5863 907 5924 utnempe
918 5868 1024 5922 semper
1034 5853 1148 5908 ardeant
1197 5853 1307 5924 quinto,
1319 5853 1354 5906 ob
1376 5849 1476 5905 luctum
1492 5864 1572 5919 quern
1588 5850 1652 5905 lecit
1673 5848 1755 5904 lsrael
1781 5860 1841 5901 eum
1867 5843 1930 5901 Diis
1957 5845 1988 5900 in

356 5945 474 6002 stirpem
487 5929 728 5992 damnatorum,et
739 5940 876 5995 utinquam
885 5933 974 5979 tannen
985 5937 1146 5978 earrsuman-
1199 5929 1286 5978 morte
1319 5920 1450 5976 Debbore
1472 5919 1587 5975 nutricis
1612 5919 1741 5974 Rebeccae
1768 5912 1917 5984 appellatus
1945 5923 1988 5970 est

359 6005 414 6066 tur,
426 5998 562 6060 uuoruodo
574 5995 699 6054 autemid
713 5995 760 6050 ilat
772 6003 892 6054 tractans
901 5994 1066 6064 augustinus
1078 5991 1148 6048 libra
1198 5991 1273 6048 loeus
1286 5990 1330 6047 iile
1353 6003 1469 6061 quercus
1482 5987 1571 6045 ssatus.
1590 5988 1635 6044 Sic
1648 5995 1754 6042 raortno
1765 5982 1848 6041 laceb
1859 5981 1989 6042 lusesium
