4709 6767
362 571 419 631 «as
806 568 1561 638 coumur.mrccnesusrrcu««.-mnm.
1861 563 1865 571 '
1946 583 2003 645 sss

362 692 416 748 hos
428 685 575 759 «homulli
586 683 654 742 l'lm.
666 683 719 759 ru).
733 703 744 737 r
757 685 798 743 lle
809 685 909 757 quibus
921 694 949 742 ει
960 686 1044 744 ludas
1057 688 1086 744 in
1095 688 1159 762 lipi-
1170 697 1197 757 Α
1208 698 1339 762 negantes
1349 689 1485 763 (ledet).
1501 710 1510 744 r
1526 691 1625 747 Vemm
1650 692 1778 763 quoniam
1791 696 1954 754 temerarios
1973 697 2002 756 ln

363 782 432 839 stola
447 794 497 836 sua
523 778 580 833 ait:
595 796 605 829 «
622 776 845 833 subintroierunt
858 779 930 834 enim
944 779 1055 849 quidam
1070 780 1157 837 homi·
1209 783 1292 839 verbo
1302 781 1381 852 juxta
1392 782 1472 838 duem
1482 784 1624 853 presentis
1634 783 1697 839 libri
1712 785 1827 842 odibiles
1836 801 1897 844 esse
1911 795 2003 845 osteu-

362 886 423 937 nea,
438 871 485 941 «pri
499 868 565 925 oiim
582 869 733 941 prescripti
747 869 850 924 suntin
862 869 994 940 judicium
1009 869 1095 939 impii,
1109 869 1158 925 bei
1211 874 1261 940 dit,
1273 874 1339 943 quid
1361 873 1579 945 dejudicejusto
1596 875 1707 944 sentiat,
1720 876 1749 931 in
1771 877 1849 933 initio
1863 880 2004 950 sequentis

362 962 451 1018 nostri
465 960 579 1032 gratiam
603 958 796 1015 transferentes
820 960 848 1015 in
861 959 1009 1027 luxuriam,
1024 969 1053 1017 ct
1071 959 1158 1016 sulum
1211 967 1363 1023 ridemus.

362 1050 561 1107 «luminatorem
586 1048 731 1104 bomimm
757 1057 891 1106 uostmm·
905 1048 999 1106 lesum
1020 1049 1159 1106 Christum

973 1352 1120 1433 LIBER
1155 1352 1398 1431 TERTIUS.

1098 1516 1288 1536 m

624 1605 739 1666 CAPUT
756 1604 904 1663 Paluda.
1208 1620 1301 1671 mane,
1314 1620 1364 1662 nec
1375 1606 1515 1663 volociter.
1534 1606 1594 1663 Non
1610 1609 1683 1666 enim
1707 1611 1734 1667 in
1751 1617 1877 1685 praesenti
1900 1617 2002 1676 mulo

378 1700 516 1773 Sapientis
533 1698 626 1753 laudm
631 1699 736 1769 jndices
749 1698 901 1766 judicantes
916 1695 1039 1767 populum
1052 1710 1139 1750 taum.
1208 1704 1334 1767 quamnt
1352 1696 1528 1768 voluptatem,
1541 1699 1589 1755 sed
1603 1700 1630 1755 in
1652 1708 1773 1772 tempore
1793 1720 1843 1763 suo
1856 1710 2004 1767 manduca.

397 1789 475 1860 (Cra.
487 1788 526 1860 x.)
538 1806 548 1841 ι
561 1787 647 1844 ludex
659 1788 767 1859 sapiens
780 1786 911 1856 iudicabit
924 1785 1051 1857 populum
1066 1800 1156 1851 suum,
1207 1784 1286 1850 hunt,
1309 1800 1370 1840 cum
1392 1787 1578 1843 retributionis
1599 1797 1704 1859 tempus
1729 1794 1889 1851 adrcucrit:
1906 1815 1916 1848 «
1932 1797 2002 1854 Ber.

363 1897 374 1932 «
389 1888 418 1936 et
433 1880 602 1951 principatus
624 1879 724 1934 sensati
752 1878 858 1934 stabilis
870 1878 933 1933 erit.
950 1896 960 1929 r
982 1876 1103 1931 iudicem
1117 1891 1159 1932 sa·
1209 1885 1263 1943 tus,
1274 1878 1371 1947 inquit,
1384 1879 1430 1949 qui
1442 1879 1615 1936 manducabit
1623 1895 1720 1951 panem
1729 1884 1758 1940 in
1773 1901 1855 1957 reguo
1868 1888 2000 1962 liciano.

359 1968 479 2031 trientem
495 1968 630 2024 neminem
643 1966 740 2023 melius
757 1982 838 2037 quam
863 1965 1007 2022 hominum
1019 1964 1156 2022 Christum
1209 1965 1277 2039 xri).
1297 1985 1307 2018 ι

366 2071 506 2134 ,assumus
530 2055 693 2128 intelligere,
717 2056 764 2125 qui
786 2062 882 2109 contra
903 2054 1045 2109 universos
1065 2053 1157 2108 hostes
1247 2056 1330 2113 «Rex
1343 2058 1474 2129 insipieus
1487 2060 1583 2129 perdet
1596 2063 1723 2132 populum
1751 2081 1839 2123 suum.
1856 2090 1865 2121 r
1881 2069 1928 2128 llle
1950 2075 2004 2132 uti·

360 2147 488 2218 pupulum
504 2161 583 2201 suum
599 2152 700 2199 tuetur.
717 2145 755 2199 lle
772 2159 827 2214 quo
853 2158 901 2214 per
919 2144 1078 2215 prophetam
1090 2142 1157 2198 dici·
1171 2116 1195 2176 B
1208 2164 1262 2220 que
1279 2164 1335 2213 rex,
1352 2151 1386 2206 de
1402 2166 1456 2221 quo
1479 2153 1606 2223 superius
1628 2154 1756 2223 diximus,
1769 2159 1815 2228 qui
1830 2175 1898 2230 puer
1912 2173 1965 2231 est,
1975 2175 2003 2223 ει

359 2247 407 2293 tur
419 2255 451 2292 :«
473 2254 483 2289 «
498 2236 607 2292 zelatum
621 2244 663 2292 est
682 2236 812 2291 Dominus
833 2244 934 2291 terrant
955 2251 1043 2298 suam,
1056 2242 1085 2291 et
1108 2250 1153 2304 pe·
1207 2238 1285 2309 cuius
1295 2241 1432 2312 principes
1445 2257 1525 2297 mane
1539 2244 1694 2311 comedunt,
1707 2247 1752 2317 qui
1770 2251 1863 2318 perdet
1874 2255 2003 2324 populum

359 2329 557 2402 lttcltutltttl⁰
570 2344 619 2384 ⁸1¹⁰
629 2326 710 2400 (lael.
725 2325 773 2399 ¹¹);
788 2326 1062 2398 ›cuiuspriucipatus
1074 2326 1157 2381 edam
1207 2347 1299 2399 snum,
1310 2332 1364 2389 hoc
1381 2341 1434 2399 est,
1450 2349 1544 2389 omnes
1560 2335 1611 2390 sihi
1626 2337 1784 2394 obedientes
1798 2340 1824 2394 in
1845 2342 2005 2406 barathrum

359 2420 467 2475 stabilia
477 2420 539 2476 erit.
549 2420 626 2489 Quin,
644 2419 712 2474 isaia
724 2426 849 2482 testante,
866 2442 876 2469 ι
895 2419 979 2488 ipsius
991 2418 1158 2488 principatus
1207 2424 1463 2495 secumpraecipitat
1474 2424 1584 2485 interni.
1976 2422 1980 2427 '

360 2524 443 2580 super
456 2510 598 2565 humerum
612 2508 681 2579 eiua
695 2521 723 2564 et
737 2509 878 2565 vocabitur
887 2524 986 2564 nomen
998 2508 1058 2580 ejus
1072 2510 1158 2564 admi·
1245 2532 1255 2567 «
1274 2514 1307 2569 Et
1328 2515 1453 2570 civitates
1466 2514 1690 2572 inhabitabuntur
1713 2534 1763 2589 per
1777 2536 1886 2578 sensum
1908 2535 2005 2596 poten.

360 2598 464 2662 tibffih
483 2599 665 2663 consiliarius,
686 2598 757 2653 Deus
781 2597 870 2665 fortis,
899 2606 976 2668 pater
997 2598 1081 2654 futuri
1109 2614 1157 2653 sa-
1211 2606 1315 2661 «tium.
1331 2605 1482 2661 »Ecclesiae
1495 2607 1620 2663 videlicet
1630 2608 1781 2668 Salvatoris
1801 2613 2003 2689 firmanturper

359 2689 425 2751 culi,
446 2689 572 2758 princeps
584 2689 669 2758 pacis.
684 2687 907 2758 llultiplicahitur
931 2689 989 2757 ejus
1003 2690 1156 2760 imperium,
1207 2694 1359 2751 doctrinam
1373 2704 1528 2751 sanctorum
1538 2695 1756 2767 praedrcaromffi

359 2784 388 2831 et
399 2777 475 2845 pacis
495 2792 548 2832 nou
564 2777 616 2832 erit
629 2776 690 2833 linis
705 2794 712 2829 ε
728 2792 809 2847 super
823 2777 919 2833 solium
932 2778 1028 2845 David,
1039 2786 1067 2833 ει
1077 2793 1158 2848 super
1245 2803 1255 2836 «
1278 2785 1412 2853 Quoniam
1428 2785 1455 2839 in
1468 2801 1549 2840 mauu
1567 2788 1611 2842 llei
1625 2797 1747 2859 potestas
1757 2799 1845 2848 terrae,
1860 2815 1869 2847 ι
1892 2795 1949 2852 flor
1959 2805 2001 2853 egr

359 2883 475 2939 millum
489 2868 549 2939 ‘1¹¹⁵
568 2869 684 2933 wilthil«
697 2876 727 2923 lli
742 2867 884 2923 Cssssfltmel
899 2868 964 2924 illud
978 2876 1006 2925 el
1030 2868 1158 2925 corrobo-
1207 2876 1257 2931 suh
1273 2876 1468 2948 gubernatione
1489 2877 1590 2934 Christi
1609 2888 1695 2935 status
1709 2882 1783 2953 vigct
1801 2884 1938 2942 Ecclesiae.
1964 2889 2002 2945 be

360 2968 406 3013 ret
417 2959 558 3030 injudicio
574 2968 602 3014 et
619 2958 735 3026 justitia,
750 2960 848 3014 amodo
861 2967 889 3015 ει
902 2974 988 3029 usque
1013 2959 1041 3014 in
1061 2959 1158 3029 sempi·
1207 2982 1260 3037 qua
1275 2976 1348 3024 «erra
1372 2967 1509 3038 Propheta
1529 2970 1619 3024 ait:«
1657 2971 1833 3030 Dcusautem
1849 2992 1896 3033 rex
1911 2987 2003 3035 rursrer

360 3057 468 3104 ternum
481 3068 487 3103 :
499 3048 574 3104 relus
597 3048 704 3105 homiui
725 3051 893 3105 exercituum
907 3048 990 3105 saciet
1012 3050 1064 3104 hoc
1076 3048 1156 3120 (Ero.
1209 3076 1219 3108 «
1242 3066 1305 3113 anre
1320 3057 1419 3113 mula
1443 3067 1572 3128 operatus
1584 3069 1626 3114 052
1650 3060 1764 3117 sapum„
1778 3063 1805 3118 ,ῃ
1820 3066 1907 3121 medio
1923 3075 2003 3123 tm

359 3142 411 3213 tx).
431 3140 524 3205 »lluic
539 3141 762 3197 vaticinioeliam
787 3141 875 3210 augeli
893 3143 976 3196 rerba
994 3141 1021 3195 in
1035 3139 1158 3212 Evange·
1210 3166 1219 3200 r
1243 3147 1330 3219 (Paul.
1351 3148 1486 3221 irruitis
1508 3150 1561 3206 Ubi
1577 3150 1636 3221 ejus
1660 3152 1785 3210 voluntas
1807 3157 1927 3225 queunte
1952 3159 2002 3213 rm.

358 3234 398 3291 lio
411 3234 446 3289 ad
456 3234 568 3288 hieriam
582 3233 756 3296 concordant,
772 3233 871 3301 quihus
888 3230 990 3287 Christi
1012 3230 1157 3301 imperium
1206 3240 1305 3310 pietur,
1328 3238 1357 3295 [ῃ
1372 3256 1425 3311 qua
1438 3250 1465 3297 el
1480 3257 1542 3297 cum
1555 3257 1609 3312 qna
1621 3243 1679 3312 ipse
1691 3259 1721 3299 se
1739 3247 1865 3315 pmmrgp
1877 3264 2003 3319 penum..

356 3340 567 3399 permausurum
588 3331 701 3381 testatus
713 3331 765 3388 est,
781 3323 916 3380 diceus:«
933 3320 1013 3377 [labit
1024 3321 1050 3377 ei
1066 3318 1157 3375 Domi·
1206 3348 1301 3388 ,urum
1315 3349 1401 3404 usque
1414 3336 1447 3390 ,d
1461 3338 1733 3393 consummafionem·
1749 3340 1883 3397 (merum
1938 3346 2001 3400 dm

358 3436 414 3476 ⁰¹¹⁵
428 3420 520 3475 sellem
538 3417 622 3472 ”illd
645 3417 731 3487 lilliss
748 3414 816 3484 01⁰⁸«
839 3423 867 3470 θῑ
888 3414 1012 3486 lebnam
1033 3413 1060 3467 5¹¹
1076 3413 1193 3526 (¹⁰¹110G
1210 3441 1220 3476 «
1242 3432 1286 3480 cst
1296 3424 1334 3479 illi
1350 3425 1440 3480 omnis
1451 3435 1571 3496 potestas
1584 3427 1610 3482 in
1626 3430 1696 3484 coelo
1712 3438 1740 3485 et
1757 3432 1879 3499 interra,
1906 3442 2001 3490 elnon

356 3510 446 3567 lacoh
465 3512 492 3565 in
505 3517 647 3573 aeteruum,
659 3516 686 3563 ει
706 3508 781 3579 regui
800 3506 858 3575 ejus
872 3522 925 3564 uon
939 3505 1064 3562 eritfiuis
1079 3503 1155 3578 (tre.
1211 3531 1221 3566 ι
1243 3518 1346 3586 estqui
1363 3518 1447 3586 possit
1466 3518 1594 3573 resistere
1615 3519 1747 3575 voluntati
1767 3520 1835 3590 ejus.
1889 3523 2003 3594 Oportet

357 3604 392 3676 ι).
412 3601 518 3671 «Cuius
538 3601 664 3657 nimimm
682 3614 805 3655 normam
821 3598 944 3670 discipuli
962 3598 1022 3668 ejus
1036 3605 1100 3654 tunt
1111 3612 1157 3653 se·
1208 3605 1281 3661 euim
1301 3621 1363 3661 eum
1384 3623 1498 3679 regnare
1522 3609 1608 3664 donec
1626 3608 1751 3678 subjiciat
1767 3626 1861 3667 omues
1878 3614 2002 3671 inimicos

357 3694 417 3751 cuti
431 3713 438 3747 ε
451 3693 522 3764 quod
534 3706 652 3762 sequena
665 3691 799 3746 sententia
813 3689 921 3760 prohat,
933 3689 980 3743 uhi
994 3689 1111 3746 dicitur:
1209 3694 1267 3765 ejus
1287 3698 1338 3753 sub
1352 3698 1466 3769 pedihus
1482 3699 1548 3754 suis.
1577 3699 1616 3754 lle
1636 3715 1690 3771 quo
1711 3701 1902 3773 subjungitur:

399 3784 583 3844 &Secundum
597 3781 717 3851 iudicem
730 3782 830 3852 ll⁰ll⁰¹h
847 3782 887 3837 ⁸50
903 3788 932 3836 θῑ
951 3781 1067 3835 ministri
1082 3779 1155 3849 elusi
1246 3804 1256 3838 t
1276 3788 1310 3843 El
1335 3788 1513 3844 exsecrabilis
1535 3789 1625 3844 omnis
1649 3790 1778 3860 iniquitas
1800 3794 1948 3863 gentium.»
1974 3794 2003 3850 ld

360 3897 372 3932 ι
388 3884 419 3933 et
431 3875 519 3948 qualis
537 3883 630 3929 rector
641 3881 685 3928 est
704 3872 835 3937 civitatis.
852 3871 919 3928 ures
934 3879 962 3927 et
976 3870 1157 3926 inhabitantes
1207 3884 1259 3944 es«,
1275 3878 1446 3944 damnamus,
1460 3878 1589 3948 quoniam
1601 3878 1659 3948 ipse
1669 3880 1849 3951 irremissus
1862 3883 1889 3936 tn
1900 3883 2002 3952 judicio

359 3990 371 4026 ε
389 3973 417 4027 ia
431 3985 474 4026 ea.
491 3969 617 4025 sCiritas
641 3966 714 4022 euim
737 3964 841 4021 Christi
855 3972 948 4020 sancta
964 3972 1008 4020 est
1024 3963 1156 4029 Ecclesia,
1207 3983 1257 4025 suo
1279 3970 1390 4024 damna«
1404 3984 1499 4025 omnes
1518 3978 1676 4041 peccam,
1702 3978 1792 4036 rem,
1814 3978 1841 4027 ρ,
1865 3971 2001 4042 ,rismum

358 4076 423 4132 quat
434 4059 492 4129 ejus
505 4059 619 4135 vestigia
644 4057 742 4118 dctotu
756 4055 847 4117 cordis
866 4056 989 4130 nutritur
1006 4054 1114 4123 allecto,
1129 4061 1157 4113 et
1207 4061 1241 4116 de
1266 4060 1375 4115 civitate
1395 4075 1443 4115 sua
1468 4074 1563 4115 ornnes
1581 4060 1628 4134 qui
1647 4069 1796 4136 operantur
1817 4060 1999 4136 iniquitatem.

356 4153 495 4217 honorum
508 4171 622 4229 operum
644 4156 767 4211 imitatur
780 4152 887 4209 ellectu.
913 4151 964 4209 Ubi
986 4158 1015 4207 et
1039 4151 1156 4207 ministri
1206 4151 1292 4211 Aliter
1306 4149 1535 4210 exsemahilisest
1549 4156 1638 4210 omnis
1656 4156 1786 4227 iniquitas
1798 4158 2000 4230 gentiumquia

357 4252 431 4324 ejus,
447 4253 498 4307 hoc
509 4258 551 4306 eet
564 4255 685 4304 rectores
695 4245 826 4310 fidelium,
841 4255 869 4302 et
889 4244 1081 4315 predicatores
1095 4258 1157 4298 sau-
1206 4262 1255 4318 per
1267 4245 1487 4316 pradicationem
1508 4245 1692 4316 apostolorum
1717 4248 1860 4316 reprobata
1874 4257 1917 4303 est
1940 4249 2001 4304 inli-

359 4341 412 4406 cti,
433 4340 519 4409 ipsius
543 4336 680 4392 mandatis
702 4333 795 4390 sedulo
808 4334 1027 4403 obtemmrantea
1050 4339 1130 4386 eruut
1147 4344 1155 4386 t
1206 4336 1303 4391 delitas
1316 4343 1345 4391 et
1358 4350 1435 4391 error
1449 4335 1602 4408 gentilium,
1621 4352 1690 4406 quos
1704 4336 1828 4393 Salvator
1838 4340 1872 4394 ad
1886 4340 1939 4396 hoc
1950 4342 2003 4397 mi·

357 4435 475 4505 aliisque
489 4431 615 4487 similiter
627 4429 717 4485 lacere
739 4428 874 4483 instanter
888 4424 1057 4497 praecipiunt.
1073 4422 1156 4492 Cujus
1206 4425 1242 4479 sit
1254 4425 1281 4479 iu
1296 4424 1436 4490 muudum,
1451 4432 1481 4478 ut
1495 4433 1668 4480 contumaces
1684 4425 1887 4495 redarguerent,
1900 4428 2001 4486 inscios

357 4523 546 4594 temperantiae
569 4520 679 4577 modum
703 4517 884 4574 Ecclesiastea
910 4515 1013 4579 laudat,
1041 4514 1153 4569 dicens:
1206 4517 1345 4581 docerent,
1358 4523 1385 4571 ει
1398 4516 1521 4572 infirmos
1531 4525 1668 4572 sanarent.
1682 4515 1758 4572 Unde
1769 4528 1796 4571 et
1806 4519 1943 4589 sequitur:

361 4633 372 4668 «
388 4614 472 4669 licata
485 4622 569 4678 terra,
588 4610 665 4681 cujus
678 4618 721 4665 est
732 4623 780 4664 rex
801 4607 912 4673 nobilis,
926 4615 954 4661 ει
968 4604 1045 4673 cujus
1057 4604 1157 4675 princi·
1244 4626 1254 4660 ι
1277 4609 1310 4663 Et
1322 4607 1415 4662 utilem
1430 4616 1563 4663 rectorem
1586 4608 1615 4663 in
1627 4616 1735 4677 tempus
1749 4606 1891 4662 suscitabit
1918 4624 2000 4679 super

356 4705 806 4780 pesrescunturiutempuresuo,
819 4700 854 4755 ad
867 4698 1156 4765 reiloieuduru,etuon
1209 4713 1219 4748 ι
1241 4696 1324 4760 illam,
1349 4697 1377 4752 in
1401 4711 1484 4751 manu
1511 4695 1558 4751 llei
1581 4704 1701 4766 potestas
1715 4695 1843 4761 hominis,
1870 4703 1897 4751 et
1918 4712 2000 4766 super

357 4800 393 4853 ad
421 4797 556 4854 luxuriam
579 4794 665 4867 (dccl.
681 4792 721 4865 x).
739 4792 935 4847 «Eoontrario
957 4806 1024 4846 reru
1044 4792 1079 4846 de
1103 4789 1156 4846 allo
1211 4806 1220 4840 «
1241 4787 1338 4844 faciem
1349 4786 1446 4843 scriba
1460 4787 1579 4855 imponet
1590 4786 1720 4840 honorem
1731 4800 1819 4839 suum.
1847 4783 2000 4841 »Potestas

357 4903 425 4962 rege
438 4890 525 4945 dicit:
542 4906 552 4940 ι
570 4887 615 4943 llas
639 4887 699 4951 tibi,
715 4894 799 4950 terra,
814 4882 892 4953 cuius
913 4896 962 4939 rer
981 4891 1024 4938 est
1038 4898 1115 4953 puer,
1129 4892 1157 4938 ει
1208 4878 1281 4933 euim
1297 4886 1452 4933 sauctorum
1477 4877 1616 4932 doctorum
1639 4875 1840 4945 dispensatione
1860 4874 1906 4930 Dei
1923 4875 1998 4930 ordi-

356 4980 437 5049 cujus
455 4979 592 5050 principes
607 4992 686 5032 mane
710 4976 855 5031 comedunt
873 4972 978 5046 (ibid).
997 4992 1007 5025 r
1025 4973 1072 5029 ιε
1091 4988 1156 5044 ergo
1208 4978 1272 5024 nata
1292 4976 1344 5035 est,
1376 4969 1475 5040 quibus
1497 4978 1526 5022 ει
1545 4968 1724 5023 ministerium
1751 4967 1863 5023 honoris
1890 4967 1963 5022 dedit
1989 4986 1996 5022 :

358 5068 600 5139 terrae,cujusrex
616 5076 658 5124 est
684 5065 816 5130 diabolus,
832 5080 938 5135 semper
957 5079 1089 5119 novarum
1113 5079 1157 5120 rc-
1207 5059 1316 5129 quando
1327 5073 1374 5114 eos
1384 5059 1501 5113 ricesua
1522 5059 1614 5129 generi
1630 5060 1748 5113 humano
1757 5060 1917 5129 praeposuit.
1946 5059 1998 5129 lpsi

357 5177 420 5216 rum
433 5159 619 5230 cupidus;hic
638 5155 930 5230 iudicesetprincipcs
944 5168 992 5209 eos
1005 5154 1095 5219 habet,
1109 5154 1156 5223 qui
1207 5153 1355 5210 suutcuim
1369 5151 1475 5216 scriba,
1504 5151 1649 5220 dequibus
1671 5151 1728 5221 ipsa
1741 5151 1849 5206 Veritas
1867 5152 1893 5206 iu
1910 5151 1999 5205 Eran-

356 5257 454 5305 amaut
479 5246 559 5317 hujus
581 5245 850 5316 saculiroluptatcs,
865 5244 911 5314 qui
932 5252 1077 5314 autequam
1097 5245 1155 5300 dies
1206 5244 1277 5315 gelio
1292 5242 1378 5298 ait:«
1401 5240 1503 5296 Similis
1524 5251 1567 5296 est
1589 5242 1691 5296 homiui
1719 5242 1918 5313 patrifamilias,
1951 5243 1998 5313 qui

356 5337 457 5394 mortis
478 5337 604 5393 adveniat
614 5337 726 5392 dicunt:
746 5335 961 5390 «Manducemus
974 5344 1002 5389 ct
1018 5335 1153 5399 bihamus,
1208 5352 1218 5385 ε
1240 5330 1344 5403 profert
1366 5332 1399 5386 de
1423 5330 1552 5386 thesauro
1574 5345 1624 5386 suo
1648 5345 1717 5386 nova
1738 5341 1766 5386 ει
1778 5341 1870 5387 rctcra
1889 5332 1996 5406 (llruln

345 5445 422 5487 'cras
440 5430 511 5485 euim
526 5429 684 5484 moriemur.
703 5445 712 5479 r
731 5425 858 5481 Emutra
873 5424 951 5479 beata
966 5433 1037 5479 terra
1060 5424 1154 5481 Ecclc·
1207 5441 1217 5475 ι
1239 5422 1295 5495 xv).
1315 5440 1325 5473 r
1351 5422 1390 5476 lle
1415 5435 1469 5491 quo
1488 5428 1517 5475 et
1533 5418 1701 5475 Psalmista:
1728 5439 1738 5474 ι
1759 5421 1873 5494 Lingua,
1899 5421 1996 5492 iuquit,

355 5523 417 5586 sim,
431 5520 568 5588 cuiusrer«
582 5516 791 5575 Christusiilius
815 5516 1004 5584 ingenuorum,
1020 5515 1054 5569 de
1067 5513 1154 5569 hhra-
1206 5534 1216 5568 «
1238 5531 1298 5570 mea
1322 5513 1443 5568 calamus
1465 5513 1561 5568 scrihae
1588 5513 1718 5568 uelociter
1739 5516 1882 5571 scrihcutls
1908 5512 1994 5586 (Prot.

356 5614 435 5676 haur,
458 5621 486 5666 et
509 5611 597 5675 isaac,
620 5621 647 5665 et
661 5607 760 5673 iacob,
785 5607 976 5677 prophetarum
1002 5620 1109 5674 qrroquc
1125 5614 1154 5660 et
1208 5605 1352 5675 «rulth»
1375 5603 1432 5659 Uoc
1453 5612 1506 5669 est,
1524 5602 1652 5675 llystcrir
1678 5604 1768 5659 diviua
1792 5606 1843 5660 sub
1864 5602 1996 5656 velamine

354 5703 481 5761 omnium
498 5712 653 5757 sauctorum
664 5700 747 5769 stime
757 5697 933 5761 descendeus,
947 5696 1045 5766 quibus
1056 5710 1153 5765 pecca·
1205 5696 1354 5766 prophetia
1366 5695 1484 5750 breviter
1498 5695 1635 5749 notantis:
1651 5694 1713 5763 quia
1726 5695 1781 5748 Lex
1807 5701 1835 5748 et
1855 5691 1995 5759 Prophctm

354 5808 418 5854 tuus
441 5811 494 5851 uou
507 5794 558 5850 luit
575 5795 750 5856 dominatum,
762 5799 790 5847 ει
814 5791 848 5845 ub
873 5790 899 5846 id
923 5788 1033 5844 luerunt
1058 5788 1152 5855 liberi,
1206 5802 1290 5856 usquc
1310 5787 1342 5841 ad
1359 5784 1502 5849 loaunem,
1529 5792 1556 5838 ct
1576 5782 1637 5839 finis
1651 5784 1717 5854 legis
1730 5783 1855 5837 Christus
1870 5781 1903 5832 ad
1915 5776 1999 5845 justi-

353 5888 612 5961 priucipesquoquc
625 5883 684 5953 ejus
697 5893 761 5938 sunt
776 5881 888 5951 apostoli
899 5889 927 5937 et
945 5894 1040 5935 omues
1055 5882 1152 5946 sancti,
1205 5877 1271 5931 tiam
1291 5876 1365 5930 omui
1383 5874 1550 5929 credentia
1573 5875 1633 5943 lpse
1655 5880 1697 5928 cst
1717 5871 1789 5925 enim
1815 5883 1868 5938 par
1889 5873 1994 5932 nostra,

353 5979 404 6052 qui
420 5992 512 6050 regem
526 5976 625 6033 hahent
637 5974 723 6031 lilium
743 5972 932 6044 ingenuomm,
943 5984 994 6026 uec
1007 5970 1154 6035 comedunt
1208 5985 1218 6019 ι
1240 5968 1287 6039 qui
1305 5968 1370 6023 lecit
1384 5974 1500 6036 utraque
1510 5980 1612 6031 uuum;
1634 5979 1684 6020 uec
1693 5961 1767 6019 aliud
1781 5974 1879 6015 nomen
1892 5966 1934 6016 est
1948 5958 1998 6025 da-
2089 6001 2093 6010 .
