4709 6767
389 589 443 647 8¹l¹l
839 595 1015 652 comburit.
1033 597 1067 653 ΙΝ
1087 598 1504 658 becunsmstlcntt-utb.
1524 604 1564 659 ll.
1964 625 2015 685 893

390 699 477 756 tentio
493 699 639 757 tolrratatis
652 700 710 770 ejus
724 705 807 760 uariis
822 707 950 776 nequitiis
972 708 1105 765 maculata
1126 717 1180 775 est,
1194 725 1219 786 A
1235 729 1244 761 ‹
1263 722 1334 773 suot.
1353 732 1362 763 r
1378 712 1508 778 Quoniam
1523 717 1569 785 qui
1590 720 1791 777 communicant
1803 724 1921 797 dogmati
1932 729 2019 786 lirare·

389 791 500 857 qttendo
513 793 547 846 ad
563 795 712 849 nocendum
732 810 839 865 semper
855 807 944 852 exstat
959 807 1063 867 parata.
1087 798 1180 869 Septe÷
1232 799 1354 861 ticomm,
1370 802 1420 870 ipsi
1433 802 1459 856 iu
1471 803 1523 858 stile
1537 807 1685 862 ctscientia
1699 812 1843 869 mendaces
1852 815 1934 882 linot;
1948 820 2019 874 uode

389 880 485 935 narius
505 896 570 952 erqo
583 898 720 942 rrunrerns.
734 885 779 953 qui
791 896 901 954 propter
914 888 1003 942 diviua
1016 889 1179 943 charismata
1229 906 1278 959 per
1290 906 1410 945 crrorcm
1424 898 1639 952 srrrrmonroibns
1649 899 1782 956 notabiles
1792 912 1881 970 erunt,
1894 906 1964 964 sicut
1975 923 2018 964 se·

388 984 452 1039 quae
466 969 549 1025 lsaias
566 975 695 1041 propheta
711 974 737 1028 io
758 973 874 1044 Spiritus
889 976 974 1031 sancti
989 977 1060 1032 dono
1070 993 1181 1033 ennme·
1230 998 1316 1053 quens
1331 986 1466 1040 sententia
1479 987 1584 1055 probat.

389 1067 435 1113 rat
448 1059 517 1132 (ltu.
530 1061 569 1132 rr)
585 1062 741 1131 perfectioni
755 1077 930 1120 corusccratns
941 1074 999 1131 cst,
1014 1066 1082 1121 idem
1097 1082 1180 1121 econ·
1267 1088 1277 1121 r
1294 1074 1405 1140 Quintius
1414 1084 1442 1128 et
1458 1078 1551 1145 quanti
1563 1077 1712 1135 irridebunt
1734 1084 1814 1136 enon?
1830 1084 1922 1154 Neque
1946 1090 2019 1143 enirn

388 1161 432 1207 tra
456 1152 601 1224 aliquando
617 1155 808 1224 plenitudinem
826 1159 953 1226 nequitias
977 1160 1125 1229 significat,
1149 1168 1180 1215 nt
1231 1178 1241 1210 r
1262 1164 1496 1231 qnodbabcndnm
1509 1175 1568 1221 crat
1588 1168 1691 1224 directo
1712 1185 1791 1226 sensu
1813 1173 1963 1241 distribuit,
1978 1177 2016 1231 si·

387 1252 430 1297 est
444 1242 509 1297 illud
524 1244 550 1297 in
567 1245 720 1315 Erarrqclio,
735 1247 806 1314 qnod
826 1246 947 1301 Salvator
963 1250 996 1302 de
1013 1249 1114 1318 Spiritu
1127 1252 1177 1305 im·
1232 1267 1241 1299 ι
1259 1251 1358 1304 militer
1369 1261 1395 1305 et
1408 1254 1478 1322 quod
1494 1270 1546 1308 ooo
1558 1264 1618 1309 crat
1628 1257 1789 1314 habendum.
1806 1261 1931 1317 »idcirco
1944 1266 2015 1319 enim

388 1332 489 1387 turrmlo
503 1332 654 1402 adtenrpus
668 1334 809 1389 deserente
831 1334 967 1391 homiuem
988 1338 1117 1400 narrarit,
1139 1338 1180 1393 di·
1228 1341 1393 1398 detestabilis
1421 1353 1462 1398 est
1489 1346 1677 1401 lamretirorum
1701 1359 1798 1416 emtus,
1822 1355 1949 1421 quoniam
1972 1371 2016 1410 ca·

386 1437 473 1478 ceos:
493 1422 584 1477 «Cum
608 1423 762 1479 immundus
774 1425 884 1493 spiritus
897 1425 994 1480 exierit
1007 1427 1040 1480 de
1057 1428 1177 1494 homine,
1228 1447 1326 1486 uoncm
1346 1433 1475 1500 divinum,
1494 1445 1521 1489 et
1534 1447 1703 1493 sacramenia
1722 1455 1781 1509 quae
1804 1443 1831 1497 in
1858 1445 1903 1499 illo
1929 1448 2016 1502 couti-

385 1513 616 1583 perambnlatper
630 1514 686 1568 loca
700 1515 839 1585 inaquosa,
858 1532 982 1585 quarens
997 1519 1135 1588 requicm;
1150 1527 1179 1574 et
1228 1529 1327 1577 nentur
1350 1520 1401 1592 ipsi
1435 1535 1509 1579 recto
1536 1541 1616 1581 sensu
1643 1543 1696 1583 non
1723 1530 1947 1601 interpretantur,
1962 1551 2013 1591 uec

385 1603 984 1663 oooioreoiensdicit:Revertarindomnm
995 1610 1178 1674 mearn,nnde
1227 1612 1422 1680 expositionem
1449 1622 1612 1670 tractatuum
1636 1633 1767 1685 suorum,
1792 1636 1853 1691 quae
1881 1624 1947 1678 nulli
1971 1634 2014 1679 est

386 1696 468 1750 exiri.
492 1697 526 1750 Et
546 1713 606 1751 cnm
629 1698 740 1765 verterit,
765 1699 868 1754 inuenit
880 1714 940 1754 eam
961 1701 1051 1769 scopis
1066 1701 1176 1755 munda·
1227 1703 1392 1768 necessaria,
1405 1704 1538 1759 catholico
1551 1720 1632 1760 sensu
1644 1706 1798 1776 proiemnt;
1812 1711 2012 1781 etiueoprnot-

386 1792 454 1851 tant,
474 1796 501 1840 et
525 1795 587 1841 tuuc
607 1787 680 1840 radit
693 1796 721 1841 et
743 1788 857 1842 assumit
879 1797 982 1859 septem
1002 1788 1113 1858 spiritus
1127 1804 1176 1844 ne·
1227 1790 1297 1844 mtto
1309 1806 1404 1845 eornm
1418 1792 1534 1848 simulet
1548 1796 1664 1850 societas
1683 1798 1844 1853 omniooest
1856 1800 2011 1857 devitanda.

384 1878 495 1945 quiores
506 1892 546 1941 se,
557 1886 584 1931 et
599 1878 711 1948 ingrcssi
725 1877 848 1934 habitant
859 1879 905 1944 ibi,
920 1888 947 1933 et
957 1889 1020 1934 sunt
1031 1880 1176 1934 novissima
1265 1897 1274 1931 r
1293 1878 1397 1950 hapsus
1423 1880 1497 1936 ialsaa
1522 1883 1621 1955 linquae
1645 1887 1723 1955 quasi
1738 1887 1785 1956 qni
1807 1889 1835 1943 in
1858 1892 2012 1961 parimento

386 1965 502 2020 bominis
518 1966 587 2020 illius
601 1965 693 2035 peiora
704 1967 839 2036 prioribus
852 1967 981 2040 (boemi).
1000 1988 1008 2021 a
1229 1987 1238 2020 r
1258 1970 1367 2036 cadens,
1381 1972 1420 2026 sic
1442 1986 1522 2027 casus
1547 1974 1679 2030 malornm
1700 1976 1860 2034 festinanter
1881 1981 1979 2036 veniet.
1998 2003 2009 2036 r

424 2074 432 2106 r
448 2056 551 2126 Exigua
563 2058 637 2110 dabit
650 2067 677 2112 et
692 2057 776 2112 nauita
800 2058 1004 2131 improperabit,
1027 2075 1054 2121 et
1069 2068 1172 2137 apertio
1188 2070 1211 2129 Β
1226 2060 1302 2117 Sicut
1317 2063 1389 2117 enim
1411 2064 1438 2117 in
1458 2063 1568 2132 planitie
1597 2066 1759 2135 pavimenti,
1782 2070 1828 2124 nbi
1851 2071 2012 2128 offendicula

386 2166 396 2197 a
414 2148 471 2201 oris
492 2147 563 2201 illius
578 2147 754 2206 inflammatio
772 2159 822 2205 est.
840 2171 850 2203 a
867 2153 969 2225 Exigua
981 2158 1172 2217 dabithaereti-

381 2255 441 2304 cus,
449 2240 558 2305 hoeest,
571 2256 631 2295 raro
642 2241 669 2294 io
679 2250 734 2297 tota
747 2243 869 2298 doctrina
879 2261 928 2310 sna
940 2249 1062 2305 veritatis
1072 2252 1171 2309 indicia

382 2332 514 2395 ostendit;
536 2341 564 2386 et
582 2333 664 2387 muita
686 2334 897 2403 improperabit,
918 2339 980 2408 qnia
1005 2341 1031 2395 io
1055 2344 1172 2400 multilo-

379 2425 446 2494 ¹quio
457 2440 507 2480 sno
517 2425 631 2494 plurima
644 2426 805 2495 improperia
818 2429 918 2483 erroris
928 2429 1051 2499 effundit,
1062 2443 1171 2505 etapeo

378 2518 480 2574 tiooris
489 2517 560 2572 illius
573 2517 746 2573 inflammatio
753 2531 805 2585 est,
817 2521 943 2589 quoniam
951 2538 1040 2579 sermo
1046 2523 1106 2595 ejus
1120 2542 1168 2583 ne-

378 2610 493 2680 quitiam
506 2610 609 2664 erroris
620 2610 648 2663 in
702 2612 857 2680 pectoribus
869 2615 1023 2670 auditorum
1038 2617 1167 2676 incendit.

417 2720 427 2752 r
443 2699 528 2756 lindie
541 2700 679 2755 teneratur
691 2703 762 2771 quis,
777 2711 805 2757 ct
817 2718 880 2759 cras
892 2708 1009 2775 expetit;
1025 2714 1051 2762 et
1062 2710 1168 2767 odibilis

375 2814 390 2846 r
408 2794 490 2849 homo
498 2794 691 2863 hujuscemodi.
702 2794 784 2850 »llaec
791 2799 922 2852 sententia
928 2807 955 2851 et
964 2800 1167 2858 instabilitatem

376 2886 565 2942 haereticorum
580 2887 731 2955 siguificare
742 2896 843 2958 potest,
862 2890 908 2959 qni
920 2890 1053 2951 uiolenter
1066 2896 1167 2951 erroris

374 2979 419 3035 sui
433 2994 574 3033 assensum
587 2980 622 3034 ab
644 2980 810 3037 auditoribus
832 2982 887 3036 suis
901 2991 1072 3052 extorquent.
1091 2986 1167 3043 Unde

374 3077 403 3123 et
423 3069 538 3125 odibiles
548 3078 628 3125 eruut
638 3078 692 3123 tam
707 3085 799 3128 coram
815 3071 871 3126 Deo
885 3088 965 3142 quam
980 3076 1061 3131 etiam
1074 3092 1165 3135 eoram

373 3160 545 3225 homiuibus;
579 3162 622 3217 vel
651 3161 740 3216 altiori
770 3178 851 3218 sensu
876 3164 993 3220 insinuat
1022 3169 1093 3237 quod
1122 3170 1166 3225 ille

374 3251 422 3319 qni
433 3251 631 3321 eleemosynam
646 3253 757 3321 pauperi
775 3254 878 3319 tribuit,
892 3263 919 3310 et
932 3257 959 3311 in
973 3260 1099 3326 praesenti
1110 3262 1164 3317 rita

375 3340 584 3395 retributionem
616 3341 735 3411 quaerit,
763 3343 890 3398 odibilem
914 3347 1088 3415 semetipsum
1119 3365 1165 3405 co·

1224 2170 1279 2209 noo
1295 2165 1368 2220 sunt,
1379 2153 1480 2210 trustra
1490 2156 1551 2224 quis
1563 2157 1645 2223 cadit,
1661 2158 1701 2212 sic
1714 2159 1902 2216 hereticorum
1916 2178 2011 2226 sensns

1224 2248 1331 2317 propria
1343 2247 1461 2316 nequitia
1479 2257 1640 2313 excecatus,
1654 2248 1681 2303 in
1694 2251 1790 2306 semita
1805 2252 1936 2319 veritatis,
1950 2269 2011 2325 que

1223 2335 1337 2390 lucidior
1346 2335 1402 2391 sole
1415 2346 1464 2401 est,
1479 2336 1659 2406 nequidquam
1671 2337 1778 2405 titubat,
1793 2348 1821 2395 et
1829 2356 1923 2396 casnm
1934 2343 2009 2399 iore-

1222 2425 1278 2489 nit;
1291 2425 1356 2494 quid
1373 2435 1463 2480 autem
1477 2427 1518 2481 eis
1533 2426 1637 2481 ruinam
1650 2428 1748 2497 pariat,
1760 2432 1903 2488 contiunus
1917 2447 2007 2489 sermo

1221 2513 1309 2585 palam
1327 2515 1454 2569 insinuat

1258 2606 1371 2662 «florano
1395 2607 1517 2678 ingratus
1542 2607 1619 2677 quasi
1631 2607 1749 2664 acharis.
1770 2610 1867 2677 »Quia
1888 2611 2007 2683 erpoin-

1220 2708 1313 2771 qratus
1332 2709 1375 2755 est
1386 2700 1539 2766 haereticus,
1554 2700 1710 2756 excellentis
1726 2701 1825 2772 ingenii
1846 2703 1916 2769 doio,
1935 2705 2007 2773 qnod

1219 2793 1339 2862 percepit
1351 2807 1384 2846 ea
1399 2807 1511 2847 munere
1528 2792 1629 2852 dirino.
1644 2793 1730 2864 magis
1744 2794 1824 2866 elegit
1836 2810 1915 2853 suum
1926 2811 2004 2853 erro·

1220 2897 1277 2937 rem
1288 2884 1405 2938 condere
1419 2896 1500 2952 quarn
1512 2884 1629 2938 divinam
1643 2886 1814 2941 traditionem
1826 2887 1854 2942 in
1865 2886 2005 2960 Scriptura

1218 2988 1297 3040 saera
1311 2990 1434 3041 serrare;
1457 2976 1517 3030 ideo
1537 2975 1595 3032 sine
1620 2976 1706 3046 qratia
1722 2975 1840 3047 Spiritus
1850 2981 1937 3036 sancti
1959 2981 2007 3035 de-

1218 3065 1316 3119 viando
1331 3065 1498 3120 demonstrat
1517 3080 1546 3118 se
1562 3063 1729 3122 auditoribus
1739 3068 1797 3123 suis
1807 3083 1912 3140 semper
1927 3084 2002 3126 ama·

1217 3170 1277 3209 rutra
1296 3163 1324 3210 et
1345 3155 1454 3210 noxium
1478 3169 1548 3210 esse.
1573 3155 1688 3211 Achaeis
1715 3157 1787 3211 euim
1813 3159 2005 3229 iuterpretatur

1216 3262 1334 3312 amarus,
1350 3248 1406 3301 sive
1419 3247 1478 3301 sine
1487 3247 1589 3318 gratia3
1605 3255 1633 3302 et
1643 3246 1739 3307 merito
1749 3248 1806 3318 ipse
1819 3249 1917 3304 dicitur
1926 3264 2002 3305 ama-

1215 3354 1273 3404 rus,
1288 3339 1334 3408 qui
1348 3354 1401 3394 oon
1417 3338 1516 3394 meruit
1527 3338 1617 3396 divina
1634 3340 1719 3410 qratia
1739 3338 1797 3394 lieri
1810 3340 1936 3411 repletus.

373 3442 434 3483 ratu
449 3428 533 3484 oculis
547 3431 644 3484 dirioae
661 3431 810 3500 maiestatis
831 3431 913 3499 lacit;
929 3436 1007 3492 docet
1020 3438 1092 3495 enim
1105 3449 1198 3511 ma-(j
1253 3450 1262 3482 r
1281 3430 1382 3486 Fabula
1405 3446 1473 3484 vassi
1495 3430 1523 3483 5¹¹
1541 3444 1587 3484 0?ss
1607 3430 1867 3499 indlfflibllssdwlum
1894 3432 2001 3488 midila

370 3516 470 3576 nileste
478 3518 504 3571 io
512 3519 654 3589 Evangelio
661 3520 718 3590 ipsa
726 3522 960 3593 Veritas,proptcr
970 3528 1034 3597 quid
1041 3528 1163 3586 iacienda

1218 3539 1228 3571 r
1248 3521 1310 3577 erit.
1329 3539 1338 3572 s
1354 3520 1499 3589 Beneerqo
1510 3520 1633 3574 doctrina
1646 3520 1843 3584 baereticorum,
1858 3537 1940 3591 quam
1953 3538 2001 3578 oe·

370 3607 408 3662 sit
423 3607 604 3678 eleemosyna,
622 3608 659 3661 ita
678 3609 792 3665 dicens:
811 3629 821 3662 r
841 3613 908 3666 Cum
934 3613 1000 3669 lacis
1013 3615 1163 3690 elcemosy·
1213 3610 1349 3672 [andoure
1362 3610 1494 3682 garriunt,
1512 3610 1599 3665 fabula
1617 3621 1795 3679 nuncubatur,
1804 3606 1874 3679 'luia
1893 3612 1999 3666 miia-

371 3712 447 3761 oam,
466 3698 569 3752 nesciat
585 3698 696 3755 sinistra
719 3707 764 3756 tua
789 3701 853 3771 quid
879 3701 963 3761 taciar
984 3706 1095 3764 dextera
1116 3718 1162 3766 tua
1213 3711 1267 3760 tem
1279 3702 1353 3758 omni
1369 3702 1450 3758 modo
1467 3703 1598 3772 sequitur·
1617 3701 1693 3758 Unde
1702 3702 1846 3771 Ahosiolus
1860 3702 1999 3772 huiusmo·
2018 3696 2024 3708 ’

368 3781 485 3850 (batth.
501 3787 556 3851 rr),
571 3804 580 3835 r
593 3797 620 3840 et
637 3787 739 3842 itemtr
755 3790 855 3856 Nolite,
865 3794 961 3865 inquit,
974 3798 1158 3856 thesaurizare
1212 3796 1239 3850 dl
1254 3794 1406 3851 doctrinm
1419 3809 1549 3863 festinem
1562 3793 1595 3847 ³1¹
1611 3792 1780 3849 Tifflfflheum
1796 3794 1927 3859 scribens,
1941 3796 1999 3851 ²51²

367 3874 449 3930 robis
464 3876 606 3933 thesauros
623 3878 651 3933 io
669 3873 752 3945 terr'a,
770 3884 815 3938 ubi
828 3902 920 3955 aerugo
931 3897 958 3942 et
976 3889 1047 3943 tinea
1062 3890 1157 3946 demo·
1215 3884 1316 3942 astent
1334 3885 1425 3955 rogari
1444 3893 1479 3949 te,
1495 3893 1524 3939 nt
1550 3898 1705 3939 remaneres
1727 3883 1826 3954 Ephesi
1851 3901 1913 3940 cum
1932 3886 2000 3941 irem

367 3967 445 4034 litur,
466 3979 493 4024 ct
511 3971 556 4025 nbi
571 3972 646 4028 lares
659 3974 791 4030 ellodiuot
811 3986 838 4031 et
860 3977 994 4036 lurarrtur.
1010 3981 1156 4038 Thesauri·

366 4070 430 4117 sate
446 4073 535 4117 autem
552 4064 629 4119 robis
647 4065 791 4121 thesauros
805 4068 833 4123 io
847 4070 927 4133 coelo,
945 4071 991 4126 ubi
1005 4088 1095 4141 neque
1116 4089 1155 4129 te·

365 4167 449 4223 ruqo,
471 4170 523 4210 uec
545 4156 617 4212 tinea
640 4157 797 4224 demolitur,
815 4169 843 4215 et
862 4163 905 4216 ubi
920 4161 994 4218 iures
1008 4180 1063 4219 non
1089 4165 1156 4222 edo-

363 4244 458 4310 dinot,
474 4261 563 4316 nequo
576 4247 869 4321 iuranturlliid.).tlit
881 4252 945 4308 alibi
954 4254 1062 4310 cuidam
1075 4257 1153 4324 prin-

363 4333 425 4405 eipi
436 4332 635 4394 Pharisaeorum
651 4338 722 4394 idern
740 4340 871 4406 [iomious
886 4343 970 4399 dixit:
983 4361 993 4396 r
1006 4344 1073 4401 Cum
1083 4346 1153 4404 lacis

362 4428 514 4497 prandium
540 4437 586 4485 aut
610 4431 729 4496 emnaro,
746 4433 800 4486 ooli
827 4447 924 4489 vocare
949 4434 1052 4491 amicos
1079 4445 1152 4504 tuos,

360 4534 457 4590 nque
485 4520 595 4587 iratres,
614 4537 702 4591 neque
726 4532 866 4594 cognatos,
883 4539 972 4595 neque
990 4528 1095 4585 vicians
1109 4529 1152 4585 dt-

360 4611 445 4679 rites,
462 4628 497 4667 oe
515 4613 584 4669 torte
598 4625 625 4669 et
644 4614 694 4684 ipsi
717 4623 745 4670 te
765 4617 921 4684 reinrireot,
936 4627 963 4675 et
980 4619 1028 4674 ilat
1040 4621 1089 4677 tibi
1108 4638 1151 4678 re·

361 4700 499 4770 uibutim
512 4703 561 4759 sed
570 4720 633 4760 cum
650 4706 716 4761 tacis
732 4708 906 4777 corrririum,
925 4725 991 4766 voca
1004 4726 1151 4784 pauperes,
1170 4766 1177 4778 ,

1209 3977 1238 4033 iu
1252 3977 1449 4042 Macedoniam,
1470 3983 1500 4030 ut
1515 3975 1687 4031 denuntiares
1699 3973 1859 4043 quibusdam
1876 3990 1909 4029 oe
1921 3975 1999 4029 aliter

1209 4069 1349 4133 docerent,
1369 4082 1456 4137 oeque
1483 4065 1653 4120 intenderent
1673 4062 1771 4119 lahniis
1784 4071 1812 4119 et
1834 4064 1999 4134 genealogiis

1209 4155 1409 4212 interminatis:
1421 4170 1481 4224 quse
1494 4153 1657 4223 quaestiones
1674 4160 1803 4222 praestant
1816 4153 1901 4222 magis
1915 4169 1997 4222 quam

1208 4245 1414 4308 aedificationem
1430 4244 1486 4309 liei,
1505 4258 1566 4313 quae
1589 4250 1631 4298 est
1645 4243 1671 4297 iu
1694 4243 1746 4297 tide
1759 4241 1785 4314 (l
1802 4242 1869 4297 Tim.
1885 4243 1939 4314 ri.»
1963 4244 1998 4298 Et

1208 4352 1316 4394 rursum
1331 4354 1338 4391 r
1355 4356 1365 4389 r
1378 4335 1494 4406 ineptas,
1510 4334 1608 4403 inquit,
1622 4341 1649 4387 et
1662 4332 1747 4388 aniles
1760 4332 1864 4388 fabulas
1886 4334 1993 4389 devita:

1207 4443 1303 4486 exerce
1316 4434 1406 4489 autem
1428 4426 1541 4494 teipsum
1564 4423 1598 4478 ad
1610 4424 1747 4495 pietatem.
1769 4422 1835 4477 Nam
1849 4423 1996 4493 corporalis

1206 4522 1366 4584 exercitatio
1380 4520 1415 4576 ad
1428 4521 1563 4576 modicum
1580 4519 1655 4576 utilis
1677 4527 1738 4575 est:
1752 4520 1840 4589 pietas
1853 4529 1943 4575 autem
1961 4520 1995 4574 ad

1206 4613 1298 4675 omnia
1310 4611 1384 4667 utilis
1394 4619 1447 4677 est,
1458 4609 1663 4679 promissionem
1675 4608 1845 4665 habeosrite
1854 4623 1914 4679 quae
1923 4624 1995 4665 nune

1205 4715 1259 4771 est,
1274 4713 1302 4760 et
1314 4702 1411 4760 iutnrae
1422 4700 1448 4772 (l
1465 4700 1534 4755 lim.
1548 4701 1597 4772 rr).
1617 4721 1627 4754 r
1644 4701 1712 4756 Nam
1727 4702 1790 4771 quia
1803 4702 1920 4770 nudique
1931 4716 1994 4771 per-

359 4792 482 4859 debiles,
498 4810 595 4861 cacos,
621 4798 743 4865 claudos,
767 4808 794 4854 et
816 4800 912 4857 beatus
927 4804 993 4868 eris,
1006 4806 1070 4875 quia
1095 4823 1152 4863 oon
1170 4789 1347 4854 ”vermium
1373 4810 1463 4851 ⁸01111⁰
1488 4792 1665 4863 reprobabibs
1688 4801 1788 4859 ²¹⁸¹²²=
1814 4792 1876 4850 5⁰⁶⁶
1907 4792 1994 4850 adhuc

359 4884 465 4942 liabent
486 4888 638 4944 retribuere
660 4891 728 4945 tibi:
744 4910 754 4943 r
772 4893 938 4948 retribuetur
953 4905 1044 4952 autem
1057 4897 1107 4953 tibi
1121 4899 1150 4955 in
1205 4883 1348 4942 Subdil⁰f³

358 4980 565 5033 resurrectione
577 4978 714 5048 justorum
729 4982 795 5050 (tac
823 4983 890 5047 arr).
1242 4995 1252 5028 r
1267 4975 1307 5029 Er
1322 4989 1370 5029 ore
1383 4972 1450 5030 latui
1473 4970 1660 5041 reprobabitur
1679 4968 1826 5041 parabola;
1842 4984 1896 5025 oon
1920 4970 1993 5026 enim

400 5078 410 5109 ι
427 5056 515 5113 Fatuo
529 5073 583 5114 non
598 5059 651 5114 erit
662 5059 815 5127 amicus,et
831 5077 884 5116 oon
900 5064 952 5118 erit
973 5066 1059 5137 qratia
1073 5068 1153 5126 hams
1204 5065 1270 5122 dicit
1294 5063 1368 5118 illam
1388 5063 1416 5117 io
1438 5069 1558 5131 tempore
1575 5074 1635 5114 sno.
1663 5078 1673 5111 t
1694 5057 1795 5114 Fatuus
1809 5066 1851 5113 est
1871 5073 1935 5127 erqo
1947 5057 1994 5112 lu·

361 5164 372 5202 t
391 5146 477 5203 iilius,
498 5167 507 5200 t
525 5147 628 5204 Fatuus
650 5156 706 5204 tam
729 5147 774 5204 ille
792 5152 892 5221 estqui
911 5152 1040 5222 spiritalis
1052 5156 1153 5214 laboris
1204 5154 1289 5218 daeus,
1309 5152 1356 5222 qui
1374 5149 1550 5205 eereorooias
1574 5147 1641 5217 legis
1655 5149 1821 5217 temporibus
1835 5149 1929 5218 gratiae
1943 5163 1992 5204 oe·

357 5240 503 5308 praemium
527 5240 554 5298 in
580 5240 631 5298 hac
653 5242 708 5304 rita
727 5257 784 5299 noo
797 5242 824 5298 in
839 5241 929 5299 lutura
941 5247 1047 5315 quaerit,
1070 5264 1151 5318 quam
1204 5242 1337 5304 cessarias
1350 5254 1410 5295 esse
1426 5239 1516 5303 docet,
1531 5237 1765 5293 circumcisionem
1779 5237 1913 5321 uidelicet,
1928 5253 1993 5294 neo-

356 5330 443 5386 utiam
467 5330 620 5398 maenum,
635 5333 682 5402 qui
697 5332 807 5389 laudern
823 5333 970 5392 humanam
998 5337 1110 5407 appetit,
1124 5346 1152 5393 et
1203 5334 1317 5399 menius,
1342 5341 1370 5387 et
1394 5332 1516 5395 sabbata,
1538 5339 1565 5386 et
1579 5330 1682 5385 bestias
1695 5331 1837 5400 pecudum,
1856 5339 1884 5386 et
1896 5346 1928 5387 ea
1942 5332 1994 5391 sub

356 5419 1152 5497 qiuariaruqneasolocstbeoqnnerereneqlissit3hrriusmodi
1203 5424 1349 5495 allegorica
1362 5422 1531 5493 expositione
1551 5419 1630 5490 juxta
1647 5435 1756 5476 sensum
1770 5436 1847 5475 suum
1862 5422 1993 5492 interpre-

356 5528 425 5583 erqo
446 5513 600 5569 homiuibus
621 5515 725 5570 amicus
743 5530 824 5571 verus
836 5531 889 5572 noo
901 5518 961 5583 erit,
976 5519 1039 5587 quia
1057 5533 1151 5574 eorum
1204 5515 1285 5579 murlo
1299 5514 1398 5569 asserit
1410 5511 1544 5578 habenda,
1561 5526 1647 5565 tcum
1661 5509 1723 5564 ⁰¹¹ss
1738 5510 1805 5580 libis
1818 5509 1943 5567 fflfffflul
1956 5510 1992 5564 ⁵¹²

355 5603 475 5660 stultitia
488 5618 580 5660 reram
592 5606 720 5671 anticum,
736 5607 782 5677 qui
797 5608 942 5666 secundnm
953 5608 1037 5664 [lenm
1048 5609 1151 5665 amiens
1203 5604 1382 5676 adjustitiam
1394 5602 1468 5667 orani
1486 5602 1618 5658 credenti.
1634 5619 1645 5655 t
1659 5599 1760 5656 Fatuus
1775 5607 1817 5656 est
1830 5608 1859 5656 et
1868 5599 1989 5671 philoso-

354 5694 403 5758 sit,
424 5693 526 5751 haltere
537 5696 624 5751 nescit
638 5714 645 5751 :
658 5707 686 5751 et
705 5698 767 5752 ideo
787 5698 864 5754 labor
886 5712 980 5754 eorum
1003 5698 1030 5753 in
1047 5699 1151 5755 coelesti
1201 5696 1283 5768 phur,
1297 5694 1344 5765 qni
1359 5694 1476 5749 humana
1491 5690 1698 5749 ratiocinatione
1719 5690 1836 5745 :estimat
1848 5702 1878 5741 se
1899 5686 1991 5741 omnia

354 5799 445 5856 reqtm
467 5786 670 5843 retributionem
696 5802 750 5842 noo
765 5788 883 5853 babebit,
898 5789 961 5860 quia
989 5788 1151 5844 transitorias
1201 5802 1281 5859 posse
1304 5785 1546 5858 comprehendere,
1578 5784 1713 5854 vertitque
1735 5779 1885 5836 doctrinam
1913 5791 1991 5833 suant

353 5877 422 5936 titae
435 5879 531 5947 gandia
545 5881 663 5936 maxime
675 5879 810 5949 qnaesivit.
1201 5878 1361 5951 disputando
1370 5876 1448 5946 jmta
1466 5876 1599 5930 elementa
1614 5872 1719 5936 mundi,
1735 5879 1762 5924 et
1774 5882 1828 5921 noo
1842 5866 1990 5923 secundum

395 5991 407 6026 r
426 5970 478 6040 Qui
503 5974 575 6029 enim
601 5974 685 6030 edunt
706 5987 804 6042 panem
829 5973 924 6038 iliius,
950 5970 1024 6028 salse
1047 5970 1146 6042 linquae
1199 5970 1350 6037 veritatem,
1365 5981 1425 6039 quae
1439 5972 1482 6022 est
1504 5964 1533 6020 in
1556 5962 1665 6020 Christo
1682 5955 1869 6015 ³0⁵⁰·F8W05
1886 5962 1928 6012 “²
1952 5966 1981 6013 0²
