4709 6767
380 660 449 715 itta

719 648 750 701 n.
771 645 897 702 sanam
916 643 1024 698 nisum
1044 601 1203 697 anciliae.
1224 640 1378 697 nocuus.
1396 639 1538 697 ornauit
1557 640 1687 731 ranst

1948 650 2010 706 llll

378 777 492 845 jieiunt:
512 779 541 826 ut
557 769 616 839 ejus
630 767 692 821 rita
705 763 839 832 legatione
853 761 960 824 lancta,
977 758 1061 827 legem
1077 757 1127 811 Dei
1141 756 1168 810 in
1183 760 1206 818 Α
1221 767 1339 810 attamen
1364 755 1429 810 illud
1452 755 1528 811 valde
1554 755 1673 811 laetificat
1696 760 1769 826 quod
1791 763 1931 829 seqnitur,
1955 768 2011 834 qais

378 864 478 922 rriusrdo
493 860 657 932 praedicent,
676 863 704 910 et
720 854 844 908 homines
857 860 963 906 terrena
976 847 1109 904 desideria
1129 848 1169 902 lu·

377 969 440 1025 gere
452 960 532 1021 atque
544 948 708 1016 sempiterna
723 942 817 1013 gandia
831 956 953 1011 quaerere
964 940 1088 1004 doceant,
1102 953 1168 1009 qua-

377 1054 456 1098 tenns
467 1042 514 1105 ihi,
523 1039 601 1107 juxta
612 1034 753 1091 millenarii
764 1032 868 1087 numeri
882 1029 1101 1102 significantiam,
1113 1030 1168 1084 Deo

377 1134 558 1195 retribuente,
576 1135 605 1183 et
623 1124 816 1198 plenitudinem
831 1122 963 1176 mercedis
977 1121 1124 1190 accipiant,
1140 1128 1168 1174 et

377 1237 468 1275 reram
481 1218 674 1274 beatitudinem
689 1230 750 1268 cum
765 1212 872 1267 Christo
884 1219 911 1266 et
925 1210 1028 1282 angelis
1040 1210 1098 1282 ejus
1110 1212 1167 1265 sine

376 1316 429 1367 tine
443 1312 607 1382 possideant.
621 1308 696 1375 Qirod
711 1315 802 1360 antem
817 1306 861 1384 hic
875 1304 996 1373 sequitur
1010 1322 1017 1357 ε

412 1402 449 1457 lli
467 1403 586 1457 uiderunt
605 1398 675 1453 niolo
694 1396 862 1468 quatiebant
883 1396 911 1448 iu
931 1391 1027 1465 populo
1047 1391 1121 1446 Juda
1141 1401 1167 1447 et

376 1490 553 1555 Hierusalem,
568 1499 620 1545 etc.
643 1487 710 1555 Quia
734 1486 778 1541 isti
799 1486 892 1553 utique
912 1481 1039 1538 scandala
1060 1480 1167 1539 diversa

375 1597 435 1651 cquae
448 1581 482 1635 ab
495 1580 594 1650 iniquis
607 1580 634 1633 in
647 1577 765 1632 Ecclesia
779 1577 825 1630 Dei
841 1585 970 1644 perpetuo
983 1572 1165 1645 [ingeruntur]

375 1672 540 1727 condolendo
552 1678 716 1741 agnoscunt,
733 1683 861 1721 irruerone
879 1665 1012 1736 spirituali
1030 1665 1167 1719 riridieare

375 1766 509 1835 gestiunt,
528 1763 686 1831 sernetipsos
700 1761 814 1815 hostiam
832 1773 931 1827 ponere
946 1773 976 1812 ae
994 1773 1042 1827 pro
1055 1771 1165 1812 suorrrm

374 1856 461 1910 salute
475 1855 553 1909 morti
569 1854 674 1909 tradere
685 1868 738 1906 non
749 1860 882 1905 metuunt.
898 1848 974 1904 Unde
988 1848 1109 1917 sequitur
1123 1866 1128 1900 :

411 1948 444 2001 Et
456 1946 531 2001 scidit
543 1945 702 1999 Mathnthias
712 1946 863 1996 uestimenta
873 1958 932 2004 sua,
943 1949 967 1994 et
976 1939 1026 2007 ptis·
1036 1939 1163 2008 ejus,etc.

318 2017 321 2024 Ι
373 2039 444 2105 de
457 2049 499 2094 est
511 2052 575 2107 ergo
588 2036 745 2099 vestimenta
760 2034 893 2095 scindere,
909 2032 959 2087 nisi
974 2047 1087 2102 corpora
1103 2048 1165 2100 sup·

374 2129 462 2199 pliciis
486 2128 601 2182 tradere.
627 2126 661 2181 Et
682 2125 746 2194 quid
765 2125 864 2195 operiri
888 2124 985 2188 cilicio,
1010 2124 1060 2179 nisi
1077 2122 1164 2191 justos

374 2224 451 2292 qnasi
475 2230 639 2291 peccatores,
661 2232 673 2260 ⁸
695 2218 736 2273 rel
756 2219 850 2287 punire
876 2227 1017 2272 tormento.
1042 2216 1163 2272 Cilicium

374 2329 479 2383 quoqne
495 2313 524 2367 bt
536 2328 567 2366 ex
585 2312 668 2366 haedis
683 2326 806 2380 asperum
824 2310 1022 2379 setigerumque
1043 2319 1162 2362 tornien-

375 2417 440 2460 tmn.
459 2404 524 2459 Nam
538 2403 608 2458 haedi
622 2404 655 2456 ad
667 2401 762 2457 delicta
781 2400 843 2468 jure
858 2400 1162 2469 reiemntnr,qnoniam

373 2504 399 2549 et
415 2494 442 2548 in
459 2492 561 2561 judicio
575 2490 682 2547 llomini
696 2491 722 2544 in
740 2498 912 2561 peecatorum
930 2499 1020 2559 partes
1038 2496 1100 2545 suut
1116 2504 1164 2558 po-

344 2647 350 2658 ,
373 2591 430 2647 siti.
444 2589 516 2659 Ergo
531 2585 665 2642 honiinas
681 2585 744 2656 quia
765 2598 875 2639 carnem
886 2583 990 2653 peccati
1005 2588 1162 2657 assumpsit,

370 2686 487 2742 cilicium
514 2697 544 2738 se
568 2680 690 2735 induisse
721 2686 919 2732 commemorat
945 2673 1033 2745 (reat
1056 2683 1162 2743 xxxrut.

375 2778 434 2817 isara
460 2763 482 2817 si
505 2763 633 2818 historice
648 2762 810 2832 accipimus,
825 2777 957 2830 nusquam
972 2777 1034 2817 eum
1049 2762 1162 2833 legimus

374 2869 451 2909 usum
466 2853 548 2909 luisse
561 2853 657 2909 cilicio.
669 2853 740 2924 Ergo
753 2856 818 2908 dum
830 2850 913 2907 ludaei
928 2868 976 2923 per
985 2854 1161 2910 contumelias

372 2952 400 2998 et
412 2945 522 3000 insidias
534 2953 625 3000 essem
644 2945 760 3010 molesti,
771 2944 815 2998 ille
829 2943 998 2998 diuinitatem
1011 2959 1087 2999 suam
1098 2959 1160 3000 aar·

373 3033 415 3086 nis
429 3032 561 3087 uelamine
582 3032 731 3087 tenebrosis
751 3033 886 3087 mentibus
906 3032 1074 3097 occultabat;
1097 3035 1160 3103 quia

373 3139 424 3177 non
437 3124 610 3179 merebantur
624 3139 770 3195 agnoscere
791 3140 870 3193 quem
887 3124 931 3177 tali
956 3125 1093 3194 impietate
1107 3134 1160 3180 tra·

269 3225 273 3236 ’
371 3215 481 3270 stabant
497 3215 629 3270 occidere.
652 3214 766 3284 Propter
780 3216 852 3269 enim
864 3226 974 3286 peccata
989 3215 1158 3285 populomrn.

372 3302 534 3375 Redemptor
546 3304 656 3360 hostiani
670 3304 775 3375 gesseris
787 3319 896 3359 carnem
911 3320 988 3361 snam
1003 3307 1114 3362 tradidit
1126 3307 1158 3361 ad

372 3406 496 3462 mortem,
509 3406 536 3452 et
548 3396 684 3454 condoluit
696 3406 794 3452 nostrae
807 3394 971 3451 infirmitati:
986 3396 1020 3453 da
1034 3413 1087 3467 quo
1102 3399 1158 3469 ipse

1220 845 1381 901 dlathatlrias
1396 855 1421 900 et
1431 845 1481 915 filii
1491 846 1548 916 ejus
1560 856 1711 902 constanter
1722 860 1866 915 steterunt,·
1881 870 1946 909 eom
1960 858 2011 914 sinc

1220 939 1301 995 dubio
1314 938 1352 993 illi
1366 939 1394 993 in
1408 940 1521 994 veritate
1534 950 1615 1009 atqne
1630 941 1657 994 in
1674 939 1778 1009 justitia
1791 946 1955 1013 persistunt,
1969 954 2009 1020 qni

1220 1032 1275 1086 seri
1295 1030 1462 1095 blathathiae,
1484 1031 1536 1087 hoc
1549 1041 1590 1087 est
1609 1030 1671 1088 lesu
1689 1032 1806 1100 Christi,
1823 1036 1872 1092 diii
1887 1054 1950 1095 esse
1963 1060 2010 1099 me

1221 1130 1342 1187 ruerunt,
1351 1120 1462 1192 ejusque
1472 1121 1551 1177 iidem
1563 1138 1596 1177 ac
1605 1126 1731 1180 mandata
1741 1138 1897 1194 servantes,
1908 1142 2009 1189 aelertrae

1218 1210 1280 1265 situ
1297 1210 1407 1281 praemia
1422 1212 1556 1266 constanti
1573 1213 1664 1268 :inimo
1681 1230 1730 1283 per
1748 1215 1809 1285 ejus
1823 1222 1941 1288 gratiam
1957 1225 2008 1278 adr·

1218 1300 1285 1370 pisci
1299 1311 1473 1370 compescunt
1488 1300 1687 1376 [contendenti.

1253 1390 1287 1445 Et
1306 1392 1487 1461 respondentes
1506 1394 1551 1462 qui
1570 1395 1643 1448 missi
1663 1406 1737 1450 erant
1757 1397 1791 1450 ah
1811 1399 1952 1466 Antiocho,
1972 1407 2008 1458 di·

1216 1490 1311 1534 nerunt
1326 1479 1480 1536 Mathathioe
1497 1494 1506 1533 .·
1526 1480 1662 1554 Princeps,
1685 1494 1738 1540 etc.
1761 1486 1827 1543 Sise
1847 1505 1900 1559 per
1913 1492 2004 1559 dolum,

1218 1570 1275 1625 sire
1295 1585 1345 1640 per
1365 1571 1430 1635 rim,
1454 1587 1560 1643 semper
1580 1575 1751 1631 machinatur
1773 1579 1907 1647 antiquus
1928 1583 2005 1638 hostis

1217 1661 1351 1730 quomodo
1369 1671 1472 1716 evertat
1486 1662 1587 1718 cultum
1601 1666 1707 1734 pietatis
1720 1668 1746 1721 in
1761 1668 1888 1725 Ecclesia
1901 1671 2003 1728 Christi.

1216 1752 1275 1823 lpse
1290 1754 1362 1810 enim
1376 1754 1421 1824 qui
1436 1756 1469 1809 ad
1490 1758 1646 1811 tentandum
1661 1758 1872 1828 Redemptorem
1891 1773 2003 1819 nostran

1217 1844 1244 1898 in
1259 1844 1365 1899 deserto
1379 1846 1507 1910 accessit,
1522 1846 1633 1901 dicens:
1657 1845 1685 1902 Si
1701 1846 1791 1903 Filius
1804 1850 1855 1905 liei
1876 1870 1915 1915 es,
1929 1855 1969 1908 die
1980 1867 2003 1909 st

1216 1935 1316 2005 lapides
1328 1936 1371 1989 isti
1382 1952 1463 2006 panes
1474 1936 1539 2004 fiant
1552 1934 1657 2007 (blattis.
1676 1937 1735 2009 tt);
1749 1948 1778 1993 et
1791 1951 1938 2012 postquam
1949 1959 2003 1999 eum

1216 2043 1297 2099 super
1305 2027 1476 2096 pinnaeulum
1489 2028 1580 2097 templi
1592 2028 1619 2082 iu
1630 2040 1725 2084 sancta
1735 2030 1848 2086 civitate
1860 2036 2001 2097 constituit,

1179 2102 1284 2173 Bdixit
1303 2130 1310 2169 :
1331 2115 1361 2172 Si
1383 2114 1469 2171 Filius
1491 2116 1540 2172 nes
1557 2135 1595 2183 es,
1614 2121 1686 2174 mitte
1708 2130 1733 2174 te
1753 2122 1881 2177 deorsum
1905 2124 2001 2194 (liud).

1216 2208 1350 2278 Scriptum
1363 2216 1405 2265 est
1413 2210 1485 2264 enim
1500 2209 1585 2275 :Quia
1598 2211 1762 2282 angelistuis
1779 2216 1917 2271 inundarit
1928 2220 1959 2273 de
1971 2231 2001 2285 te,

1213 2308 1237 2350 et
1249 2299 1275 2351 in
1290 2298 1409 2353 ntanihus
1420 2297 1510 2352 tollent
1530 2308 1563 2364 te,
1581 2316 1612 2354 ne
1626 2299 1692 2369 torte
1709 2303 1832 2371 offendas
1847 2306 1884 2358 ad
1898 2306 2001 2376 lapidea

1212 2388 1303 2458 pedem
1316 2397 1389 2441 tauns
1405 2387 1490 2459 (Psoi.
1506 2389 1561 2461 xc).
1583 2390 1700 2461 ladeque
1714 2409 1778 2448 eum
1796 2397 1963 2453 transferens
1979 2401 2000 2452 in

1213 2485 1332 2532 rtrontem
1345 2478 1497 2545 excelsum,
1512 2489 1537 2533 et
1553 2481 1663 2534 ostendit
1676 2482 1702 2535 ei
1715 2483 1808 2536 omnia
1825 2501 1905 2554 regna
1919 2489 2001 2540 nsandi

1212 2581 1236 2620 et
1247 2567 1356 2638 pluriam
1370 2585 1469 2633 coruus,
1483 2578 1506 2621 et
1519 2568 1583 2621 dixit
1597 2569 1620 2622 ei
1632 2585 1642 2623 .·
1658 2567 1723 2623 llaec
1734 2573 1828 2624 anania
1841 2573 1888 2625 stat
1906 2574 2000 2628 debari

1212 2656 1345 2726 procidens
1359 2656 1508 2712 adoraveris
1521 2675 1561 2711 me
1574 2657 1681 2729 (blattis.
1706 2659 1754 2733 ιι).
1771 2660 1877 2717 Eadem
1892 2665 2001 2733 qnotidie

1212 2745 1239 2800 in
1254 2746 1382 2802 memhris
1393 2745 1449 2802 suis
1470 2762 1519 2817 per
1532 2748 1669 2804 ministros
1685 2764 1749 2805 suos
1766 2750 1861 2807 dolose
1879 2756 2000 2824 sirggsirit,

1211 2845 1343 2908 qnatenus
1352 2852 1401 2908 pro
1412 2838 1557 2892 ambitione
1569 2838 1690 2893 saeculari
1701 2839 1834 2895 deserant
1847 2844 1920 2895 siam
1930 2845 2000 2912 justi-

1212 2931 1264 2994 tiae,
1277 2939 1303 2984 et
1318 2930 1418 2986 iaciant
1427 2929 1531 2999 jussum
1548 2932 1618 3002 regis
1633 2934 1795 3003 nequissimi
1810 2937 1858 3006 qui
1871 2949 1965 3009 regnat
1978 2940 1999 2993 in

1211 3023 1341 3076 urtieersos
1355 3022 1424 3090 filios
1437 3022 1563 3093 superbia
1576 3021 1636 3093 (doh
1651 3023 1719 3094 ιιι),
1732 3032 1789 3079 ete.

1246 3111 1279 3165 Et
1293 3112 1423 3181 respondit
1440 3111 1601 3166 llathatlrias
1615 3122 1639 3166 et
1653 3113 1721 3167 dieis
1736 3131 1837 3186 magna
1858 3135 1934 3181 roca,
1952 3131 1997 3173 cte

1210 3203 1366 3259 Constantia
1390 3204 1543 3259 llathathiae
1566 3204 1735 3261 corilortahat
1761 3210 1874 3265 anitnos
1893 3212 1998 3266 liliomn

1210 3310 1335 3360 suornm;
1349 3296 1389 3349 sic
1402 3302 1430 3350 et
1443 3295 1570 3365 patientia
1584 3304 1610 3349 et
1623 3295 1818 3367 longanimitas
1831 3301 1939 3355 batarini
1957 3319 1998 3356 no

1210 3384 1258 3439 stri
1286 3381 1349 3440 lesu
1376 3384 1477 3440 Christi
1505 3385 1624 3439 onmium
1649 3387 1823 3442 credentium
1849 3394 1999 3447 corroborat

373 3487 500 3541 Dottrinus
517 3502 564 3555 per
582 3486 678 3542 lsaiam
698 3486 756 3539 ait:
773 3484 885 3555 Propter
903 3486 986 3541 sulus
1003 3486 1095 3558 populi
1109 3504 1159 3543 ntes
1173 3457 1195 3520 C
1211 3475 1301 3531 fidssm·
1325 3476 1398 3532 [ΜΘ
1419 3476 1557 3547 discipulis
1580 3477 1635 3531 ⁸⁰5⁸
1655 3477 1694 3531 ³3¹
1715 3496 1722 3531 ²
1747 3478 1843 3535 Mle
1870 3486 1961 3536 ”iiiiii
1979 3485 1998 3535 ⁸⁸⁴

370 3577 483 3644 percussi
507 3591 566 3629 eunt
587 3575 766 3646 (lsa.ntu),et
792 3592 798 3626 :
825 3572 979 3644 Iniquitates
997 3593 1086 3629 aarum
1106 3578 1160 3648 ipse
1209 3567 1320 3621 ‘’dliii’‘
1338 3567 1565 3632 milidssbislwlss
1584 3568 1645 3639 quia
1664 3571 1841 3639 mepriorem
1864 3575 1997 3628 ῑὊῦῐδθᾶῐθ

370 3665 492 3735 portata.
507 3664 571 3720 ideo
583 3666 769 3736 dispersisset
781 3665 917 3737 pturinos,
931 3676 954 3719 er
970 3668 1079 3735 torrium
1092 3667 1158 3722 diei-
1209 3660 1327 3714 intuerit
1342 3660 1432 3731 (ἐστι).
1447 3663 1492 3732 ιι)
1508 3676 1515 3714 τ
1533 3678 1613 3732 neque
1627 3661 1741 3715 litteratis
1757 3680 1803 3717 eos
1822 3666 1871 3735 qui
1888 3668 1997 3719 ornarat

369 3754 412 3807 siet
434 3753 527 3824 spolia,
550 3772 597 3825 pro
617 3773 646 3810 eo
670 3756 739 3820 quod
763 3756 870 3809 tradidit
893 3756 920 3810 t'n
942 3767 1024 3810 ntotte
1043 3758 1159 3813 (ιιιίιιιιιηι
1209 3769 1312 3821 corpus,
1331 3754 1446 3807 ottt'mntn
1461 3763 1547 3806 autem
1563 3752 1678 3807 occidere
1694 3770 1747 3807 nott
1760 3758 1997 3824 possessuras»

369 3860 455 3909 suam,
470 3855 493 3898 et
512 3861 570 3898 cunt
584 3845 716 3899 sceleratis
731 3845 870 3915 deputatus
883 3857 930 3908 est,
946 3857 969 3899 et
984 3846 1038 3916 ipse
1052 3855 1158 3915 peecata
1208 3843 1260 3897 tius
1275 3859 1333 3897 eum
1348 3843 1392 3913 qui
1411 3852 1492 3911 potest
1510 3853 1533 3897 et
1555 3843 1669 3897 animant
1688 3853 1712 3897 et
1728 3862 1827 3915 corpus
1849 3849 1956 3916 perdere
1973 3848 1995 3898 is

368 3932 509 3987 multorum
525 3934 593 3999 tulit,
614 3945 638 3987 et
658 3951 704 4004 pro
721 3935 954 4004 transqressorihus
972 3936 1070 4005 soponit
1089 3934 1156 4008 (lsa.
1208 3933 1350 4004 gehennam
1365 3932 1471 4001 (llattlr.
1487 3933 1525 4004 ιι).
1549 3932 1720 4004 inpatientia
1736 3946 1825 3989 uestra
1839 3937 1995 4005 possidebitis

368 4028 437 4097 ιιιι).
454 4026 583 4081 Similiter
596 4036 623 4083 et
642 4027 688 4082 lilii
707 4026 774 4095 ejus,
791 4028 841 4081 hoc
854 4036 896 4081 est
911 4027 1024 4097 apostoli
1041 4037 1069 4083 et
1087 4043 1159 4083 mar·
1209 4024 1310 4078 animas
1330 4032 1437 4087 uestras,
1457 4033 1480 4077 et
1500 4024 1547 4077 erit
1563 4039 1659 4077 merces
1679 4032 1766 4077 uestra
1788 4026 1875 4079 muita
1896 4028 1923 4079 in
1940 4026 1994 4079 cuia

368 4128 440 4187 tyres
453 4118 537 4188 ipsius
548 4117 670 4189 exemplo
682 4118 780 4183 edocti,
796 4134 849 4173 non
861 4117 1020 4173 dubitabant
1031 4133 1079 4188 pro
1094 4119 1158 4191 legi·
1209 4115 1368 4188 (lucain.)
1378 4115 1430 4182 Qui
1443 4126 1527 4171 autern
1546 4117 1747 4188 perseveraverit
1762 4135 1848 4188 usquc
1868 4122 1896 4174 in
1913 4121 1992 4190 tinas,

369 4208 441 4262 tinais
465 4208 512 4264 bei
535 4218 563 4263 et
588 4210 674 4265 salute
698 4208 811 4264 fratrum
837 4225 948 4264 suorum
975 4210 1157 4280 temporaliter
1207 4208 1407 4264 hirsaltuserit
1425 4208 1531 4283 (llattls.
1546 4211 1573 4282 a)

368 4300 446 4365 rasori,
462 4310 594 4371 quatenus
615 4302 688 4373 regni
713 4302 830 4358 coelestis
851 4302 948 4372 gaudia
970 4317 1032 4357 curu
1056 4304 1157 4359 sanetis
1243 4297 1277 4351 Et
1297 4308 1325 4351 ut
1345 4300 1450 4354 cessauit
1475 4298 1546 4370 loqui
1566 4299 1641 4355 aerha
1661 4300 1730 4367 haec,
1751 4311 1805 4357 ete.
1830 4302 1938 4360 letheas
1955 4305 1992 4357 hit

366 4390 469 4460 angelis
484 4407 532 4461 per
546 4394 597 4447 hoc
616 4403 725 4462 possent
739 4395 847 4449 mereri.
868 4393 942 4450 Unde
962 4392 1079 4451 loannes
1094 4411 1157 4466 apo
1207 4390 1252 4459 qui
1273 4388 1436 4444 sacrificavit
1454 4404 1545 4444 coram
1563 4390 1647 4445 oeulis
1666 4391 1789 4446 omnium
1810 4394 1901 4452 idolis.
1922 4396 1983 4465 signi

366 4481 451 4535 status
466 4482 504 4535 att
524 4500 530 4534 ι
548 4480 581 4534 tn
594 4482 641 4536 tae
653 4485 829 4554 cognoscimus
845 4486 1010 4552 claritatem,
1030 4488 1155 4556 quantam
1207 4475 1270 4532 beat
1289 4478 1374 4533 stratos
1393 4479 1549 4543 catholicos,
1571 4479 1615 4548 qut
1636 4479 1727 4549 pravis
1747 4482 1879 4551 operibus
1898 4492 1924 4537 ct
1941 4497 1983 4552 pec

365 4566 409 4621 ille
428 4585 475 4638 pro
494 4570 568 4623 nohis
585 4570 699 4625 animam
720 4589 794 4626 suam
812 4575 909 4642 posuit,
930 4584 953 4628 et
974 4591 1020 4629 nos
1034 4575 1154 4631 dehemus
1206 4581 1326 4627 catorum
1353 4581 1415 4627 nota
1441 4570 1622 4626 scandalizant
1645 4572 1786 4639 proximos
1812 4589 1889 4629 suos.
1917 4576 1942 4629 lu
1964 4589 1991 4629 to

363 4674 412 4727 pro
426 4659 551 4725 [sairdas
564 4662 678 4714 animam
693 4678 786 4731 pariere
802 4663 826 4735 (l
839 4662 920 4719 lanu.
935 4662 987 4737 ιιι).
1206 4662 1277 4717 enim
1293 4662 1370 4716 idolis
1385 4660 1538 4716 sacrificare
1553 4660 1700 4729 probantur
1715 4663 1790 4731 quod
1804 4664 1990 4734 principalibus

403 4748 433 4801 Et
447 4760 569 4804 uenerunt
583 4750 637 4803 illic
650 4752 694 4822 qui
705 4752 776 4807 missi
791 4754 907 4820 suerunt,
921 4762 973 4809 etc.
989 4753 1070 4810 blittit
1081 4772 1154 4810 nam·
1204 4754 1277 4808 titiis
1296 4752 1423 4823 captivati
1440 4766 1502 4808 esse
1521 4751 1738 4806 manifestantur.

364 4855 416 4909 qne
430 4842 580 4897 Antiochus
599 4842 746 4911 spiritualis
768 4844 795 4897 in
813 4844 950 4899 civitatem
966 4845 1069 4910 llodin,
1092 4862 1152 4916 quae
1241 4845 1317 4902 Unde
1330 4844 1471 4901 avaritiam
1487 4842 1585 4899 Paulus
1604 4842 1743 4914 apostolus
1758 4845 1897 4901 idolorum
1916 4861 1989 4902 serra-

365 4928 557 5000 interpretatnr
567 4932 698 5001 judicium
716 4946 726 4986 .·
745 4934 773 4987 in
787 4934 935 4989 Ecclesiam
949 4935 1073 4991 videlicet
1091 4952 1153 4992 san-
1205 4945 1288 4992 tutem
1303 4934 1418 5006 appellat
1429 4932 1551 5007 (Cabur).
1575 4932 1627 4988 Sed
1649 4932 1698 4987 hos
1716 4932 1827 5002 gladius
1844 4935 1989 5008 llathathia

364 5031 447 5089 ctam,
460 5024 505 5080 uhi
515 5025 616 5094 judicia
630 5026 677 5082 Dei
689 5027 890 5100 diligentissime
905 5029 1110 5098 custodiuntnr;
1123 5040 1154 5086 ut
1204 5028 1322 5084 trucidat
1343 5028 1423 5097 luper
1443 5041 1529 5092 aram,
1554 5024 1616 5093 qnia
1637 5025 1703 5079 ultio
1728 5027 1882 5095 aequissimi
1901 5029 1989 5099 judicis

362 5129 410 5169 cos
425 5116 470 5185 qui
484 5117 660 5189 confugerant
679 5119 741 5175 illuc
756 5120 905 5175 remedium
925 5122 1075 5177 animarum
1094 5138 1154 5179 saa·
1200 5116 1302 5187 justam
1314 5118 1341 5172 in
1360 5116 1456 5172 talibas
1471 5122 1580 5171 exercet
1591 5115 1747 5171 vindictam.
1769 5116 1903 5175 Necnon
1922 5120 1985 5175 etri-

363 5217 423 5257 rum
434 5218 595 5274 quaerentes,
607 5225 623 5264 a
637 5209 695 5281 lege
708 5210 846 5267 discedere
858 5220 968 5282 cogant,
980 5222 1151 5284 peceawrum
1204 5225 1264 5265 rum
1276 5224 1357 5279 quem
1369 5206 1480 5263 miserat
1491 5204 1640 5261 Antiochus
1655 5206 1699 5275 qni
1713 5206 1833 5278 cogebat
1848 5210 1988 5270 immolare,

362 5294 498 5349 victimam
523 5306 550 5352 et
576 5300 677 5354 cultum
704 5302 850 5372 impietatis
871 5304 976 5360 diabolo
998 5306 1148 5362 exsolvant.
1202 5301 1230 5355 in
1244 5300 1303 5370 ipso
1318 5309 1438 5369 tempore
1448 5299 1545 5354 oceidit
1558 5316 1565 5352 :
1578 5300 1641 5370 qnia
1655 5300 1681 5353 in
1696 5299 1741 5356 die
1755 5312 1884 5358 extrema
1898 5303 1987 5360 erani-

362 5382 416 5440 Sed
437 5384 487 5439 hoe
505 5389 575 5455 quod
595 5389 764 5461 subjungitur
784 5394 842 5449 sine
865 5396 966 5466 gemitu
987 5395 1075 5467 legere
1095 5413 1148 5452 non
1201 5394 1253 5454 nis,
1267 5408 1320 5446 non
1333 5391 1419 5447 solum
1432 5401 1588 5461 peccatores
1602 5392 1736 5458 homines,
1757 5396 1806 5449 sed
1822 5406 1986 5465 peecatorum

359 5473 505 5545 possimus,
524 5477 587 5546 quia
604 5477 680 5532 multi
699 5480 731 5532 de
744 5483 839 5551 populo
859 5483 943 5538 lsrael
962 5487 1149 5541 consentientes
1201 5480 1382 5551 instigatores,
1398 5478 1506 5550 maligni
1520 5478 1644 5534 videlicet
1658 5478 1783 5548 spiritus,
1794 5491 1908 5539 aeternae
1920 5483 1984 5537 darn

359 5578 522 5621 accesserunt
541 5567 577 5621 ad
596 5585 649 5634 cos,
665 5584 725 5623 cnm
746 5571 867 5629 videmus
883 5576 1024 5629 tormentis
1040 5587 1148 5633 coactos
1200 5569 1316 5624 nationis
1339 5568 1462 5623 melitam
1487 5566 1617 5637 recipient
1639 5582 1768 5637 poenam;
1794 5572 1880 5626 Simul
1903 5580 1929 5627 θῑ
1946 5585 1984 5623 ²¹²

359 5673 373 5711 a
388 5659 516 5730 religione
528 5661 636 5731 pietatis
649 5670 815 5730 apostatare;
832 5664 899 5720 alios
911 5665 1057 5735 cupiditate
1070 5667 1148 5725 istius
1199 5657 1345 5727 impietatis
1360 5657 1522 5722 deslfflelllb
1537 5657 1601 5726 qaia
1624 5663 1686 5727 9⁰⁵¹
1701 5669 1850 5729 demtum
1865 5662 1983 5731 ludicium

359 5750 451 5804 mundi
466 5751 569 5808 illectos
588 5761 735 5809 retrorsum
757 5753 856 5820 relabi,
873 5754 940 5810 alios
960 5756 1146 5811 haeretieomm
1198 5750 1310 5805 ulterius
1323 5750 1453 5820 peccandi
1468 5749 1580 5805 facultas
1590 5749 1650 5805 'ulla
1663 5766 1718 5806 non
1732 5752 1873 5809 tribuetur
1885 5750 1981 5823 iniquis

358 5842 456 5895 astutia
475 5844 599 5900 seductos
612 5844 717 5913 decipi,
738 5844 805 5900 alios
822 5853 850 5899 et
868 5845 973 5900 larnaria
988 5855 1068 5917 atque
1087 5846 1147 5903 libi·
1197 5843 1274 5911 Quod
1287 5852 1376 5898 autem
1391 5843 1512 5914 sequitur
1527 5861 1533 5897 :
1550 5841 1657 5898 Zelatus
1668 5853 1706 5898 est
1725 5843 1829 5917 legesn,
1851 5850 1919 5903 sicat
1932 5845 1981 5915 [scit

358 5929 419 5985 dine
439 5920 547 6004 propria
568 5937 601 5992 ad
622 5936 749 6007 pristinas
764 5937 889 5993 citiorum
913 5938 1005 5993 sordes
1022 5939 1144 5994 reverti:
1199 5932 1310 5991 Phineas
1333 5934 1425 5993 Zarnri
1445 5935 1501 6007 filio
1521 5933 1621 5992 Salerni
1642 5932 1739 6008 (Num.
1763 5939 1853 6014 nr),
1879 5935 1980 5999 ostendii

392 6054 403 6082 ⁸
419 6044 500 6101 liceat
511 6048 621 6113 aliqrrid.
