4709 6767
357 566 429 624 tons
783 575 960 634 conrunnr.
980 577 1014 632 m
1033 574 1339 634 uccnestasrrcuu.
1361 604 1395 615 -
1414 573 1479 629 utu.
1499 571 1566 628 vnn.
1593 539 1597 550 '
1925 576 1994 632 roos

357 683 512 751 severitate,
533 698 585 741 nec
602 688 741 757 peccaram
762 688 855 745 illicita
872 690 999 746 fruantur
1012 691 1146 747 libertate.
1162 696 1188 754 Α
1240 710 1249 741 n
1274 689 1301 744 Si
1317 697 1359 745 est
1378 688 1427 745 tibi
1445 703 1539 745 servus
1553 686 1649 751 fidelis,
1665 689 1700 745 sit
1725 689 1773 745 tibi
1797 691 1875 761 quasi
1901 692 1992 747 anima

357 774 416 830 Non
429 784 472 830 est
483 776 555 832 enim
570 777 596 833 in
609 779 650 834 eis
660 780 779 836 conditio
792 790 895 837 naturae
906 781 1090 852 despicienda,
1104 782 1152 838 sed
1208 801 1218 835 e
1240 792 1301 849 tua;
1325 781 1403 851 quasi
1418 781 1542 848 tratrem,
1556 781 1596 837 sic
1620 795 1682 837 enm
1704 791 1801 845 tracta,
1818 784 1946 848 qnoniam
1967 784 1994 840 in

357 866 516 936 improbitas
530 883 636 924 morum
648 873 808 935 coercenda,
826 882 857 928 ut
872 874 961 928 sciant
981 889 1011 929 se
1029 873 1153 928 subditos
1205 893 1215 924 i
1238 874 1368 945 sanguine
1383 874 1480 933 anime
1493 872 1657 942 comparasti
1671 888 1744 928 enm.
1761 872 1789 928 Si
1806 874 1907 930 laseris
1919 873 1995 931 illum

356 958 540 1024 essedonas,
561 967 589 1015 et
612 975 666 1016 non
687 971 815 1032 proterva
839 964 981 1033 superbire
1001 962 1150 1017 voluntate.
1206 980 1216 1013 n
1239 960 1347 1031 injuste,
1362 960 1493 1033 iniugam
1506 969 1700 1028 eonvertetnr;
1718 970 1746 1017 et
1760 963 1783 1018 si
1794 963 1928 1020 extollens
1940 965 1997 1021 dis·

355 1046 394 1101 lili
416 1050 489 1103 enim
504 1057 579 1104 recte
597 1050 723 1106 dicuntur
736 1052 817 1118 servi,
834 1054 880 1124 qul
894 1067 925 1108 se
941 1053 1068 1109 vitiomm
1085 1053 1151 1110 sub·
1206 1072 1215 1105 t
1237 1053 1361 1119 cesserit,
1384 1068 1466 1123 quem
1479 1067 1597 1123 quaeras,
1616 1061 1645 1109 et
1662 1053 1689 1108 in
1706 1066 1760 1123 qua
1773 1054 1816 1109 via
1840 1069 1947 1123 quaeras
1960 1054 1995 1110 il·

356 1140 434 1211 igunt
447 1141 644 1209 dominationi;
664 1143 703 1198 illi
722 1158 789 1200 vero
806 1146 853 1217 qni
872 1160 902 1201 se
922 1146 956 1201 ad
970 1146 1152 1201 obediendum
1206 1160 1215 1193 t
1238 1141 1304 1207 lum,
1320 1143 1420 1199 nescis·
1443 1162 1452 1194 t
1480 1141 1612 1213 Superius
1627 1142 1699 1199 servi
1713 1142 1777 1199 b0ni
1797 1137 1997 1216 conscripserat

355 1232 474 1287 subdunt
484 1233 596 1302 justitie
616 1241 644 1289 et
657 1236 789 1304 mutati,
812 1244 840 1292 et
860 1238 1004 1292 veritatem
1019 1245 1094 1291 reete
1111 1244 1152 1292 te·
1203 1230 1298 1303 legem,
1312 1233 1350 1286 ira
1364 1232 1478 1289 dicens:
1495 1232 1554 1289 Non
1569 1233 1651 1291 mans
1662 1250 1771 1291 servum
1784 1242 1941 1307 operantem
1967 1238 1994 1293 in

355 1333 421 1379 nent
433 1326 573 1381 catholicae
587 1326 660 1392 hdei,
684 1328 720 1382 illi
735 1329 889 1398 peremnia
914 1329 1067 1384 ascribendi
1088 1336 1153 1384 sunt
1203 1325 1328 1392 veritate,
1340 1340 1427 1397 neque
1438 1327 1636 1383 mercenarium
1648 1328 1758 1384 dautem
1773 1329 1893 1384 animam
1906 1343 1994 1384 snam.

354 1418 419 1472 huic
443 1419 578 1485 libertati,
595 1435 649 1490 qna
670 1419 795 1477 Christus
818 1421 944 1477 liberavit
969 1437 1030 1487 nos,
1052 1422 1098 1492 qui
1123 1422 1151 1477 in
1204 1415 1307 1473 Servus
1318 1428 1443 1475 sensatus
1467 1419 1504 1475 sit
1521 1419 1571 1475 tibi
1586 1421 1702 1477 dilectus
1723 1423 1802 1494 quasi
1827 1422 1917 1478 anima
1939 1429 1995 1487 tna,

354 1509 500 1582 Evangelio
523 1511 578 1565 ait:
595 1529 605 1563 e
620 1511 648 1567 Si
664 1527 729 1583 ergo
744 1512 816 1567 itlius
835 1528 883 1569 vos
903 1513 1072 1578 liberaverit,
1084 1526 1150 1568 vere
1205 1526 1259 1566 non
1277 1510 1420 1567 defraudes
1435 1511 1512 1568 illum
1526 1511 1663 1579 libertate,
1680 1528 1768 1585 neque
1786 1513 1894 1585 inopem
1919 1512 1997 1570 dere-

355 1602 433 1658 liberi
446 1604 513 1659 estis
524 1602 615 1675 (loen.
628 1603 722 1677 vairp>
740 1602 807 1659 Nam
828 1612 859 1659 ut
880 1604 990 1675 qnidam
1008 1612 1150 1676 poetarum
1204 1601 1311 1674 linquas
1323 1602 1408 1670 illum,
1423 1612 1477 1659 etc.
1498 1623 1508 1658 n
1522 1603 1553 1658 ln
1567 1619 1621 1674 quo
1631 1605 1785 1660 ostenditur
1797 1606 1860 1677 qnia
1872 1602 1994 1673 ejusdcm

356 1694 396 1747 ait
415 1711 421 1747 :
1204 1693 1344 1749 nobiscnm
1356 1704 1543 1762 suntnaturae,
1558 1695 1581 1752 si
1596 1695 1722 1752 benevoli
1743 1697 1798 1752 sint
1810 1705 1838 1751 et
1865 1696 1996 1751 obedien-

1204 1787 1257 1844 tes,
1275 1780 1346 1849 quod
1359 1779 1396 1834 ita
1415 1776 1549 1836 tractandi
1576 1790 1640 1836 sunt
1663 1789 1694 1835 ut
1719 1780 1837 1847 iratres3
1861 1780 1883 1837 si
1905 1789 1996 1836 autem

1204 1872 1265 1928 duri
1289 1879 1317 1925 et
1333 1872 1443 1942 superbi
1464 1871 1597 1944 conndigna
1619 1871 1675 1927 sint
1699 1885 1780 1943 poena
1805 1880 1833 1927 et
1856 1871 1997 1943 disciplina

1205 1964 1358 2020 meroendt.
1379 1963 1456 2030 Quod
1471 1964 1651 2031 autemdicit,
1680 1971 1711 2019 ut
1724 1962 1838 2020 fratrem
1851 1977 1912 2020 esse
1934 1977 1997 2019 enm

356 2047 526 2104 Describitur
537 2065 603 2122 ergo
617 2052 663 2107 hie
685 2053 817 2123 snpientia
840 2055 972 2121 dictante,
988 2055 1076 2126 qualis
1092 2071 1153 2114 esse
1171 2054 1388 2119 Btraetandum,
1413 2054 1542 2124 qnoniam
1562 2068 1596 2109 ex
1620 2054 1752 2127 sanguine
1779 2055 1998 2126 comparavimus

357 2141 438 2196 dehet
459 2143 565 2199 servilis
586 2146 737 2212 nutritura,
756 2158 784 2203 et
807 2148 898 2219 qualis
919 2162 983 2221 erga
1004 2150 1152 2208 indomitos
1204 2162 1278 2213 eum,
1293 2145 1429 2217 signiticat
1443 2144 1516 2217 quod
1535 2153 1664 2200 naturam
1677 2159 1848 2202 communem
1862 2144 1936 2201 ineo
1955 2144 1998 2200 di-

356 2228 505 2300 discipiinae
518 2232 658 2298 strictura,
680 2235 716 2289 ita
732 2244 762 2290 ut
784 2236 901 2292 habeant
913 2239 1013 2294 victum
1026 2248 1054 2294 et
1069 2238 1152 2296 vesti·
1204 2237 1289 2308 ligere
1303 2238 1441 2304 debemus,
1462 2238 1527 2293 etsi
1546 2252 1658 2293 neeesse
1673 2244 1726 2304 est,
1748 2236 1867 2292 animam
1878 2244 1999 2292 nostram

358 2327 424 2383 tunt,
438 2329 466 2376 et
479 2337 533 2377 non
547 2323 634 2379 otiose
650 2326 764 2393 vagandi
787 2325 840 2382 illis
865 2329 1032 2384 concedatur
1048 2330 1150 2394 otium,
1203 2345 1253 2399 pro
1265 2330 1304 2385 cis
1315 2328 1526 2385 sicntlvatribus
1537 2343 1599 2384 esse
1608 2329 1772 2398 ponendam.
1788 2325 1846 2383 Non
1860 2328 1932 2383 enirn
1947 2328 2000 2382 lno-

356 2410 485 2479 quoniam
516 2413 639 2469 otiositas
668 2414 778 2471 inimica
801 2424 845 2472 est
871 2418 978 2473 animae.
1002 2418 1055 2474 Sed
1082 2434 1151 2488 quo·
1205 2420 1305 2475 minem
1321 2420 1451 2475 debemus
1469 2419 1560 2475 odisse
1575 2430 1602 2474 et
1621 2418 1820 2489 persequi,sed
1839 2418 1925 2484 vitiis,
1940 2432 1999 2486 qna

356 2503 429 2558 triani
447 2520 509 2560 curn
522 2521 650 2562 mensura
667 2506 767 2564 debent
780 2508 840 2566 sieri
852 2511 953 2577 omnia,
967 2510 1029 2566 inde
1042 2512 1152 2582 subjun-
1204 2521 1302 2567 nocent
1323 2511 1427 2566 bomini
1462 2520 1489 2567 ct
1516 2511 1551 2567 ad
1573 2511 1723 2578 interitum,
1752 2510 1775 2566 si
1795 2510 1997 2581 prevaluerint,

356 2595 449 2668 gitur:
1204 2613 1309 2657 certum
1324 2602 1445 2668 trallunt,
1466 2602 1577 2658 ominiuo
1595 2601 1674 2659 nobis
1690 2609 1734 2659 est
1758 2601 1948 2658 resistendum.

418 1843 532 1894 Libertas
544 1844 609 1893 nulla
621 1853 660 1897 est
670 1845 758 1897 melior
770 1848 878 1909 rnaiorve
889 1854 1005 1911 potestas,

451 1907 527 1965 Quam
538 1910 635 1959 servire
647 1907 711 1969 Deo,
725 1911 763 1958 cai
777 1911 842 1960 bene
853 1912 930 1961 servit
941 1923 1018 1963 amor.

967 2904 1117 2985 ululis
1153 2898 1405 2983 OCTAVUS.

624 3142 738 3200 CAPUT
757 3141 903 3200 PlilliUll.
1204 3144 1265 3208 lnoc,
1280 3141 1350 3213 qnod
1360 3156 1410 3213 per
1421 3148 1570 3196 nocturnas
1590 3139 1708 3197 visiones
1721 3141 1883 3209 ostenditur,
1897 3144 1998 3201 debeat

357 3258 396 3315 sse
415 3257 524 3312 sonneiis
535 3274 586 3311 non
610 3256 756 3322 credendis,
769 3258 1042 3339 necueqoieseendrrm
1058 3257 1151 3329 spebus
1203 3235 1355 3300 ⁰b⁵ffl²¹ir
1371 3232 1571 3335 ssffiffldffir
1582 3231 1694 3336 di⁰⁶¹¹³l²
1712 3251 1722 3285 ‘
1739 3231 1896 3337 Sciendum,
1908 3234 1999 3303 Ρθῑῐθι

391 3329 508 3390 illoram,
518 3328 581 3399 quin
595 3325 732 3397 Sapientia
742 3327 817 3381 docet
839 3327 1015 3383 diuinationes
1027 3337 1052 3382 et
1063 3342 1150 3411 euqn·
1164 3355 1187 3420 ο
1203 3336 1245 3383 est
1257 3327 1319 3397 quia
1335 3340 1383 3381 sex
1409 3325 1497 3381 modis
1515 3331 1629 3395 tangunt
1641 3338 1760 3379 animum
1775 3340 1907 3397 imagines
1924 3342 1998 3383 snia-

394 3400 435 3452 2'2'0
446 3414 565 3479 &mirum
575 3398 712 3452 ”wid‘lssi'a
725 3408 822 3464 “220¹
833 3398 935 3453 “imm
947 3397 1150 3468 ''Mamm'‘
1204 3418 1311 3473 niorum
1328 3433 1334 3471 :
1348 3414 1493 3486 aliqnando
1505 3428 1623 3485 namque
1644 3414 1749 3470 somrda
1760 3415 1864 3471 ventris
1879 3415 1999 3487 plenitu-

393 3478 597 3524 ⁰⁰m¹⁰⁸⁶⁸⁶⁸⁸⁰‘
1204 3510 1267 3566 dine
1287 3507 1330 3563 vel
1357 3507 1499 3572 inanitate,
1522 3504 1669 3576 aliquando
1692 3505 1829 3572 illusione,
1856 3506 2002 3578 aliqnando

394 3600 471 3671 (Car.
493 3599 599 3672 xum.)
624 3599 725 3655 tiana
746 3614 820 3670 spes,
847 3609 874 3656 et
900 3601 1071 3657 mendacium
1093 3600 1152 3657 viro
1204 3600 1368 3673 cogitatione
1394 3596 1474 3654 simul
1498 3605 1527 3654 et
1555 3597 1698 3663 illusione,
1723 3597 1869 3669 aliqnando
1893 3600 1999 3656 revela·

358 3711 369 3742 e
395 3691 548 3757 insensato;
560 3697 588 3744 et
597 3690 703 3745 somnia
713 3689 846 3745 extollunt
860 3691 1054 3760 imprudentes.
1068 3689 1152 3757 Quasi
1204 3692 1299 3757 tione,
1326 3689 1472 3762 aliquando
1494 3695 1586 3742 autem
1610 3687 1774 3759 cogitatione
1794 3689 1876 3745 simul
1910 3696 1939 3745 et
1955 3706 2000 3747 re·

360 3775 770 3852 ‹quiapprchenditnrubram
794 3790 823 3837 et
835 3781 1006 3853 persequitur
1018 3788 1149 3839 ventum:
1203 3782 1338 3839 velatione
1367 3786 1540 3852 generantur.
1569 3776 1624 3834 Sed
1652 3778 1706 3833 dno
1723 3793 1784 3848 qoae
1811 3780 1899 3850 prima
1931 3780 2003 3837 dini·

361 3892 370 3926 i
392 3874 433 3929 sie
452 3882 480 3928 et
493 3873 539 3943 qui
553 3872 668 3927 attendit
678 3872 711 3926 ad
723 3873 782 3928 visa
802 3873 954 3928 mendacia.
972 3871 1030 3928 lloe
1053 3887 1152 3930 seeun-
1203 3888 1276 3940 mus,
1304 3886 1400 3929 omnes
1421 3869 1608 3941 experimento
1622 3870 1812 3941 cognoscimus
1828 3887 1834 3924 :
1852 3869 1995 3939 subiuncta

361 3982 371 4016 i
394 3963 460 4018 dum
480 3960 610 4017 hocvisio
622 3960 789 4016 somniorum
805 3979 811 4014 :
828 3970 892 4016 ante
904 3959 1002 4017 iaciem
1023 3962 1150 4031 bominis,
1203 3972 1293 4020 autem
1312 3963 1376 4029 illis,
1391 3961 1464 4033 quod
1477 3961 1506 4017 in
1524 3976 1610 4017 sacrae
1633 3958 1781 4032 Scripturas
1800 3961 1908 4033 paginis
1925 3963 2001 4019 inve-

360 4052 542 4110 ‹similitudo
564 4051 676 4107 alterius
703 4051 831 4107 bominis.
858 4052 901 4107 Ab
928 4051 1068 4107 immundo
1091 4052 1152 4122 quis
1203 4055 1303 4111 nimus.
1332 4073 1342 4108 r
1365 4053 1477 4109 Somnia
1492 4052 1593 4108 etenim
1606 4052 1659 4107 nisi
1672 4051 1831 4123 plerumque
1849 4052 1883 4105 alr
1893 4052 2000 4108 occulto

359 4169 370 4201 n
393 4144 591 4201 mundabitur?
607 4152 635 4199 et
648 4159 664 4199 a
679 4144 810 4201 mendace
820 4145 884 4214 quid
907 4158 1002 4199 vemm
1023 4144 1151 4199 dicetur?
1203 4149 1282 4205 hoste
1307 4163 1356 4218 per
1368 4147 1520 4202 illusionem
1545 4146 1652 4213 iterent,
1680 4161 1853 4217 nequaquam
1877 4146 1928 4201 lnoc
1957 4146 2000 4202 vir

359 4238 529 4293 «Divinatio
540 4237 642 4293 erroris
658 4244 687 4292 et
707 4235 820 4307 auguria
833 4235 984 4303 mendacia,
999 4242 1027 4292 et
1043 4236 1152 4292 somnia
1203 4239 1312 4309 sapiens
1330 4238 1485 4303 indicaret,
1515 4237 1662 4292 dieenuzs
1695 4234 1793 4291 llnltos
1810 4239 1882 4290 enirn
1905 4249 2001 4291 errave

360 4350 376 4385 n
398 4329 626 4387 ntalelacientium
643 4328 751 4384 vanitas
764 4335 817 4384 est.
833 4327 867 4382 Et
881 4327 952 4384 sicut
963 4327 1149 4399 parturientis,
1203 4328 1327 4386 iecerunt
1346 4327 1461 4393 somnia,
1489 4336 1518 4383 ct
1542 4326 1703 4382 exciderunt
1721 4335 1863 4395 sperantes
1892 4325 2000 4391 inillis,

359 4441 370 4473 ι
393 4438 442 4477 eor
466 4429 540 4475 tuum
555 4418 713 4491 phantasias
734 4418 848 4489 patitur,
873 4417 925 4473 nisi
952 4418 987 4473 ab
1011 4416 1152 4474 ditissimo
1201 4421 1245 4478 vel
1264 4429 1341 4477 certe
1357 4435 1410 4476 non
1426 4417 1636 4489 augurabimini,
1651 4432 1702 4472 nec
1718 4416 1899 4471 observabitis
1926 4431 2000 4470 sonn-

358 4534 369 4567 n
392 4514 477 4569 luerit
503 4513 602 4568 emissa
628 4510 761 4578 visitatio,
789 4526 824 4572 ne
841 4509 949 4566 dederis
977 4509 1005 4565 in
1032 4509 1085 4565 illis
1103 4524 1151 4566 eor
1203 4514 1258 4567 iiia.
1278 4510 1383 4580 Quibus
1399 4509 1523 4583 prolecto
1535 4509 1626 4564 verbis
1639 4506 1717 4577 eujus
1729 4507 1998 4563 sintdetestationis

358 4624 369 4658 r
393 4616 470 4660 tunm
488 4621 496 4659 ε
514 4603 695 4659 multosenim
720 4616 814 4658 errare
838 4601 960 4658 lecerunt
985 4604 1100 4669 somnia,
1123 4612 1152 4660 et
1202 4604 1366 4669 ostenditur,
1380 4616 1441 4672 quae
1455 4601 1577 4673 auguriis
1590 4600 1800 4672 conjunguntur.
1814 4603 1932 4658 Rursum
1944 4602 1997 4657 nisi

358 4695 554 4751 «exciderunt
585 4702 725 4765 sperantes
746 4694 774 4748 in
798 4692 862 4748 illis.
891 4712 901 4747 n
934 4692 1055 4748 lnsinuat
1078 4694 1149 4764 quod
1166 4693 1350 4772 Daliquando
1364 4707 1398 4748 ex
1410 4692 1573 4764 cogitatione
1585 4693 1664 4747 simul
1688 4702 1716 4749 et
1730 4693 1854 4749 illusione
1867 4694 1999 4765 prooede·

356 4789 417 4844 visa
430 4788 597 4843 somniorum
624 4803 696 4858 saepe
717 4803 767 4858 per
781 4788 949 4844 mendacium
972 4788 1152 4859 malignorum
1206 4794 1278 4852 rent,
1299 4786 1342 4840 vir
1353 4786 1460 4857 sapiens
1486 4784 1598 4840 minime
1617 4784 1728 4841 dixisset
1746 4803 1753 4839 :
1770 4804 1780 4837 e
1799 4784 1897 4840 llultas
1918 4800 1999 4842 curas

356 4881 503 4949 spirituum
526 4880 650 4935 homines
676 4878 813 4944 deludant,
841 4887 870 4934 et
886 4880 1028 4936 eredentes
1054 4880 1106 4935 sibi
1124 4880 1152 4935 in
1204 4885 1354 4949 sequuntur
1380 4877 1508 4934 somnia:
1527 4897 1537 4930 r
1554 4885 1583 4932 et
1598 4878 1651 4933 nisi
1665 4878 1812 4949 aliqnando
1838 4878 1943 4932 somnia
1963 4893 2000 4935 ex

355 4986 466 5027 errores
479 4972 576 5027 noxios
590 4971 709 5036 mittant,
734 4971 824 5026 sinon
847 4979 925 5026 eante
944 4985 977 5026 ea
994 4971 1152 5030 discerncre
1203 4972 1334 5045 mysterio
1356 4970 1531 5027 revelationis
1556 4971 1704 5037 orirentur,
1730 4968 1831 5039 loseph
1852 4968 1999 5040 praelerea-

355 5063 524 5121 cumverint.
539 5061 617 5119 Unde
628 5070 787 5132 praemonet,
804 5062 916 5117 dicens:
933 5061 1151 5118 ‹dbimmundo
1203 5066 1267 5121 dum
1293 5081 1324 5121 se
1344 5080 1395 5136 per
1423 5066 1529 5121 somnia
1556 5064 1686 5121 iratribus
1711 5078 1765 5121 non
1792 5065 1899 5122 videret
1918 5063 1996 5140 (Gerr.

356 5155 420 5226 quis
435 5154 625 5210 mundabitur?
638 5164 666 5210 et
678 5169 694 5208 a
706 5153 834 5209 mendace
843 5153 908 5223 qnid
919 5166 1014 5207 verum
1028 5153 1150 5208 diceturl
1203 5155 1330 5228 xxxvrn);
1355 5172 1406 5213 nee
1422 5156 1512 5212 liariae
1538 5172 1678 5228 sponsum,
1702 5165 1733 5212 nt
1756 5156 1848 5212 ablato
1866 5171 1951 5228 puero
1969 5157 1998 5212 in

354 5246 495 5303 Divinatio
514 5246 616 5302 erroris
640 5253 668 5301 et
687 5245 799 5316 angaria
821 5243 974 5310 mendacia,
989 5253 1017 5299 et
1045 5244 1150 5300 somnia
1202 5248 1350 5321 AEgyptum
1365 5247 1478 5319 lugeret,
1497 5261 1546 5318 per
1559 5247 1694 5305 somnium
1712 5247 1824 5319 angelus
1837 5247 1998 5304 admoneret

355 5335 588 5393 malefacientium
599 5337 705 5392 vanitas
714 5344 765 5392 est.
786 5334 892 5392 »Unde
903 5336 930 5390 in
947 5335 1006 5407 lege
1022 5335 1060 5391 ita
1082 5351 1151 5407 prae-
1203 5335 1310 5410 (Metti.
1332 5334 1374 5406 n).
1397 5335 1514 5391 Rursum
1539 5335 1591 5391 nisi
1615 5334 1759 5405 aliquando
1781 5336 1887 5392 somnia
1911 5352 1927 5391 a
1949 5349 1996 5391 co·
2054 5369 2065 5380 ·

355 5436 466 5497 ceptum
480 5433 542 5481 est:
557 5443 567 5478 e
589 5425 648 5494 Non
672 5426 853 5482 observabitis
876 5425 992 5490 somnia,
1007 5441 1095 5497 neque
1110 5426 1151 5481 di·
1202 5426 1332 5498 gitatione
1345 5425 1424 5480 simul
1439 5434 1467 5479 et
1491 5425 1655 5483 revelatione
1676 5427 1866 5496 procederent,
1893 5441 1998 5495 nequa-

354 5517 510 5574 vinntiones
528 5524 557 5573 et
581 5517 692 5587 auguria
713 5516 862 5585 sequemini
879 5513 1051 5587 (heoit.xnx).
1069 5534 1079 5566 n
1096 5514 1150 5570 Sed
1185 5500 1283 5589 xqnam
1307 5517 1403 5573 Daniel
1429 5518 1560 5589 propheta
1586 5519 1835 5577 Nabuchodonosor
1861 5520 1992 5574 visionem

354 5609 421 5680 quit
442 5607 587 5677 aliquando
598 5606 775 5663 revelationes
789 5620 838 5676 lter
862 5605 965 5661 somnia
980 5605 1058 5669 flunt,
1079 5605 1150 5661 sicut
1202 5610 1340 5665 disserens
1364 5610 1485 5665 aradiee
1505 5611 1679 5682 cogitationis
1694 5613 1859 5673 inchoasset,
1881 5609 1994 5663 dicens:

360 5701 392 5757 in
417 5698 519 5754 divinis
536 5698 614 5754 libris
637 5699 735 5768 saepius
748 5697 961 5753 demonstratum
976 5696 1147 5752 invenimus:
1204 5720 1213 5754 e
1235 5700 1287 5766 Tu,
1304 5715 1363 5766 rex,
1377 5701 1485 5770 coepisti
1495 5700 1618 5771 cogitare
1629 5703 1656 5757 in
1678 5709 1765 5758 stratu
1784 5710 1830 5755 tuo
1843 5698 1907 5768 qnid
1921 5705 1996 5752 esset

353 5808 413 5849 novt
426 5791 563 5862 ingratum
578 5792 682 5847 aestimo
697 5789 801 5852 lectori,
815 5789 838 5845 si
848 5790 919 5843 beati
932 5787 1055 5859 Gregorii
1065 5788 1149 5843 verba
1201 5790 1322 5847 futurum
1340 5791 1483 5862 posthaec,
1511 5792 1596 5862 etqui
1612 5791 1713 5848 revelat
1725 5788 1854 5861 mysteria
1874 5786 1996 5842 ostendit

354 5888 391 5941 de
406 5885 572 5940 discretione
589 5883 756 5939 somniorum
771 5882 799 5937 in
823 5882 875 5937 hoc
903 5880 1033 5952 opusculo
1056 5890 1150 5937 nostro
1201 5883 1251 5939 tibi
1265 5891 1450 5953 quaerentum
1474 5892 1537 5938 sunt
1555 5882 1636 5953 (Dan.
1657 5882 1723 5952 ul.»
1745 5879 1780 5933 Et
1802 5876 1883 5950 paulo
1907 5884 1993 5946 post:

354 5988 502 6046 wulsinus,
519 5974 565 6045 qni
577 5973 658 6030 Petro
667 5973 787 6030 Diacono
808 5986 859 6029 suo
876 5970 1035 6039 sciscitanti,
1058 5978 1150 6027 utrum
1205 5993 1215 6028 e
1237 5972 1366 6043 videbas,
1387 5981 1489 6030 eteeee
1503 5974 1579 6045 quasi
1595 5982 1684 6030 statua
1696 5987 1750 6028 una
1768 5969 2002 6040 grandissimus
