4709 6767
375 743 424 800 ttt
692 736 724 789 li.
746 731 871 789 [leth
890 729 999 785 tiuhai
1018 722 1176 781 anchise.
1200 722 1352 778 MOGUNT.
1370 719 1511 778 ornanti
1532 717 1621 772 PARS
1640 715 1661 769 l.
1941 709 1994 770 l83

373 855 474 913 Errrath
485 868 572 923 usque
585 853 619 906 ad
634 853 719 905 rivum
729 847 850 918 AEgypti,
861 859 951 899 coram
960 841 1091 896 hornhro:
1108 851 1156 905 per
1169 838 1194 893 Α
1206 835 1320 903 ριιιοιιε.
1339 852 1349 883 r
1364 832 1544 899 Quamobrem
1564 827 1643 882 hodie
1662 826 1791 895 zephium
1805 824 1932 894 oppidum
1947 822 1993 877 ct-

374 923 514 1002 batroituru
524 943 621 997 Eruatb
632 937 872 1010 Septentrionalcm
883 944 961 989 terre
974 929 1158 1002 repromissio
1210 923 1278 978 liciae
1303 929 1410 976 vocant.
1441 919 1517 987 Quod
1539 927 1628 973 autem
1652 915 1795 985 sequitur:
1824 914 1886 968 «Et
1903 913 1995 967 uillam

374 1036 419 1092 uis
433 1034 549 1105 plagam,
562 1048 609 1102 per
631 1016 717 1083 rivum
737 1028 794 1082 sire
820 1035 959 1079 torrentem
986 1022 1112 1092 AEgypti,
1129 1026 1159 1074 ut
1210 1015 1295 1078 Euan,
1315 1033 1325 1064 r
1342 1028 1391 1082 pro
1402 1027 1455 1080 quo
1468 1011 1495 1065 in
1510 1008 1622 1063 llehraeo
1642 1006 1770 1076 scriptum
1793 1013 1835 1058 est
1846 1003 1996 1067 eserenon,

374 1123 464 1181 Verba
476 1125 583 1178 hierum
600 1119 739 1174 tronrinant
753 1116 794 1190 (ll
812 1116 875 1169 Pur.
892 1114 951 1181 ru),
968 1116 1089 1181 designat
1109 1125 1159 1163 au·
1210 1104 1282 1174 quod
1296 1104 1488 1171 interpretatur
1508 1100 1604 1152 atrium
1627 1096 1723 1166 tontis,
1739 1095 1870 1149 terminus
1887 1104 1931 1149 est
1944 1094 1998 1149 Oa·

375 1215 493 1269 sitalem.
515 1214 553 1268 Do
574 1212 671 1280 quihus
700 1209 788 1277 aliqua
808 1207 888 1261 latius
910 1220 943 1259 ex
958 1204 1048 1258 verbis
1073 1201 1160 1257 sancti
1211 1192 1304 1248 masci.
1326 1191 1402 1247 Unde
1416 1190 1514 1245 dieitur
1529 1190 1555 1243 io
1570 1186 1714 1243 Ezechiel:
1732 1184 1789 1238 «Et
1802 1184 1854 1239 erit
1865 1184 1998 1240 terrrrinus

375 1304 529 1373 iheronynri
549 1316 648 1370 ponere
671 1309 776 1369 gratnm
799 1305 864 1366 puto
886 1310 946 1350 esse
976 1294 1082 1348 lectori.
1107 1291 1161 1362 (En
1211 1300 1226 1337 a
1242 1284 1405 1349 mariusque
1419 1280 1563 1335 alatrium
1581 1278 1656 1331 Enon
1669 1276 1725 1331 sire
1739 1274 1886 1339 iserenan,
1901 1274 1997 1329 termi-

375 1391 497 1462 Hieron.)
510 1390 645 1460 Scriptum
657 1398 698 1443 est
713 1388 738 1441 iu
757 1387 825 1440 lihro
836 1384 1032 1447 humerorum,
1056 1382 1083 1435 iu
1108 1396 1161 1450 qno
1212 1387 1263 1427 ¹¹⁰5
1282 1370 1404 1424 Damasci
1419 1368 1526 1439 (Eudo
1549 1364 1643 1438 mrn).
1662 1384 1671 1417 t
1698 1364 1732 1417 Εῑ
1752 1364 1785 1418 ιι)
1810 1363 1942 1433 Aquilone
1963 1361 2018 1418 ad

375 1483 462 1539 onrrtis
480 1491 551 1535 terra
562 1477 778 1549 repromissionis
792 1490 839 1543 per
853 1481 970 1543 quatuor
984 1473 1075 1541 plagas
1087 1470 1161 1524 hreri
1211 1462 1370 1531 Aquilonem
1390 1461 1467 1531 plaga
1493 1456 1725 1528 Septentrionalis.
1747 1474 1756 1506 ι
1773 1455 1836 1510 lude
1858 1456 1999 1509 metabun-

376 1586 499 1626 sermooe
514 1569 661 1624 dividitur:
681 1585 689 1617 ι
706 1566 773 1620 l‘ars
785 1564 933 1618 trreridiana
948 1561 1056 1629 incipiet
1069 1575 1083 1613 a
1097 1557 1161 1613 soli·
1213 1562 1267 1616 tur,
1281 1551 1378 1621 inquit,
1391 1551 1459 1605 hocs
1474 1557 1567 1605 contra
1585 1545 1747 1604 Orientalem
1763 1545 1878 1616 plagam,
1892 1544 1924 1599 dc
1936 1544 1998 1598 rilla

376 1659 467 1715 tudine
479 1657 536 1720 Sin,
548 1672 608 1726 quae
620 1656 747 1724 esrjuma
763 1654 858 1719 Edorn,
872 1661 899 1706 et
914 1650 1023 1706 habehit
1034 1648 1163 1703 terminos
1213 1645 1288 1698 Euan
1309 1659 1393 1713 usque
1413 1643 1565 1713 sephania,
1587 1648 1614 1695 et
1638 1640 1671 1695 de
1687 1638 1822 1708 Scpbania
1835 1638 1999 1693 descendent

375 1759 468 1805 contra
491 1749 627 1804 Orientem
643 1760 716 1800 mare
737 1744 923 1799 salsissimum.
945 1741 994 1806 Oui
1012 1738 1165 1794 circuibunt
1213 1734 1321 1788 termini
1333 1734 1359 1788 io
1370 1733 1453 1788 llehla
1467 1742 1560 1789 contra
1573 1731 1682 1785 iontem.
1696 1729 1759 1784 lmle
1769 1729 1927 1797 pervenient
1937 1744 1999 1783 con-

375 1838 526 1894 Australem
549 1839 653 1908 plagam
678 1851 725 1906 per
742 1848 882 1889 ascensum
902 1830 1069 1900 Scorpionis,
1081 1828 1118 1882 ita
1135 1834 1165 1880 ut
1214 1833 1255 1877 tra
1268 1822 1405 1878 Orientem
1427 1822 1460 1876 ad
1475 1838 1549 1876 mare
1569 1820 1717 1885 Concrcth,
1740 1828 1767 1873 ct
1781 1818 1890 1873 tendent
1913 1834 1999 1888 nsque

375 1936 514 1982 trarmeant
532 1927 621 1981 Senna
637 1934 664 1979 ει
674 1924 831 1995 perveniant
843 1923 869 1976 in
880 1920 1017 1975 lleridiem
1032 1932 1116 1988 usquc
1130 1915 1165 1970 ad
1213 1912 1367 1980 Iordanem,
1382 1922 1410 1968 et
1421 1914 1454 1968 ad
1467 1912 1590 1967 ultimum
1601 1910 1748 1965 salsissimo
1760 1908 1917 1963 claudentur
1931 1909 1999 1962 mari

376 2019 554 2075 cadesbarne.
572 2018 648 2074 Unde
658 2018 828 2089 egredientur
840 2013 956 2069 confinia
969 2013 1003 2066 ad
1020 2010 1164 2064 rillamno-
1214 2003 1308 2075 (Num.
1323 2002 1425 2071 xtxrr).
1445 2002 1488 2055 rh
1505 2001 1649 2072 imeigitur
1667 1997 1889 2069 Septentrionalis
1903 1998 1999 2068 plaga,

376 2110 450 2165 miae
466 2108 565 2173 dddar,
581 2118 606 2163 et
617 2108 730 2162 tendunt
743 2119 827 2174 usqne
838 2104 983 2164 hsemona,
998 2101 1100 2169 ibitque
1115 2113 1163 2167 per
1214 2096 1266 2151 hoc
1278 2104 1328 2161 est,
1341 2096 1410 2150 atrio
1429 2095 1521 2160 Euan,
1544 2094 1656 2149 tendunt
1671 2091 1738 2145 lines
1753 2088 1884 2159 usquead
1900 2087 2000 2157 Sepha·

377 2214 470 2269 gyrum
497 2198 626 2252 terminus
643 2196 676 2250 ah
700 2194 834 2249 dscrtrona
852 2205 938 2262 usque
959 2190 993 2244 ad
1015 2197 1162 2243 torrentem
1177 2174 1200 2233 Β
1214 2190 1269 2255 nia,
1283 2206 1364 2260 qnam
1381 2187 1486 2243 llchraei
1501 2186 1656 2255 Aphmnioor
1668 2182 1814 2238 nominant.
1828 2181 1861 2235 Et
1872 2179 2002 2249 dcdplra-

376 2286 506 2358 AEgppti,
533 2295 561 2340 θῑ
582 2286 666 2341 maris
697 2285 787 2354 magni
813 2283 902 2337 Ιίῑῑῡιθ
928 2281 1036 2334 finietur
1061 2278 1161 2350 (Num-
1213 2283 1267 2338 mia
1281 2282 1447 2337 descendunt
1469 2278 1578 2334 termini
1600 2275 1806 2343 inuenioque
1829 2288 1899 2327 nunc
1915 2270 2001 2342 Syriae

377 2375 480 2446 ιιιιι).
501 2375 647 2445 »Proque
668 2375 695 2429 in
718 2374 808 2428 ultima
823 2372 924 2426 risione
947 2372 1082 2440 prophete
1096 2369 1164 2422 Eze-
1213 2369 1484 2428 vocaturmuiocnia.
1498 2368 1531 2422 Et
1551 2376 1580 2421 m
1601 2365 1672 2421 scias
1690 2362 1802 2417 debiam
1816 2361 1886 2415 trane
1898 2358 2001 2430 signin-

378 2465 472 2520 chieiis
485 2467 523 2519 ita
536 2465 634 2519 dicitur
649 2483 682 2519 :r
710 2464 789 2533 Plaga
815 2471 906 2517 autem
926 2460 1057 2515 Australis
1082 2458 1163 2512 bleri-
1213 2477 1277 2518 cure
1294 2461 1387 2516 urbem
1411 2474 1471 2528 quae
1494 2455 1612 2512 nuncin
1636 2454 1713 2525 Syria
1735 2451 1808 2507 Coele
1833 2450 2000 2506 nobilissima

378 2556 458 2611 diaoa
471 2574 486 2609 a
499 2556 616 2609 Thamar
631 2570 715 2624 usque
741 2554 873 2622 adaquas
895 2550 1045 2615 llarihoth,
1063 2550 1090 2604 ιιι
1102 2557 1163 2614 εει,
1214 2562 1274 2620 est,
1302 2553 1443 2622 sequitur:
1460 2570 1469 2601 ι
1486 2549 1585 2605 Contra
1603 2547 1724 2610 iontem,
1744 2563 1753 2596 r
1787 2559 1866 2613 quem
1894 2542 2001 2612 perspi-

382 2646 614 2709 ῡθιιῑιῡιῐίῡῑῑθιίδι
629 2644 714 2700 Gades
732 2659 838 2712 (111οιιΙΘ
852 2651 880 2697 ⁰2
901 2651 1007 2696 wlfeni
1032 2655 1117 2710 ”Silue
1130 2639 1165 2693 ιιι
1214 2662 1294 2701 cuum
1314 2653 1355 2700 est
1370 2642 1522 2715 significare
1537 2639 1674 2709 Daphnen,
1690 2651 1743 2705 quo
1760 2634 1834 2690 ioote
1847 2632 2001 2703 supradicta

378 2751 453 2791 mare
468 2751 594 2806 magnum
608 2734 716 2806 (Erech.
734 2736 827 2804 aurit),
841 2734 929 2803 »qnod
942 2732 1074 2803 significa!
1088 2732 1165 2787 allis·
1213 2736 1279 2792 urbs
1292 2735 1370 2805 aquis
1393 2729 1630 2788 abundantissimis
1654 2726 1761 2781 fruitur.
1781 2744 1790 2775 ι
1806 2724 1881 2790 lnde,
1897 2722 1999 2791 inquit,

378 2830 473 2883 simam
484 2827 653 2882 solitudinem
667 2825 725 2891 Sin,
744 2841 804 2895 qnae
817 2836 858 2879 cst
867 2824 945 2893 juxta
961 2826 1044 2879 Edem
1055 2833 1082 2879 et
1096 2824 1165 2879 mari
1213 2828 1371 2901 pervenient
1388 2822 1494 2880 termini
1508 2830 1601 2877 contra
1625 2819 1761 2875 Orientem
1782 2818 1816 2872 ad
1830 2830 1903 2871 utare
1916 2813 2001 2869 Cenc-

379 2919 470 2973 huhro
494 2919 637 2972 terminum
661 2916 785 2981 circuire,
803 2925 830 2970 et
849 2930 897 2985 per
925 2930 1067 2969 ascensum
1083 2913 1164 2969 Scor·
1215 2919 1310 2983 reth,r
1329 2916 1415 2980 idest,
1429 2914 1594 2983 ndstnpnum
1608 2910 1762 2965 Tiberiadis.
1776 2905 1999 2962 llareautemdi-
2058 2959 2064 2967 ,

379 3009 477 3078 pionis,
492 3017 519 3062 ει
537 3022 586 3077 ρει
600 3005 689 3061 Setina
704 3013 731 3059 et
745 3004 930 3069 cadesbarne,
955 3013 981 3058 ει
997 3005 1095 3059 atrium
1110 3004 1166 3058 sire
1215 3012 1295 3075 citur,
1315 3024 1377 3063 eum
1390 3008 1488 3062 habeat
1502 3003 1592 3059 dulces
1606 3018 1700 3073 aquas,
1713 3000 1790 3071 jum
1812 2985 1910 3054 idioma
1926 2995 1995 3052 scri.

379 3096 583 3159 rillmndddar,
598 3103 625 3148 el
641 3092 772 3147 dsemona
791 3093 1031 3162 pervenimusque
1055 3093 1089 3146 at]
1112 3102 1162 3146 ιοι·
1215 3111 1370 3173 ptumi-um,
1396 3114 1455 3169 quae
1470 3095 1691 3168 congregationes
1716 3106 1847 3161 aquarum
1868 3087 2002 3159 appellant

380 3195 485 3240 rentem
499 3185 544 3253 qui
560 3184 636 3255 juxta
655 3185 747 3238 uriom
758 3184 953 3238 lliuocomram
979 3183 1046 3238 mari
1071 3181 1165 3237 inlluit.
1216 3193 1312 3249 masia,
1330 3211 1339 3243 r
1357 3191 1390 3245 131
1403 3191 1524 3256 pendent,
1543 3188 1639 3259 inquii,
1651 3201 1736 3256 usque
1747 3184 1902 3247 jordanem,
1917 3189 1945 3236 et
1968 3179 2002 3233 ad

380 3274 430 3329 llic
442 3289 505 3328 uero
519 3274 648 3328 terminus
660 3274 744 3345 plagae
756 3273 889 3328 Australis
903 3273 996 3342 incipit
1010 3287 1024 3325 a
1038 3272 1165 3337 Thamar,
1216 3282 1340 3338 „nimum
1351 3281 1511 3336 claudentur
1531 3278 1612 3343 mari,
1626 3297 1635 3330 ‚
1653 3276 1696 3332 vel
1710 3274 1817 3340 Mortui,
1840 3271 1892 3337 vel,
1907 3279 1937 3325 ue
1956 3268 2003 3324 aiii

381 3380 440 3435 qun
454 3365 517 3419 urbs
538 3364 564 3418 iu
583 3364 726 3419 solitudine
742 3372 792 3431 est,
805 3381 885 3435 quam
901 3373 927 3418 et
951 3362 1077 3419 Salomon
1092 3364 1167 3419 miris
1216 3383 1322 3447 putant,
1337 3373 1428 3443 lingua
1455 3371 1540 3426 maris
1558 3369 1655 3437 Rubri,
1672 3369 1699 3423 in
1714 3365 1790 3424 optus
1811 3365 1903 3420 liuore
1925 3360 2002 3416 Abila

381 3454 507 3525 operibus
523 3455 644 3518 exstruit,
653 3463 679 3508 et
690 3456 770 3508 hodie
785 3452 905 3507 Pnlnrirn
919 3461 1098 3522 nuncupatur,
1112 3451 1166 3508 lle·
1218 3466 1304 3538 posita
1316 3473 1366 3519 ese.

382 3545 454 3598 huno
469 3559 574 3613 (puroque
591 3557 714 3598 sermone
739 3541 854 3595 Tirnmor
874 3541 983 3607 dicitur,
999 3557 1059 3610 qum
1077 3541 1104 3594 in
1117 3522 1203 3595 lin-C
1253 3554 1328 3622 Quod
1339 3561 1427 3607 queem
1441 3552 1561 3622 sequitur
1572 3550 1599 3605 ῑῃ
1609 3550 1679 3605 libro
1692 3549 1808 3619 Regum,
1818 3544 1890 3616 quod
1900 3553 2003 3616 sepiem

384 3651 434 3705 3¹¹³
450 3643 541 3688 ¹¹0⁵²l³
557 3632 678 3686 P‘dmssm
700 3641 788 3698 ⁸0ss²¹t
802 3647 888 3701 usque
906 3631 940 3686 ad
963 3647 1047 3701 “luas
1060 3641 1167 3687 0⁰¹¹lf2·
1218 3646 1312 3703 diebus
1326 3654 1353 3701 ct
1366 3653 1469 3714 septem
1482 3643 1587 3708 dicbus,
1600 3642 1683 3708 idest,
1692 3638 1896 3711 quatuordecim
1910 3636 2005 3692 diebus

384 3726 509 3780 dictionis
523 3723 618 3787 Gades,
638 3739 718 3793 quam
743 3723 768 3776 in
789 3723 896 3777 deserto
909 3736 968 3777 esse
990 3736 1043 3775 non
1057 3722 1166 3775 dubium

383 3830 435 3882 εει,
450 3827 477 3872 ει
501 3828 607 3872 torrens
621 3818 773 3887 ingrediens
788 3832 862 3872 marc
886 3835 1013 3889 magnum
1030 3819 1082 3873 hoc
1096 3818 1167 3887 quod

383 3908 492 3980 AEgypti
507 3909 706 3977 Palaestimeqne
720 3910 861 3977 praetendit
873 3909 1017 3965 littoribus.
1041 3910 1168 3980 Sequitur

356 4001 411 4068 ,in
432 4000 500 4054 libro
521 4001 717 4054 Nurrrcrorum:
735 4019 744 4050 ι
770 4000 849 4072 Plaga
872 4012 962 4056 autem
987 4001 1166 4057 Occidentalis

385 4090 412 4143 in
428 4092 495 4145 mari
512 4107 608 4161 ruaguo
618 4091 728 4159 incipiet
741 4101 767 4146 ει
783 4093 840 4161 ipso
856 4092 908 4148 hoe
919 4092 1057 4148 claudetur
1072 4092 1166 4165 (Νιιιιι.

383 4182 487 4252 xxxiv),
507 4203 516 4235 r
539 4184 590 4238 hoc
601 4192 652 4247 est,
666 4198 681 4235 a
696 4183 762 4236 mari
779 4198 863 4253 usque
877 4184 911 4239 ad
921 4199 1033 4249 marc,a
1048 4193 1169 4241 torrente

383 4273 507 4327 videlicet
520 4272 702 4336 llinocorurae,
719 4272 764 4341 qui
788 4274 814 4327 in
828 4288 902 4328 mare
916 4273 1012 4338 induit,
1025 4290 1110 4344 usque
1135 4275 1169 4331 ad

383 4377 446 4416 eum
456 4362 542 4416 locum
557 4362 602 4416 uhi
613 4371 654 4416 est
675 4362 784 4427 Etnatb,
800 4364 864 4417 urbs
879 4362 975 4434 Syriae,
989 4363 1065 4431 crrjns
1077 4365 1103 4419 in
1118 4366 1168 4421 hac

382 4449 459 4520 plaga
467 4461 493 4505 et
504 4466 601 4505 nomen
614 4450 689 4517 ponit
701 4451 839 4507 Ezechiel:
858 4471 867 4502 ι
885 4452 918 4506 Et
931 4453 1017 4524 plaga,
1031 4454 1166 4523 inquiem,

383 4542 467 4596 erraris
481 4556 555 4595 unare
569 4556 694 4610 maguum
707 4557 722 4594 a
736 4541 853 4598 confinio
866 4559 915 4612 per
928 4544 1070 4609 directum,
1084 4547 1170 4601 donec

384 4630 477 4685 tertias
490 4630 586 4683 Eruath
605 4630 711 4700 (Erech.
725 4638 818 4701 turri),
834 4652 842 4682 ι
856 4648 916 4702 quac
936 4648 1006 4688 nunc
1022 4634 1169 4705 Epiphanio

384 4719 553 4785 nourinatur,
569 4721 603 4774 ah
628 4719 760 4775 Antiocho
783 4722 968 4780 cmdelissimo
993 4732 1169 4795 tyrannorum

1217 3735 1344 3805 praedicta
1359 3733 1493 3789 lestiritas
1503 3732 1667 3789 aSalomone
1678 3741 1705 3787 et
1716 3731 1777 3787 iliis
1788 3728 1870 3785 lsrael
1880 3728 2003 3783 celebra·

1219 3834 1307 3892 retur,
1331 3833 1360 3894 et
1372 3826 1399 3879 in
1412 3825 1457 3880 die
1467 3834 1561 3879 octava
1572 3825 1698 3879 dimissus
1717 3824 1751 3878 sit
1763 3822 1886 3892 populns,
1899 3821 2006 3875 intuen-

1219 3918 1281 3972 dum
1298 3916 1486 3986 estquomodo
1509 3916 1536 3969 in
1552 3910 1649 3969 l'erhis
1670 3914 1779 3969 hierom
1802 3912 1835 3967 de
1856 3912 1950 3965 eadem
1977 3925 2006 3965 re

1220 4007 1351 4077 scriptum
1373 4007 1429 4061 sit:
1449 4025 1457 4057 r
1479 4006 1554 4060 Fecit
1573 4020 1637 4075 ergo
1659 4004 1784 4060 Salomon
1808 4002 2006 4059 solemnitatem

1220 4096 1246 4151 in
1265 4104 1383 4166 tempore
1402 4095 1446 4151 illo
1458 4104 1558 4165 septem
1579 4095 1672 4149 diebus
1696 4103 1724 4149 et
1740 4093 1829 4148 omnis
1851 4092 2006 4147 lsraelcuro

1219 4202 1261 4252 co,
1277 4185 1395 4241 Ecclesia
1408 4201 1502 4257 magna
1520 4184 1607 4251 valde,
1620 4186 1654 4240 ah
1668 4183 1779 4238 introitu
1797 4183 1904 4249 Emath,
1921 4198 2008 4253 usqne

1220 4279 1255 4334 ad
1274 4287 1420 4335 torrentem
1433 4277 1553 4348 AEgypti.
1568 4276 1697 4346 Fecitque
1717 4276 1779 4331 inde
1804 4284 1899 4330 actara
1925 4274 2008 4329 colle·

1220 4377 1301 4435 ctam,
1315 4384 1347 4424 eo
1360 4369 1430 4439 quod
1444 4368 1594 4423 dedicasset
1604 4366 1689 4422 altare
1705 4375 1807 4436 septem
1819 4365 1912 4421 diebus
1925 4373 1953 4418 et
1964 4379 2008 4419 so-

1220 4457 1385 4515 lemnitatem
1406 4458 1569 4515 celebrasset
1588 4464 1690 4528 septem
1709 4457 1813 4512 diebus.
1840 4455 1923 4526 igitur
1936 4456 2008 4510 ricc·

1220 4547 1289 4602 simo
1306 4548 1385 4602 tertio
1406 4546 1507 4601 mensis
1523 4546 1626 4615 septimi
1645 4543 1747 4600 dimisit
1770 4542 1883 4614 populos
1904 4543 1937 4596 ad
1963 4552 2005 4597 ta-

1221 4637 1366 4693 bernacula
1383 4653 1430 4691 sua
1443 4634 1486 4707 (ll
1506 4634 1571 4689 Par.
1592 4634 1648 4706 ro).
1669 4624 1746 4691 »Sed
1773 4642 1838 4706 puto
1861 4649 1916 4688 nou
1934 4634 2008 4688 aliud

1220 4726 1266 4781 hic
1281 4725 1349 4780 velle
1367 4726 1490 4797 inteffigi,
1510 4726 1561 4781 nisi
1574 4725 1655 4797 quod,
1666 4725 1780 4796 expletis
1794 4734 1896 4797 septem
1913 4725 2010 4781 diebus

384 4812 492 4866 nornine
508 4820 687 4878 commutato,
706 4828 768 4868 nam
782 4825 987 4884 cognomentum
998 4818 1092 4872 hahuit
1103 4818 1168 4889 Epi·
1221 4814 1397 4870 dedicationis
1411 4814 1512 4886 templi,
1525 4814 1661 4871 subsecuti
1674 4825 1737 4870 sunt
1752 4814 1811 4871 dies
1822 4812 2007 4886 scenopegia,

384 4899 492 4968 phnrrer.
508 4898 634 4969 Sequitur
655 4901 683 4954 in
697 4902 767 4955 libro
790 4901 988 4958 Numerianum:
1008 4924 1017 4955 ι
1032 4903 1116 4961 Porro
1135 4906 1170 4962 ad
1182 4882 1210 4942 Ῑ)
1221 4922 1307 4977 quaen
1326 4906 1419 4975 quinto
1433 4907 1537 4963 decimo
1556 4907 1600 4963 die
1615 4908 1715 4963 mensis
1732 4908 1838 4979 septimi
1860 4908 2009 4962 secundom

386 4986 638 5087 septentrionalem,
653 4988 750 5057 inquit,
770 4997 873 5057 partem
887 5006 902 5044 a
917 4993 985 5046 inari
1003 5008 1099 5064 magno
1113 5002 1168 5049 ter·
1221 4999 1307 5069 legem
1324 4999 1486 5054 inchoabant
1499 4998 1592 5071 (lenit.
1620 4999 1710 5071 triti),
1726 5009 1755 5057 et
1770 5001 1798 5054 in
1814 5001 1856 5055 die
1878 5000 2009 5055 ricesima

385 5091 450 5128 turm
466 5076 594 5143 incipient
612 5076 800 5145 pervenientes
814 5081 946 5147 usquead
960 5090 1078 5136 montem
1095 5084 1169 5139 altis-
1222 5092 1339 5148 secunda
1370 5091 1543 5147 finiebantur.
1571 5092 1696 5161 Utrisque
1725 5106 1789 5162 ergo
1819 5090 2011 5147 festivitatibus

385 5167 494 5231 siarum,
510 5183 588 5237 aquo
602 5168 694 5223 venies
713 5169 843 5224 qumath
857 5187 941 5242 osque
953 5174 1170 5232 terminosSeda-
1223 5184 1275 5238 rite
1286 5182 1421 5254 peractis,
1447 5190 1474 5235 et
1488 5180 1716 5252 scenopegiarum
1744 5189 1839 5237 octana
1854 5180 1898 5236 die
1913 5179 2009 5245 hrrita,

386 5256 421 5310 la.
430 5259 560 5328 llmntqae
570 5262 685 5315 confinia
698 5277 781 5332 usque
794 5263 934 5332 Sophrona
946 5274 974 5320 ct
986 5264 1075 5319 rillam
1084 5266 1169 5323 Euan.
1223 5273 1324 5329 dimisit
1336 5287 1382 5327 reu
1396 5272 1521 5327 Salomon
1537 5270 1648 5341 populos
1659 5270 1691 5325 ad
1712 5286 1760 5326 sua
1783 5270 1904 5325 letantes
1927 5278 2011 5340 atque

386 5346 418 5447 lli
431 5358 511 5403 erunt
523 5352 628 5405 termini
641 5353 667 5406 in
679 5364 755 5424 parte
773 5354 914 5424 Aquilonis
928 5355 1021 5427 (Nom.
1037 5357 1140 5429 xxxiv).
1158 5378 1167 5411 r
1223 5364 1369 5435 gaudentes
1381 5376 1462 5431 super
1475 5361 1546 5415 hono
1556 5361 1626 5429 quod
1650 5359 1751 5415 iecerat
1776 5359 1906 5415 Dominus
1924 5360 2010 5416 llarid

386 5435 484 5536 Ductori
510 5437 616 5494 llehraci
629 5439 869 5510 septentrionalem
886 5444 990 5515 plagam
1012 5446 1129 5517 incipere
1154 5464 1169 5503 a
1222 5462 1251 5509 et
1263 5453 1438 5508 salomonior
1458 5450 1540 5506 lsrael
1557 5451 1652 5520 populo
1666 5467 1724 5506 suo.
1744 5450 1798 5523 (Ea
1812 5450 1924 5520 iosepho
1937 5450 1947 5522 )
1961 5450 2010 5506 Cui

387 5541 455 5580 trram
476 5542 583 5597 rnaguo,
607 5530 833 5599 quodPalaestinm
855 5534 990 5590 Phoenicis
1015 5545 1043 5591 et
1067 5536 1168 5609 Syriae,
1223 5541 1313 5598 sensui
1323 5538 1906 5609 rideturlosephussullragari,itadicens:r
1928 5537 2012 5592 Dimi-

386 5631 446 5686 quao
457 5617 605 5687 appellatur
615 5620 699 5685 coete,
711 5622 863 5692 Ciliciaeque
883 5626 1024 5694 pretendit
1036 5626 1171 5683 littoribus
1222 5631 1257 5686 sit
1269 5646 1333 5701 ergo
1348 5629 1474 5684 Salomon
1486 5627 1712 5693 Ecclesiam‚cum
1726 5627 1859 5684 sacrificia
1875 5626 2011 5682 celebras-

387 5718 414 5761 et
430 5721 478 5776 per
489 5706 632 5779 ebgyptum
649 5711 734 5765 tendit
748 5710 780 5765 ad
802 5706 922 5783 Libyam.
940 5714 1016 5782 Quod
1029 5724 1119 5771 autem
1134 5718 1172 5772 di·
1224 5731 1265 5777 set
1278 5735 1365 5791 prose
1382 5728 1409 5775 ει
1421 5720 1553 5774 universis
1573 5719 1700 5781 Hebraeis,
1721 5718 1747 5772 id
1770 5726 1820 5779 est,
1840 5717 2009 5785 ritrriosqui-

387 5797 443 5851 cit:
462 5814 471 5848 ι
489 5800 676 5867 pervenientes
690 5801 818 5856 terminos
844 5817 928 5871 usque
949 5804 982 5858 ad
997 5813 1113 5861 montem
1131 5806 1170 5860 al·
1224 5803 1285 5865 dem
1300 5810 1393 5879 uiginti
1408 5810 1460 5864 duo
1480 5809 1577 5873 millia,
1601 5823 1665 5862 ores
1683 5815 1773 5873 autern
1792 5813 1900 5861 centum
1915 5806 2009 5877 uiginti

389 5885 531 5952 Ussiffium,
549 5905 559 5940 t
588 5888 668 5943 iidem
684 5888 788 5945 Hebraei
807 5899 949 5946 autumant
973 5892 1015 5946 iel
1039 5893 1173 5950 Attianum
1223 5900 1318 5956 millia.
1331 5899 1406 5955 l'unc
1417 5899 1488 5954 enim
1503 5899 1577 5968 prius
1588 5899 1615 5953 in
1629 5898 1726 5967 templo
1737 5896 2014 5952 sacrihciacelehrata

388 5988 506 6036 rrrontem
526 5980 689 6053 siguificare,
700 5981 742 6037 rel
755 5981 885 6048 Taurum,
895 5983 968 6053 quod
978 5984 1055 6041 nohis
1068 5986 1174 6042 ridetur
1224 6000 1297 6056 surrt,
1312 5999 1340 6047 ει
1353 5992 1382 6047 in
1396 6000 1452 6048 toto
1464 5992 1565 6062 epulati
1574 6000 1637 6045 surrt
1648 5987 1858 6046 omnesheorai
1874 6004 1935 6045 cum
1946 6006 2012 6045 usu·

388 6066 487 6124 *⁰¹¹⁰*
505 6088 513 6122 ¹
528 6071 678 6145 nanque,
704 6072 807 6144 inquil,
827 6073 942 6131 confinia
962 6090 1046 6146 usqne
1068 6077 1102 6132 ad
1125 6075 1173 6133 Sc-
1225 6086 1299 6140 ribus
1312 6084 1368 6140 suis
1381 6093 1408 6140 et
1421 6084 1500 6151 illiis;
1513 6084 1621 6155 insuper
1632 6084 1713 6141 ctiam
1728 6092 1752 6138 et
1766 6083 1942 6142 testivitatem
1952 6099 2012 6155 qun
