4709 6767
379 645 434 705 lit!
789 634 965 698 titillat-int.
986 636 1020 691 itt
1039 632 1163 692 ttttnos
1182 634 1214 690 ll'
1237 627 1367 691 ubuum.
1388 666 1415 675 -
1440 632 1472 688 tt
1492 622 1553 689 tiit.
1574 627 1602 690 li.
1954 625 2005 687 titt

378 769 506 839 memm-
530 755 655 812 coiarnrbm
676 753 784 819 dotrina,
810 762 837 808 et
852 752 1006 816 Acirimaas,
1029 750 1074 819 qui
1089 750 1171 804 inter·
1185 754 1210 813 Λ
1226 765 1235 798 r
1257 761 1338 815 super
1352 745 1446 800 ioeiern
1460 745 1548 800 trutinis
1570 754 1657 811 terrae,
1685 752 1712 797 et
1731 743 1814 798 intrito
1828 744 2006 813 pluresetant

383 862 507 929 pretatur
519 851 600 917 irater
623 862 696 899 areas
717 844 788 914 qaia,
811 842 856 912 qni
877 842 910 895 ad
925 840 1118 910 explorandum
1131 836 1172 890 ia·
1211 844 1232 890 'r
1255 855 1322 907 qaros
1335 837 1419 891 saltus
1430 836 1673 905 consumpseratde
1685 836 1792 905 populo,
1808 838 1927 905 qtram'iri
1939 853 2008 909 quos

383 942 590 1005 etunabifsalom
601 945 628 992 et
639 933 939 989 iiaaidrcuuniiaudum
950 926 1170 998 decretiiugieo-
1224 948 1233 980 r
1257 935 1399 981 voraverat
1421 927 1525 997 gladius
1554 924 1683 990 inbelle,
1700 934 1751 980 etc.
1771 924 1899 979 »bitinia
1924 925 2005 991 laune,

384 1052 425 1096 tes
438 1033 578 1096 Absalam,
592 1029 793 1084 declinaverunt
805 1025 831 1078 in
847 1025 955 1078 donnum
971 1019 1108 1088 cujusdam
1119 1017 1170 1071 riri

383 1132 411 1186 in
426 1125 566 1185 Baliarim,
581 1119 627 1190 qtti
652 1117 769 1170 habebat
789 1122 898 1184 puteum
915 1112 940 1165 in
961 1108 1093 1164 restituto
1111 1120 1169 1169 suo,

383 1228 412 1273 et
422 1213 622 1272 descenderunt
637 1209 662 1261 iu
675 1221 748 1268 eum,
763 1223 772 1255 r
790 1203 863 1257 Tulit
876 1210 965 1256 niumm
976 1200 1073 1254 mulier
1084 1205 1112 1252 et
1125 1212 1171 1250 ex·

387 1333 397 1363 r
419 1309 514 1381 pandit
528 1304 650 1358 velamen
675 1314 756 1368 snper
769 1313 800 1351 os
813 1298 898 1366 prdci,
913 1296 990 1363 quasi
1004 1293 1108 1346 siccans
1121 1290 1173 1359 pti-

388 1420 398 1452 ι
421 1412 511 1456 sanas,
532 1386 800 1449 etsicresiatuit,1
820 1399 873 1437 uon
888 1384 945 1437 sine
965 1381 1093 1451 mysterio
1113 1393 1171 1433 esst

385 1488 550 1545 eredendum
569 1490 622 1535 est.
648 1478 718 1544 Quid
743 1476 897 1545 signitieant
915 1475 960 1527 ista
984 1471 1173 1536 duojurenes,

384 1581 520 1637 ilouatban
534 1574 659 1629 videlieet
670 1580 697 1625 et
709 1570 864 1631 bellimons,
876 1566 929 1621 nisi
942 1580 990 1620 eos
1004 1566 1048 1633 qui
1059 1581 1106 1633 per
1117 1579 1176 1633 gra-

385 1675 452 1727 tiam
474 1666 559 1723 sancti
585 1664 701 1732 Spiritus
714 1661 812 1724 renati,
834 1669 863 1713 et
885 1660 912 1712 in
935 1673 1048 1711 ntrmcro
1062 1656 1175 1709 iratrum

387 1761 498 1828 ascripti
514 1756 596 1813 sunt?
608 1754 653 1823 apri
678 1754 835 1806 recedentes
858 1749 892 1803 ab
904 1749 1033 1804 Absaiom
1060 1746 1174 1816 lugiunt,

386 1867 449 1907 eum
463 1849 595 1918 malignos
607 1845 717 1915 spiritus
727 1844 840 1897 evadere
850 1849 982 1910 ‹punrrmt
998 1839 1030 1892 lli
1042 1853 1106 1908 ergo
1121 1847 1176 1892 sta-

1222 1022 1268 1090 qui
1291 1021 1384 1090 plures
1400 1018 1598 1088 consumpsisse
1617 1031 1696 1084 ipram
1722 1018 1826 1087 gladius
1848 1033 1955 1073 rorasse
1970 1017 2009 1073 ic·

1222 1112 1303 1180 gitur,
1317 1109 1420 1163 bestias
1441 1105 1633 1166 ferocissimas,
1652 1120 1712 1172 qaam
1726 1106 1752 1158 in
1767 1103 1835 1158 salin
1851 1114 1939 1168 etant,
1954 1103 2011 1159 llo·

1222 1203 1288 1257 bruai
1302 1210 1479 1265 autumant,a
1504 1201 1602 1268 quibus
1617 1201 1708 1269 piures
1729 1199 1881 1269 consumpti
1897 1215 1977 1269 quarn
1994 1215 2010 1253 a

1223 1293 1312 1364 gladio
1326 1294 1410 1345 norati
1426 1291 1534 1345 inierint.

1262 1401 1271 1433 r
1288 1381 1392 1437 Accidit
1406 1392 1495 1435 autem
1511 1390 1538 1434 nt
1554 1391 1708 1435 occurreret
1719 1380 1845 1437 tibsaiont
1856 1382 1943 1438 sertus
1958 1380 2012 1437 tta-

1228 1476 1302 1539 rrid,
1316 1474 1412 1528 sedens
1426 1473 1508 1526 mulo.
1526 1473 1645 1542 Cumque
1665 1473 1801 1543 ingressus
1818 1473 1913 1529 luisset
1924 1474 2012 1530 mulus

1229 1583 1238 1615 r
1259 1565 1352 1617 subter
1375 1564 1536 1616 comlcnsant
1554 1578 1682 1630 qrtcrcum
1696 1571 1724 1616 et
1736 1578 1871 1632 magnam,
1900 1563 2014 1619 adiuesit

1230 1673 1239 1705 r
1261 1665 1340 1723 caput
1350 1650 1409 1721 ejus
1419 1653 1541 1721 quicteui,
1556 1660 1583 1705 et
1597 1653 1642 1704 illo
1654 1668 1783 1720 suspenso
1798 1654 1868 1706 iuter
1878 1652 1975 1707 coelum
1986 1662 2015 1709 et

1231 1762 1239 1795 r
1262 1755 1371 1805 terram,
1389 1742 1485 1805 nauius,
1503 1743 1545 1796 eui
1562 1742 1706 1807 insederat,
1732 1743 1917 1810 pertransivit,
1930 1752 1983 1799 etc.
2001 1763 2012 1796 a

1229 1833 1298 1898 Quia
1324 1832 1467 1900 signifieat,
1493 1832 1563 1899 ‹prou
1582 1831 1726 1895 tibsalom,
1753 1832 1825 1885 rrrulo
1843 1831 1965 1904 inglenS,
1987 1835 2015 1889 in

1228 1940 1328 1994 quercu
1342 1940 1390 1994 per
1399 1925 1536 1978 caesariem
1549 1925 1645 1993 eapitis
1658 1940 1803 1995 suspensus
1816 1937 1867 1992 est,
1879 1926 1931 1982 nisi
1946 1930 2016 1998 quod

387 1942 452 1996 bant
462 1939 540 2007 juxta
551 1936 650 1989 sonitem
663 1932 757 2002 liugel,
773 1933 817 1999 qui
834 1932 1025 1998 interpretatur
1036 1930 1117 1982 trariis
1137 1928 1177 1982 uel

388 2032 520 2091 deormm,
537 2041 598 2081 curn
609 2026 745 2078 luctantet
755 2022 911 2089 despectum
924 2021 949 2074 in
960 2021 1010 2074 boc
1022 2021 1121 2074 raritudo
1133 2034 1177 2089 ap·
1229 2016 1313 2071 ludaei
1326 2017 1445 2071 stultitiae
1459 2016 1576 2071 earnalis
1590 2032 1685 2072 seusus
1699 2016 1894 2084 incumbentes,
1907 2029 2017 2089 propter

387 2128 483 2189 petunt
501 2117 612 2178 babere,
635 2120 746 2183 propter
759 2111 878 2164 ecelesiis
902 2110 979 2179 regni
1001 2109 1174 2163 desiderium.
1191 2101 1215 2158 B
1229 2110 1494 2180 superstitiositatem
1505 2108 1691 2164 Pina-isatcam
1705 2107 1789 2181 legem
1803 2122 2016 2180 corrumpentes,

391 2228 401 2258 ι
419 2207 562 2261 Declinant
582 2218 646 2272 ergo
664 2202 770 2256 concito
795 2201 878 2271 gradu
896 2199 1030 2270 fugientes
1048 2202 1076 2254 in
1097 2199 1177 2253 domo
1227 2202 1381 2271 peripsam,
1398 2215 1477 2269 quiam
1494 2199 1527 2253 ad
1554 2201 1749 2255 correctionem
1769 2200 1831 2255 vitae
1845 2208 2017 2271 acceperant,

391 2315 402 2348 r
423 2295 562 2364 enjusdam
574 2293 625 2347 viri
636 2293 661 2345 iu
674 2291 801 2345 itaburim
813 2289 873 2361 (nui
890 2290 965 2344 locus
983 2290 1178 2358 interpretatur
1229 2292 1324 2346 mortis
1340 2290 1509 2346 occasionem
1526 2292 1693 2345 imbuerunt?
1705 2290 1782 2347 Unde
1804 2303 1831 2346 et
1850 2291 1974 2347 Salvator
1991 2296 2017 2347 in

389 2388 498 2451 eiectam
514 2386 570 2439 sire
578 2382 712 2453 jaceatis),
733 2397 794 2436 earn
807 2381 994 2436 adolescentiae
1008 2391 1127 2451 tempora
1150 2382 1177 2436 in
1231 2375 1374 2451 Evangelio
1388 2380 1457 2435 dixit
1472 2381 1506 2435 ad
1523 2396 1570 2436 eos
1586 2399 1593 2433 ι
1612 2379 1720 2436 «Nolite
1742 2382 1867 2436 arbitrari
1883 2384 1954 2452 quand
1969 2399 2019 2455 ego

390 2477 549 2532 memoriam
573 2475 715 2528 reducunt.
733 2491 742 2523 r
762 2473 932 2527 Descendunt
952 2473 978 2526 in
995 2481 1117 2541 puteum,
1132 2472 1178 2543 qui
1229 2478 1405 2524 accusaturus
1422 2469 1473 2523 sim
1494 2484 1542 2523 vos
1562 2470 1631 2539 apud
1655 2469 1763 2525 Patrem
1790 2486 1891 2525 nucum.
1913 2472 2020 2543 Moyses

396 2584 405 2616 r
429 2563 727 2628 eraatinvestibuio‚›
745 2562 1180 2631 eurupoeniientiaeselmmiliter
1229 2562 1324 2627 enim,
1348 2562 1476 2630 inquom
1504 2577 1552 2615 uos
1581 2560 1730 2626 confiditis,
1761 2562 1809 2615 iile
1834 2579 1880 2619 ros
1909 2574 2021 2619 accusat

393 2653 549 2722 subjiciunt,
571 2668 630 2721 quae
644 2654 750 2707 curretis
768 2654 922 2707 neccssaria
938 2664 980 2708 est
998 2654 1024 2707 iu
1045 2654 1095 2708 boe
1111 2663 1179 2709 tcm-
1231 2652 1321 2724 (loeta.
1336 2652 1374 2722 r).
1387 2670 1395 2701 a
1410 2651 1478 2705 Joab
1490 2667 1554 2721 ergo
1566 2652 1782 2707 ineoadbsaiom
1792 2665 1846 2708 tres
1859 2654 1965 2709 lanceas
1978 2655 2019 2709 in·

392 2762 470 2817 pore,
484 2755 545 2800 aute
559 2744 640 2798 sanem
656 2745 757 2800 scilicet
767 2746 907 2814 praesentis
918 2746 987 2799 tite.
1006 2763 1015 2795 r
1031 2746 1064 2799 Et
1078 2762 1180 2817 expan-
1231 2742 1298 2811 tigit,
1312 2757 1373 2796 cum
1397 2742 1524 2810 antiquus
1541 2742 1625 2796 bostis
1644 2744 1796 2813 snperbiam
1810 2785 1817 2809 ,
1832 2746 1973 2799 avaritiam
1996 2755 2023 2803 et

395 2854 406 2885 r
427 2836 468 2889 dit
478 2833 574 2888 mulier
585 2834 707 2887 velamen
723 2848 804 2903 super
819 2849 848 2888 os
860 2836 966 2903 putei‚a
984 2850 1045 2889 cum
1059 2834 1180 2890 Ecclesia
1232 2832 1359 2886 tan-tutam
1374 2849 1420 2887 seu
1435 2831 1575 2900 perfidiam
1595 2832 1622 2885 iu
1639 2848 1687 2886 cur
1698 2831 1802 2887 ludaici
1818 2834 1907 2903 populi
1932 2835 2023 2890 immi-

394 2938 505 2994 precum
520 2923 680 2977 assiduitate
707 2922 806 2977 delleta
820 2922 969 2990 juventutis
983 2932 1011 2979 et
1025 2925 1182 2994 ignorantia
1232 2924 1275 2988 sit,
1286 2939 1345 2991 que
1355 2922 1407 2976 illis
1419 2923 1622 2976 maximceausa
1634 2924 1793 2992 perditionis
1804 2927 1893 2978 eruin.
1909 2924 2023 2994 Superbi

395 3029 506 3068 suorum
525 3010 642 3067 filiorum
656 3012 821 3067 abscondere
832 3024 928 3068 certat.
952 3033 961 3065 r
979 3014 1061 3079 Quasi
1075 3016 1182 3070 siccans
1233 3011 1350 3076 inerunt,
1365 3013 1409 3080 qui
1425 3011 1450 3064 iu
1473 3021 1655 3080 coarteruptnm
1670 3013 1716 3066 liei
1730 3013 1799 3067 idola
1813 3014 2023 3069 fabricaverunt.

395 3106 542 3176 ptisanas»
555 3104 714 3158 cumearuis
725 3103 1097 3173 tascii-iampercontuendae
1111 3107 1184 3177 rigo·
1233 3102 1328 3172 Cripidi
1342 3102 1460 3166 luerunt,
1475 3104 1519 3172 qui
1529 3118 1572 3156 res
1594 3104 1764 3159 transitorias
1777 3106 1906 3159 virtutum
1921 3106 2025 3162 deitato

394 3196 601 3265 remstriugit.r
615 3195 698 3249 Etsie
710 3211 754 3249 res
766 3195 840 3261 latet,
857 3197 1099 3267 »trarrsgressionis
1110 3197 1184 3251 ride-
1232 3195 1432 3266 proponebant.
1456 3193 1554 3249 Periidi
1574 3209 1637 3249 tero
1652 3205 1679 3250 et
1703 3192 1786 3251 im'idi
1811 3197 1929 3264 luerunt,
1951 3200 2025 3269 quoii

395 3287 459 3342 iicet
470 3287 594 3340 burnan-e
604 3285 676 3349 vitm,
697 3285 759 3354 unia
773 3300 822 3352 per
834 3287 1018 3340 assiduitatem
1031 3302 1141 3354 precum
1156 3288 1183 3341 in
1234 3304 1287 3342 non
1300 3288 1385 3341 solutu
1400 3281 1480 3341 dictis
1503 3286 1569 3357 legis
1583 3299 1609 3341 et
1620 3289 1811 3357 prophetarunt
1829 3290 2024 3360 repugnabant,

394 3379 603 3449 compunctione
629 3377 835 3447 lacrymarum,
858 3387 885 3431 et
907 3392 955 3446 per
978 3378 1183 3447 castigationem
1236 3381 1376 3436 sedetiam
1396 3382 1481 3451 ipsias
1495 3381 1645 3435 saluatoris
1664 3383 1834 3451 pru-seutiam
1848 3384 2025 3454 spernebant,

395 3471 519 3540 corporis
528 3470 617 3525 omnia
631 3469 726 3523 delicta
752 3469 962 3535 absconduntur,
987 3487 1019 3526 ac
1034 3471 1157 3525 immines
1169 3486 1185 3525 a
1198 3439 1220 3500 C
1236 3482 1264 3528 et
1279 3473 1416 3528 boneficiis
1429 3471 1489 3541 ejus
1502 3473 1599 3542 ingrati
1610 3473 1780 3526 exstiterant.
1802 3473 1870 3526 ilinc
1882 3475 1910 3527 iu
1922 3474 2027 3543 passio·

395 3562 586 3633 persecutione
599 3562 701 3629 antiqui
713 3561 799 3615 bostis
811 3561 925 3629 protecti
936 3561 1094 3616 liberantur.
1238 3579 1271 3618 ne
1285 3581 1332 3619 sua
1347 3564 1505 3633 blasphema
1518 3579 1582 3618 roee
1596 3565 1630 3617 al
1644 3564 1760 3618 Pilatum
1774 3563 1900 3619 dicebant
1914 3583 1920 3618 :
1937 3584 1947 3616 r
1967 3564 2025 3629 Non

436 3650 584 3720 itumque
603 3650 720 3704 venisset
741 3650 824 3702 David
850 3650 877 3704 iu
891 3660 979 3704 castra
993 3651 1108 3717 llariiau,
1122 3651 1186 3708 Subi
1238 3657 1370 3711 habentus
1387 3672 1496 3728 regem,
1521 3656 1574 3710 nisi
1603 3655 1737 3710 Caesarem
1751 3655 1843 3725 (lona.
1860 3657 1935 3729 xix);
1952 3667 2025 3713 iet:

400 3758 410 3790 ι
434 3738 508 3793 iliius
518 3738 588 3792 Noas
605 3737 638 3791 de
648 3737 772 3793 llabbatb
783 3737 900 3793 saliorum
913 3739 1036 3804 baraton,
1047 3751 1074 3796 et
1085 3740 1188 3797 blachia
1242 3765 1251 3796 r
1273 3746 1302 3800 st
1315 3748 1386 3801 imnc
1396 3727 1519 3812 dimittis,
1533 3762 1627 3802 nones
1649 3748 1752 3801 audeus
1763 3746 1877 3803 Censoris
1888 3747 1993 3823 (litt).
2013 3768 2022 3801 a

401 3847 411 3879 r
435 3827 507 3882 iilius
517 3826 604 3881 tutet
618 3826 651 3881 de
662 3827 796 3893 Lodabar,
813 3837 840 3885 et
851 3828 971 3883 Berzeiai
983 3829 1135 3887 Galaadites
1154 3831 1188 3887 tie
1238 3830 1366 3890 Absalom
1379 3852 1485 3907 quoque
1498 3844 1557 3907 pust
1572 3837 1720 3903 interitum,
1736 3839 1763 3892 in
1778 3839 1882 3893 lateam
1894 3842 2024 3911 grartdern

401 3937 411 3969 r
435 3918 569 3989 liugefissl·
581 3916 736 3972 obtulerunt
746 3918 770 3971 05
782 3920 920 3985 ὓῑΐῑὶῑῡΐῑθ,
931 3928 959 3974 ⁰¹
969 3922 1077 3990 mileum
1089 3929 1189 3977 cirasa
1240 3931 1337 3986 missus
1352 3938 1403 3995 cst,
1420 3947 1479 3985 cittii
1494 3932 1601 4001 iniquus
1613 3933 1728 4003 quisque
1741 3942 1803 4003 pust
1817 3933 1920 3988 obitum
1934 3935 2026 3991 earnis

402 4027 413 4060 a
434 4008 538 4073 fictilia,
547 4005 709 4061 frumentum
717 4008 1188 4080 ciliordeurn,etiariuampolentam
1240 4020 1266 4074 in
1281 4021 1369 4074 lacum
1385 4019 1483 4075 intpp-pt
1502 4030 1648 4092 mergetur,
1664 4021 1752 4093 super
1765 4040 1845 4093 quem
1861 4040 1976 4079 acervus
1990 4025 2028 4079 ιη.

404 4119 413 4151 r
434 4109 463 4154 et
473 4098 573 4163 labam,
587 4107 614 4153 et
636 4100 747 4165 lentem,
760 4099 859 4156 irixuru
882 4104 963 4170 cicer,
983 4106 1087 4171 etmel,
1102 4113 1131 4160 et
1141 4106 1189 4160 bu·
1240 4110 1331 4179 pidum
1344 4112 1509 4181 congeritur,
1525 4127 1586 4165 eum
1598 4113 1697 4167 duritia
1707 4115 1804 4167 attentis
1818 4130 1872 4168 snae
1884 4114 1920 4168 iiii
1933 4130 2030 4187 appro-

404 4210 414 4241 ι
435 4201 536 4260 tyrum,
545 4205 609 4245 ores
618 4199 646 4243 et
656 4191 884 4262 pinguesvitulos‚
897 4194 1083 4266 dederuntque
1104 4198 1190 4253 Dauid
1240 4201 1328 4254 batur.
1343 4194 1428 4252 llarid
1439 4215 1504 4269 ergo
1516 4201 1679 4254 exstinctum
1691 4201 1818 4256 Absalom
1830 4202 1954 4272 ploravit,
1967 4221 2028 4259 curn

404 4301 414 4332 r
437 4292 465 4337 ct
479 4283 578 4354 populo
588 4283 633 4353 qui
646 4300 707 4338 cnm
719 4302 751 4340 eo
761 4294 820 4341 erat
832 4287 1045 4343 aduescendum.
1055 4289 1190 4360 Suspicati
1242 4290 1379 4343 interitum
1387 4287 1586 4360 papulilndaici
1597 4291 1723 4345 Dominus
1733 4290 1815 4358 ileait,
1827 4294 1899 4348 sieut
1909 4295 2031 4349 inlima-

404 4391 414 4422 ι
434 4372 507 4427 enim
517 4384 580 4426 sunt
591 4374 717 4442 populum
734 4373 804 4431 ianne
815 4387 842 4431 et
857 4378 901 4432 siti
914 4377 1020 4449 fatigari
1035 4381 1061 4433 iu
1073 4382 1189 4449 deserto,
1242 4379 1311 4449 gello
1323 4380 1420 4448 iegitur
1435 4398 1440 4432 :
1457 4380 1519 4449 quia
1534 4398 1543 4429 r
1556 4380 1649 4434 ridens
1661 4382 1795 4435 civitatem
1808 4381 1967 4449 Jerusalem,
1982 4383 2026 4440 ile·

405 4483 414 4513 r
431 4472 485 4517 etc.
496 4461 637 4519 ›istcSobi
648 4465 718 4518 itlius
729 4464 780 4519 luit
789 4466 948 4539 NaasregiS,
957 4485 1017 4524 cum
1026 4485 1078 4540 qino
1088 4485 1191 4542 pagim-
1242 4468 1280 4522 ait
1293 4484 1372 4539 super
1386 4469 1458 4522 illam
1471 4469 1544 4539 (erc.
1559 4470 1625 4540 atti,
1644 4492 1654 4521 ι
1668 4472 1744 4541 eujus
1756 4472 1873 4527 ntiscriae
1886 4475 1911 4527 iu
1924 4482 2027 4530 tanturn

403 4556 442 4609 rit
452 4554 526 4609 Saul.
540 4554 684 4625 lpseetianr
697 4556 1058 4616 Naasiecitnriserieordiam
1072 4565 1193 4618 eunrlia-
1243 4577 1399 4630 compassus
1412 4572 1463 4625 est,
1479 4569 1507 4613 nt
1520 4562 1600 4615 etiarn
1616 4578 1699 4631 usque
1724 4565 1757 4618 ad
1772 4574 1887 4619 mortem
1901 4567 1990 4623 crucis
2000 4568 2027 4621 in

404 4645 573 4714 vidquando
587 4644 729 4717 iugiebata
748 4645 817 4703 faeie
828 4648 902 4703 Saul.
916 4649 974 4716 Quo
994 4661 1109 4717 mortua,
1124 4652 1193 4706 dixit
1243 4656 1392 4711 eruditione
1404 4654 1462 4724 ejus
1481 4665 1507 4708 et
1519 4672 1583 4710 eura
1597 4656 1692 4710 salutis
1705 4673 1759 4711 stau
1771 4660 1958 4727 perararrserit.

405 4735 508 4789 Dauid:
526 4753 536 4784 ι
563 4734 672 4789 Faciam
688 4738 900 4793 miscricordiam
911 4756 971 4795 eum
982 4741 1108 4807 Ammon,
1123 4744 1192 4798 sicut

406 4825 471 4879 iecit
493 4833 571 4894 pater
587 4826 645 4895 ejus
665 4843 771 4881 meeum
794 4828 836 4898 (ll
855 4830 919 4901 liep.
940 4832 979 4903 x).
999 4855 1008 4884 ι
1029 4804 1231 4903 interemptoD

406 4934 496 4973 reroa
516 4919 601 4972 David
615 4920 739 4982 Ammon,
756 4921 801 4989 qui
818 4922 843 4975 ei
867 4924 893 4975 ia
920 4924 1094 4980 decalvandis
1107 4928 1194 4982 serris

406 5011 462 5064 suls
474 5009 600 5078 injuriam
611 5009 720 5072 iecerat,
732 5013 895 5070 constitutus
908 5024 949 5069 cst
963 5016 996 5070 ab
1006 5018 1100 5073 eodem
1109 5019 1194 5076 David

408 5106 434 5158 in
447 5105 506 5161 loce
523 5104 616 5159 iratris
628 5105 680 5160 iste
704 5105 779 5172 Sobi,
793 5109 855 5176 quia
866 5110 898 5163 ad
914 5109 997 5165 llarid
1023 5110 1120 5181 legitur
1133 5130 1193 5169 cum

408 5200 515 5252 caeteris
541 5199 658 5262 venisse,
681 5206 707 5252 ct
727 5202 864 5265 stratoria,
889 5208 917 5255 et
941 5204 1050 5271 tapetia,
1077 5213 1104 5258 et
1131 5222 1193 5261 vasa

410 5285 514 5352 fictilia,
531 5296 677 5351 eleutero,
692 5303 751 5358 qrtae
763 5300 912 5360 sequuntur
926 5293 950 5346 ei
964 5294 1101 5351 obtulisse.

690 5397 802 5455 caput
821 5400 912 5457 ttt'ttt.

415 5487 450 5540 iic
463 5505 550 5558 papan
565 5506 698 5543 aereorum
710 5490 794 5543 Dauid
804 5502 895 5546 eontra
910 5493 996 5549 israel
1006 5508 1030 5551 et
1040 5515 1100 5551 truce
1111 5497 1194 5552 Absu-

524 5558 587 5619 iom,
604 5576 680 5628 quem
695 5571 824 5614 uterinum
843 5563 980 5633 pierepebut
992 5567 1087 5620 Dauid.

447 5644 521 5714 (Cae.
537 5647 648 5715 xstitit
667 5649 759 5718 ltaque
773 5667 896 5720 egressus
910 5658 1070 5725 estpopulns
1084 5660 1109 5712 in
1121 5674 1196 5713 eam-

417 5751 425 5782 r
443 5750 504 5802 pum
516 5746 610 5789 eontra
622 5737 714 5801 lsrael,
730 5739 870 5794 etinctum
887 5751 928 5797 est
946 5746 1067 5813 praelium
1083 5748 1110 5801 in
1127 5750 1196 5803 saltn

417 5841 425 5872 r
447 5823 584 5892 Epalrraim.
599 5826 631 5879 lit
645 5842 730 5881 caesus
743 5838 782 5883 est
797 5831 832 5883 ibi
847 5833 960 5900 populns
973 5834 1052 5888 lsrael
1075 5838 1109 5891 ab
1119 5853 1198 5892 exer-

416 5931 426 5963 r
446 5913 500 5966 citu
512 5914 606 5979 David,
620 5915 744 5986 iactaque
759 5928 800 5973 est
812 5922 889 5991 plaga
901 5938 998 5993 magna
1011 5926 1038 5979 in
1050 5927 1092 5981 die
1104 5927 1147 5981 illa
1161 5929 1199 5983 ri·

418 6021 427 6053 a
446 6003 509 6069 titali
525 6005 647 6062 millium.
665 6008 727 6065 Fuit
743 6021 831 6067 autent
846 6014 881 6068 ibi
900 6016 1020 6085 pralium
1046 6018 1196 6087 disperstun

1533 4772 1646 4829 CAPUT
1667 4774 1736 4828 tlt.

1244 4862 1283 4916 De
1297 4863 1587 4933 aureamtttptttosnt
1597 4865 1623 4916 iu
1635 4880 1854 4935 orcitaaumrepm,
1866 4878 1889 4919 et
1902 4868 1933 4920 ric
1945 4869 2029 4934 redita

1281 4936 1359 4986 totius
1372 4933 1455 4986 isreel
1476 4934 1510 4985 nti
1525 4934 1609 4986 tinent
1621 4951 1629 4998 ,¹
1643 4944 1667 4987 et
1681 4937 1871 5004 corrapirutiune
1896 4937 1964 4993 Saba
1978 4940 2029 5008 tritt

1281 5002 1378 5056 tiocia-t
1390 5013 1480 5056 certitu
1496 5003 1590 5057 Dauid.

1281 5114 1357 5186 (Cae.
1374 5115 1467 5185 arxi«
1490 5115 1619 5183 lenitaue
1639 5118 1781 5171 untrersus
1804 5120 1916 5188 populus
1938 5138 2032 5199 epraar

1249 5226 1257 5257 r
1281 5223 1358 5277 rege;
1376 5207 1457 5262 lsrael
1469 5218 1559 5262 autem
1571 5208 1639 5278 iugit
1654 5210 1679 5263 ia
1694 5211 1864 5267 tabernacula
1880 5230 1939 5280 sua,
1951 5225 2002 5271 ete.
2021 5239 2030 5270 r

1249 5298 1394 5354 Universos
1408 5302 1530 5370 popalus,
1550 5303 1596 5370 qui
1610 5318 1701 5357 corant
1723 5321 1785 5375 rege
1797 5308 1903 5363 venisse
1925 5309 2031 5381 iegitur.

1247 5390 1272 5444 bi
1289 5399 1350 5445 sunt
1361 5392 1406 5459 niti
1418 5407 1478 5445 cum
1491 5392 1573 5446 David
1583 5406 1799 5461 permanserant.
1808 5398 1884 5465 Quod
1896 5405 1960 5456 aero
1976 5403 2030 5456 ait:

1248 5498 1257 5531 r
1276 5480 1356 5534 israel
1365 5481 1466 5549 iugitin
1477 5482 1646 5536 tabernacula
1659 5499 1716 5550 sna,
1732 5487 1779 5541 ›ut
1792 5489 1955 5559 intelligendi
1968 5503 2032 5546 sunt

1244 5572 1289 5640 qni
1307 5587 1367 5625 eum
1382 5571 1507 5626 absalom
1520 5573 1701 5641 perduellione
1726 5578 1839 5634 rebelles
1857 5584 2029 5638 exstiterant.

1252 5679 1261 5710 r
1285 5660 1463 5729 iliplribosctir
1487 5677 1594 5731 quoque
1617 5666 1687 5719 iilius
1701 5664 1835 5723 lauatimn
1853 5672 1991 5727 descendit
2005 5675 2032 5729 in

1253 5768 1262 5799 r
1284 5766 1425 5805 occnrsum
1438 5752 1509 5821 regis
1520 5753 1729 5823 illotispeiibus.
1742 5780 1751 5810 r
1769 5761 1801 5812 tit
1811 5763 2035 5832 notandumquod

1251 5844 1277 5897 iu
1292 5844 1405 5897 llcbracn
1420 5860 1473 5898 nou
1493 5844 1591 5909 illotis,
1617 5848 1674 5910 sed,
1693 5848 1795 5913 inpleris·
1818 5853 2032 5922 iegiturpetiiiat

1252 5934 1365 5988 lecerat
1378 5951 1494 6004 rrarmpre
1509 5936 1560 5989 sibi
1584 5937 1653 5990 idem
1673 5937 1847 6005 biipiaibosetb
1860 5942 1869 6013 (
1880 5953 1910 5997 nt
1930 5944 2036 6002 llebrari

1253 6024 1378 6084 traduntl
1398 6025 1500 6095 ligneos
1513 6026 1603 6095 pedes,
1632 6028 1728 6095 ‹pat-‚m
1744 6031 1781 6083 uti
1806 6035 1880 6102 quasi
1894 6051 1941 6105 pro
1955 6044 2035 6107 natu·
