4709 6767
341 641 428 701 ‘libb

652 730 765 791 CAPUT
782 729 849 785 xltt.

359 829 437 889 Vettlt
452 828 596 883 Antiochus
609 834 699 879 contra
719 820 853 876 induam.
879 814 982 871 Occidet
1005 812 1093 868 iudos
1119 812 1147 864 im

390 897 485 957 causis
497 894 619 952 Amtiociti
632 901 746 963 quotttor
771 888 868 953 millio,
884 896 907 940 et
927 884 1072 938 niaximum
1096 881 1148 934 ele·

389 972 598 1043 plantaremus
618 962 713 1032 occipit
738 957 939 1021 Ptolemaidem,
953 964 1006 1009 etc.

385 1076 503 1135 sedem
519 1082 604 1129 mente
635 1071 776 1141 effrenatus
799 1068 915 1124 ueniebat
946 1064 1094 1133 nequiorem
1121 1077 1149 1115 se

354 1177 428 1240 putre
440 1181 488 1222 suo
500 1162 604 1218 luderis
623 1170 784 1215 ostensurus.
798 1156 899 1223 Quibus
923 1154 1009 1210 iudos
1025 1152 1146 1223 capnitis,

354 1256 476 1328 precepit
487 1252 592 1325 populo.
605 1261 633 1305 ut
646 1250 688 1305 die
701 1266 734 1304 uc
752 1258 825 1303 nocte
850 1248 980 1301 s'sttocuret
995 1244 1147 1308 Dousinum,

354 1347 424 1418 quod
435 1348 612 1414 sicutsempcr
632 1352 656 1397 et
683 1357 752 1396 nunc
777 1339 915 1408 odjueutct
932 1353 985 1400 cos,
998 1332 1148 1408 quippepost

355 1441 420 1509 lcpc,
433 1446 457 1491 ct
473 1438 572 1507 patrio,
588 1443 729 1505 sanctoque
739 1431 833 1502 templo
855 1430 955 1501 prieeri
977 1440 1147 1492 uererentur:

355 1545 386 1582 ac
400 1526 536 1598 populum,
548 1526 593 1596 qui
606 1541 688 1596 smper
698 1521 836 1594 paululum
849 1521 1011 1590 respirasset,
1025 1535 1057 1574 stc
1076 1521 1146 1573 sime·

355 1628 392 1673 ret
406 1617 573 1686 blasphemiis
592 1632 685 1670 sursus
698 1613 846 1669 mutiostibus
859 1611 945 1674 subdi,
959 1624 1012 1669 etc.
1029 1595 1149 1664 ilistoriti

354 1725 415 1780 qstae
425 1709 523 1764 bellum
536 1707 662 1762 Antiochi
677 1706 829 1777 Eupatoris,
849 1712 877 1759 et
892 1704 979 1775 Lysiae
993 1711 1149 1773 procurato-

357 1799 467 1870 sisoius
480 1807 575 1855 eontra
589 1797 706 1864 iudaeos,
720 1802 822 1859 narrat,
834 1796 862 1850 iu
871 1794 957 1866 priori
978 1793 1047 1849 libro
1072 1808 1147 1849 eem-

354 1887 721 1959 ruemoratasimuletjuxta
742 1879 899 1959 allegoriam
926 1884 1060 1955 explicata
1088 1893 1146 1940 est:

355 1982 403 2037 sed
418 1982 482 2036 illutl
491 1988 691 2052 consequenter
703 1987 831 2035 narratur
841 1979 913 2049 quod
924 1978 951 2033 in
964 1980 1061 2034 eastris
1075 1979 1146 2049 regis

715 569 943 679 contemtum
963 608 1089 669 utullus
1111 604 1401 664 utuntureouutt.
1417 635 1452 645 -
1464 603 1498 659 lii
1519 603 1582 659 tltt.
1604 599 1636 657 ll.

1160 718 1338 790 Agentilinm
1354 717 1539 773 observarent.
1556 713 1708 772 Demetrius
1723 718 1825 777 autem,
1838 707 1938 766 audita
1954 725 1993 764 re·

1199 809 1300 865 latione
1312 809 1409 864 Alcimi
1427 817 1454 864 et
1466 818 1626 863 caeterorum
1649 804 1696 875 qui
1717 802 1820 859 inimici
1845 808 1924 857 eraut
1943 799 1991 854 Ju-

1199 901 1250 968 dte,
1263 909 1291 955 et
1312 901 1340 954 in
1359 899 1531 955 accusatione
1562 898 1697 958 latebant,
1712 893 1804 949 statim
1830 889 1991 947 Nicanorem

1198 989 1371 1061 praepositum
1382 997 1410 1044 et
1419 989 1626 1058 elephantorum
1636 985 1730 1040 ducent
1742 980 1817 1037 misit
1827 979 1991 1044 iuiudaeam,

1199 1083 1269 1137 dotis
1283 1082 1416 1137 mendatis
1439 1090 1468 1134 ut
1495 1082 1579 1151 ipsum
1600 1078 1705 1150 quidem
1729 1075 1954 1146 iudomceperet‚
1967 1085 1991 1127 et

1199 1189 1243 1228 eos
1253 1173 1299 1244 qui
1312 1189 1370 1226 cum
1384 1171 1431 1226 illo
1444 1181 1518 1226 erum
1542 1170 1709 1239 dispumaret,
1723 1177 1747 1221 ct
1772 1177 1802 1220 ut
1825 1166 1992 1220 constitueret

1199 1261 1329 1317 Alcimum
1342 1261 1451 1316 maximi
1462 1258 1550 1331 templi
1563 1274 1694 1313 sesamum
1704 1256 1875 1310 sacerdotem.
1888 1253 1939 1321 Qui
1964 1254 1991 1306 in

1198 1351 1317 1407 ludaeam
1349 1359 1469 1415 terrione,
1495 1349 1614 1420 primum
1640 1348 1716 1417 pacis
1744 1361 1773 1402 se
1799 1345 1877 1400 linxit
1904 1344 1992 1400 toettns

1199 1458 1261 1497 curn
1272 1441 1370 1497 tantais
1384 1443 1484 1496 babere
1496 1440 1578 1500 velle;
1588 1447 1681 1508 postea
1693 1436 1865 1490 stranilestata
1876 1434 1992 1488 mimici-

1199 1532 1237 1587 tia
1253 1532 1414 1588 utoustravit
1428 1546 1457 1586 se
1470 1545 1530 1585 esse
1543 1528 1680 1583 bominem
1692 1525 1888 1596 esequissimum
1905 1524 1993 1594 tnagis

1199 1638 1280 1693 tpuasu
1292 1622 1397 1677 lltlelcm
1408 1621 1534 1676 amicum.
1548 1619 1602 1673 Sed
1614 1617 1704 1674 divina
1716 1615 1817 1669 virtute
1827 1619 1990 1682 prostratus,

1198 1712 1371 1783 blasphemiae
1385 1721 1480 1767 eontra
1497 1712 1580 1765 boum
1596 1708 1707 1779 prolatae
1720 1715 1747 1762 et
1763 1705 1919 1777 pertinaciae
1935 1719 1992 1757 sexu

1197 1821 1293 1877 poenas
1303 1806 1367 1872 luit3
1383 1822 1442 1876 qttae
1457 1804 1546 1859 oretria
1560 1804 1587 1857 iu
1599 1803 1697 1874 prioiis
1708 1801 1768 1856 libri
1781 1798 1894 1854 historia
1906 1797 1992 1852 conti·

1198 1896 1489 1966 uentur;licetaliqua
1512 1911 1572 1965 quae
1587 1877 1623 1948 ibi
1650 1900 1762 1963 propter
1788 1888 1989 1945 festinationem

1198 1989 1335 2043 narrantis
1353 1988 1453 2042 omissa
1467 1994 1541 2051 sunt,
1558 1984 1600 2038 in'
1613 1980 1692 2052 lustjus
1709 1981 1866 2035 enarratione
1888 1979 1991 2034 inserta

1919 605 1990 665 iiii
2069 601 2071 607 ¹

355 2071 496 2128 interiecta
507 2081 586 2127 nocte
604 2070 719 2126 luissent
731 2086 780 2141 per
793 2070 900 2126 iudaeos
916 2079 1033 2140 quatuor
1046 2071 1141 2137 millia,
1157 2088 1180 2148 B
1194 2079 1378 2149 meriamur:
1391 2077 1526 2145 allegoria·
1539 2083 1629 2129 autem
1654 2087 1750 2127 sensus
1770 2070 1848 2140 justa
1880 2070 1990 2125 modum

354 2162 537 2217 attraximus
563 2161 767 2231 elephantorum
789 2177 850 2217 cum
872 2163 916 2217 tas
939 2163 985 2231 qut
1015 2164 1146 2232 suppositi
1197 2169 1325 2243 ingenioli
1340 2168 1393 2223 met
1409 2166 1606 2221 tennemonn
1622 2161 1853 2231 retetexpostms
1867 2161 1920 2226 eet,
1938 2174 1989 2215 nec

355 2259 444 2316 erant,
460 2252 487 2306 in
505 2252 597 2322 priore
617 2252 772 2306 narratione
789 2251 959 2305 manifestius
975 2250 1145 2322 exprimitur,
1197 2263 1296 2319 {teme
1306 2274 1396 2331 opem
1410 2256 1526 2327 pretium
1537 2269 1598 2309 esse
1612 2253 1727 2308 ridetur.
1744 2243 1751 2261 “

354 2342 401 2395 Ubi
419 2339 535 2396 refertur
558 2340 629 2410 q⁰⁰d
648 2340 793 2395 Eleazarus
818 2338 889 2395 filius
917 2339 1015 2405 Saura,
1027 2338 1145 2407 ilidffluss
1233 2352 1332 2407 Rosius
1343 2346 1547 2418 outempuitlsm
1561 2344 1594 2398 ds
1606 2343 1754 2398 senioribus
1768 2342 1801 2396 ab
1817 2339 1989 2411 ierosolymis

354 2431 451 2487 ridens
464 2446 546 2487 unam
560 2431 593 2485 de
607 2429 700 2485 bestiis
724 2428 864 2484 loricatam
888 2428 980 2485 loricis
995 2431 1068 2502 repis
1080 2431 1147 2487 emi·
1197 2441 1299 2498 aetatu,
1318 2447 1357 2496 aa
1382 2437 1524 2503 Nicanori,
1540 2435 1581 2489 air
1593 2443 1698 2488 aestates
1722 2432 1845 2494 ciuitatis,
1862 2437 1915 2485 etc·
1927 2430 1990 2484 llaec
2059 2469 2064 2480 ·

355 2530 463 2577 nentem
478 2534 560 2590 super
572 2529 685 2575 ceteras
695 2519 804 2585 bestias,
818 2534 880 2574 eum
893 2520 1061 2577 existimaret
1074 2526 1146 2593 quod
1196 2533 1306 2605 quidam
1318 2531 1439 2602 legentes
1466 2537 1494 2581 et
1518 2526 1686 2581 irrrenientes
1705 2522 1741 2578 ibi
1761 2521 1892 2591 scriptum
1917 2520 1990 2589 qarod

356 2613 383 2666 in
397 2626 428 2666 ea
442 2620 513 2665 esset
524 2625 583 2675 rex,
595 2610 748 2679 irrumpens
762 2610 789 2664 in
801 2609 932 2681 legionem
946 2612 1042 2670 subtus
1063 2616 1146 2683 pedes
1196 2622 1307 2688 nactas,
1321 2618 1430 2691 propria
1446 2631 1526 2671 manu
1540 2614 1592 2670 sibi
1615 2613 1735 2669 inlerens
1748 2619 1876 2676 mortem,
1890 2608 1990 2679 elegis-

354 2699 506 2772 clephantis
531 2700 683 2755 cucurrerit
703 2714 819 2770 eumque
844 2701 1026 2771 interfecerim
1038 2705 1084 2775 qui
1098 2722 1145 2763 ea·
1198 2724 1239 2769 ses
1257 2710 1379 2766 nobiliter
1392 2707 1458 2761 mori
1469 2702 1774 2776 potiusquomsubditas
1792 2716 1848 2755 esse
1870 2708 1991 2770 peecato-

355 2794 423 2845 oens
446 2804 528 2861 super
549 2790 636 2859 ipsunt
660 2790 779 2859 pondere
800 2804 850 2846 suo
872 2805 934 2847 eum
952 2796 1147 2863 oppressit,ct
1197 2804 1281 2867 ritas,
1296 2812 1319 2855 et
1334 2795 1538 2854 contr-asmata
1563 2810 1626 2849 suos
1652 2792 1768 2862 iadtpnis
1795 2789 1902 2860 inperiis
1928 2788 1990 2859 opi:

356 2887 478 2935 rurortuus
491 2890 547 2935 est:
561 2876 638 2947 cujus
651 2879 813 2950 significatio
826 2881 955 2951 spiritalis
966 2882 1007 2941 tut
1019 2884 1147 2956 explana·
1197 2908 1231 2947 ne
1253 2892 1325 2946 torte
1359 2886 1531 2958 simplicioris
1567 2884 1650 2939 anina
1673 2882 1795 2947 credant,
1816 2895 1877 2935 cum
1899 2894 1991 2936 neces·

308 3052 313 3061 ¹
356 2980 383 3025 ¹³
393 2979 445 3037 ⁰⁵¹,
460 2986 523 3026 ⁰⁰¹⁰
535 2970 663 3042 laetabili
678 2972 856 3040 superborum
869 2973 981 3043 proprio
995 2974 1056 3030 nisu
1082 2991 1146 3031 con·
1197 2984 1264 3040 sitas
1278 2981 1388 3046 urserit,
1408 2979 1497 3049 potius
1511 2975 1562 3031 sibi
1576 2975 1685 3045 proprio
1707 2981 1768 3028 actu
1793 2972 1885 3041 aliquo
1910 2970 1993 3025 modo

356 3061 419 3115 illia
445 3067 623 3125 ῐΰθῦδῑηῑῦῐ,
645 3058 752 3115 dicente
774 3059 929 3131 scribilis&
955 3062 1046 3119 Omni*
1071 3082 1146 3120 Arm·
1197 3076 1366 3133 inleremlam
1394 3086 1454 3127 esse
1487 3078 1602 3124 erortem
1627 3081 1709 3137 quam
1742 3063 1916 3120 incidendum
1950 3061 1990 3115 ri-

354 3169 421 3221 dtttt
437 3152 596 3206 ‘timulsti’
609 3160 646 3205 0⁸2
660 3151 731 3222 “illi
742 3150 826 3206 Dium
838 3152 929 3224 (Pml-
943 3157 1012 3228 ῃ’1);
1027 3165 1054 3213 el
1063 3158 1143 3214 ilem:
1197 3183 1261 3222 vum
1277 3165 1303 3220 in
1319 3178 1416 3219 uranus
1426 3169 1610 3231 peecatorum,
1622 3156 1687 3211 utile
1699 3155 1756 3211 lore
1769 3154 1917 3210 arbitratus
1930 3167 1992 3209 sum

356 3246 423 3298 Ante
438 3243 541 3297 tainum
555 3242 685 3298 exultatus
697 3254 775 3298 soret
786 3255 846 3300 ante
856 3245 968 3317 plocium
990 3249 1147 3305 humiliatur
1196 3275 1230 3315 ex
1244 3255 1323 3312 dictis
1337 3251 1484 3308 venerandi
1504 3249 1592 3305 Patris
1606 3246 1749 3319 Augustini
1762 3246 1825 3301 husie
1834 3244 1911 3315 operi
1938 3257 1990 3298 no-

355 3337 462 3409 (lttd.);
474 3347 503 3394 et
516 3337 590 3393 alibi:
605 3337 676 3392 Deus
686 3338 802 3409 superbis
812 3340 918 3400 resistit.
934 3341 1079 3397 tramitibus
1097 3361 1145 3412 ota
1198 3358 1255 3404 stro
1267 3347 1357 3416 aliqua
1373 3342 1583 3408 insereremus
1596 3340 1680 3395 lector
1695 3338 1802 3393 sobrius
1814 3335 1879 3405 quid
1893 3334 1943 3390 sibi
1958 3335 1992 3389 tle

356 3440 406 3481 tera
420 3437 464 3482 dat
478 3429 591 3499 pretinm
603 3427 706 3499 (Jacob.
718 3429 769 3498 tri:
780 3438 807 3484 et
819 3430 846 3484 in
862 3430 1006 3503 Evangelio
1023 3433 1153 3497 Dominus
1166 3452 1189 3514 C
1206 3440 1304 3495 talibus
1324 3436 1404 3491 rebus
1421 3434 1552 3505 agendum
1564 3432 1600 3486 sit
1615 3429 1792 3500 intelligerem
1805 3427 1890 3482 relert
1901 3433 1991 3481 autem

357 3516 440 3583 clusit,
453 3516 505 3582 Qui
521 3534 549 3572 sc
566 3517 664 3572 exaltat
675 3518 868 3586 transiliobitur,
879 3532 903 3576 et
915 3523 959 3593 pei
977 3541 1004 3579 se
1024 3526 1146 3584 bumiiiut
1176 3570 1179 3574 .
1199 3538 1365 3585 mensuratus
1380 3528 1460 3582 Pater
1474 3527 1501 3579 in
1512 3524 1599 3592 primo
1614 3537 1664 3578 suo
1676 3522 1744 3577 libro
1762 3522 1794 3576 tle
1806 3522 1921 3576 Ciuitate
1933 3519 1991 3586 bet,

355 3607 513 3661 exultabitur
523 3606 632 3679 (blattis.
648 3612 738 3681 exart).
1199 3621 1244 3681 nbi
1259 3628 1349 3673 utrum
1363 3617 1444 3672 alicui
1460 3615 1541 3670 liceat
1565 3614 1684 3682 seipsum
1712 3613 1865 3667 interlicere
1884 3611 1993 3680 copioso

393 3697 526 3754 Posthac
540 3707 630 3753 autem
644 3699 758 3754 historia
771 3700 887 3771 explicat
908 3704 1027 3772 qualiter
1052 3707 1143 3766 Deme
1199 3719 1316 3767 tractatu
1335 3708 1482 3779 disputarit
1495 3706 1532 3761 ita
1547 3706 1655 3762 dicens:
1668 3703 1742 3759 blulti
1755 3719 1785 3758 se
1798 3702 1996 3758 interfecerunt

356 3791 436 3889 taius,
452 3789 521 3844 itlius
545 3788 662 3853 Seleuci,
675 3790 702 3844 in
728 3788 849 3845 iudaeam
873 3792 1036 3860 istrienses
1066 3812 1149 3869 regno
1187 3794 1235 3859 ¹ne
1249 3804 1276 3858 in
1293 3817 1391 3857 marsus
1403 3800 1521 3855 hostium
1535 3797 1718 3869 pervenirent.
1730 3794 1788 3850 Non
1805 3795 1885 3851 modo
1895 3794 1995 3864 qtraeri-

356 3887 457 3979 pietatus
469 3893 517 3979 per
531 3877 666 3979 Alcimum
682 3879 842 3943 incitaretur
860 3882 990 3940 adversus
1014 3883 1112 3942 indam
1122 3896 1150 3944 et
1200 3910 1261 3951 mus
1276 3903 1368 3950 utrum
1381 3894 1416 3947 sit
1427 3891 1541 3955 laetum,
1555 3889 1603 3944 sed
1619 3895 1710 3941 utrum
1722 3883 1806 3940 luerit
1828 3886 1993 3940 laciendum.

358 3964 784 4039 ⁵⁰⁰¹0801¹182ssil¹¹¹³⁵⁰llll¹⁰¹¹¹
804 3980 863 4025 ⁰³¹²
1201 3985 1274 4043 Sana
1289 3985 1388 4057 quippe
1410 3983 1480 4038 ratio
1508 3978 1640 4048 exemplis
1665 3975 1852 4047 anteponenda
1871 3988 1913 4031 cst
1950 3974 1994 4028 cui

1201 4080 1309 4150 quidem
1320 4076 1443 4148 exempla
1455 4074 1633 4138 concordant,
1647 4072 1695 4127 sed
1708 4070 1754 4124 illa
1766 4084 1826 4139 quae
1857 4076 1933 4123 tanto
1952 4068 1993 4123 di-

1201 4171 1295 4242 gniora
1315 4176 1378 4223 sunt
1388 4165 1551 4229 imitatione,
1562 4170 1664 4234 quanto
1675 4158 1867 4216 excellentiora
1882 4158 1993 4227 pictate.

1201 4262 1259 4317 Non
1272 4260 1394 4316 lecerunt
1406 4256 1579 4329 patriarchae,
1589 4269 1643 4309 non
1656 4251 1804 4325 prophetae,
1820 4265 1873 4304 nou
1886 4255 1996 4318 aposto·

1201 4352 1232 4418 li,
1244 4354 1307 4423 qtria
1320 4353 1377 4422 ipse
1387 4349 1517 4405 Dominus
1526 4346 1661 4411 Christus,
1673 4342 1783 4413 quando
1793 4356 1850 4406 eos,
1865 4340 1887 4396 si
1903 4354 1996 4410 perse·

649 4098 763 4155 CAPUT
782 4100 852 4156 xlv.

358 4187 505 4241 ltesttetrius
532 4189 657 4243 incitetur
676 4200 767 4243 contre
781 4190 1008 4258 tadoeosmiums
1033 4196 1150 4253 Nicome-

395 4273 448 4309 rem
465 4258 509 4328 qui
520 4274 588 4339 'cusu
612 4257 719 4339 Simeue
743 4271 890 4341 consertam
904 4264 949 4318 sed
959 4263 1046 4320 ludus
1060 4267 1150 4339 effupit

393 4342 487 4381 mastos
501 4343 569 4397 epus.
582 4327 619 4382 be
630 4327 714 4382 Rusca
728 4338 753 4384 et
765 4347 823 4400 epus
835 4335 993 4388 constantio.

395 4436 510 4492 Alcimus
522 4447 608 4493 eutem
618 4440 734 4511 puidam,
743 4443 788 4513 ptri
799 4448 1042 4502 summussucerdos
1053 4448 1149 4517 lueret,

358 4528 405 4583 sed
415 4528 560 4585 voluntarie
574 4533 756 4604 coinquinatus
768 4546 805 4589 est
818 4538 976 4607 temporibus
995 4541 1151 4595 construetio-

359 4623 410 4688 mis,
424 4622 592 4678 considerans
605 4624 677 4679 nullo
689 4627 766 4682 modo
788 4629 837 4683 sibi
851 4645 906 4684 esso
919 4629 1040 4699 sulutem,
1070 4649 1151 4703 neque

358 4731 492 4770 accessum
503 4716 537 4769 ed
548 4715 643 4783 ultore,
657 4720 725 4773 uestit
745 4720 781 4773 uti
804 4737 887 4791 tepeat
902 4721 1073 4790 Desnetrium,
1096 4734 1148 4780 etc.

1202 4444 1337 4501 cntionem
1355 4449 1519 4512 paterentur,
1546 4438 1639 4510 lingere
1663 4434 1803 4491 admonuit
1828 4433 1861 4488 de
1885 4427 1996 4486 cirita'te

1202 4524 1236 4592 iri
1253 4536 1401 4595 ciuitatem,
1416 4531 1503 4602 potuit
1517 4530 1662 4584 admonere
1676 4534 1706 4580 ut
1718 4526 1769 4580 sibi
1791 4538 1889 4579 manus
1912 4521 1995 4576 inler-

1202 4634 1273 4692 rcnt‚
1287 4641 1320 4680 ne
1330 4625 1357 4679 in
1370 4635 1465 4677 luanus
1477 4619 1696 4692 persequentium
1711 4616 1893 4686 pervenirent.
1909 4611 1995 4668 Porro

1204 4716 1227 4772 si
1238 4717 1289 4771 boe
1307 4711 1352 4769 ille
1367 4729 1419 4767 non
1433 4710 1515 4780 jussit
1532 4718 1579 4763 aut
1603 4706 1719 4771 rnoouit,
1746 4711 1775 4759 ut
1788 4719 1821 4759 ee
1845 4703 1926 4757 modo
1952 4702 1993 4756 sui

359 4806 437 4874 Quod
452 4807 551 4862 dicitur
565 4808 621 4879 regi
636 4809 704 4864 talos
719 4808 839 4882 [thallos]
867 4810 946 4866 simul
966 4827 1027 4866 eum
1051 4828 1150 4870 corona
1163 4797 1190 4857 D
1202 4823 1235 4863 ex
1250 4805 1367 4862 haesita
1382 4803 1538 4873 rrrigrarcnt.
1554 4798 1653 4869 quibus
1664 4794 1844 4867 migrantibus
1867 4809 1897 4849 se
1922 4806 1995 4846 etan

359 4912 453 4961 niuea,
464 4907 491 4952 et
505 4899 622 4969 palmam
628 4900 748 4957 Alcimus
760 4902 899 4968 obtulisse,
910 4905 1029 4960 ostendit
1038 4907 1110 4976 quoti
1121 4906 1150 4963 'ci

359 4990 436 5060 regni
449 4991 618 5063 dignitatem,
636 5003 663 5049 et
677 4994 818 5050 victoriam
839 4995 968 5064 bostium,
985 4998 1066 5052 sintul
1088 5014 1149 5055 cum

361 5083 454 5152 terrtpli
491 5084 640 5154 eultmpro
667 5085 766 5140 indicio
784 5101 927 5142 munerum
952 5103 1063 5143 suorum
1087 5105 1150 5158 por-

360 5172 444 5227 tando
456 5173 591 5242 promisit.
608 5173 683 5228 Talia
698 5175 770 5229 enim
784 5175 911 5231 dicuntur
923 5191 989 5233 vasa
1007 5178 1150 5236 ollertoria

359 5276 433 5327 esse,
444 5260 522 5332 jetta
546 5263 654 5318 modrtm
677 5264 790 5319 turrium
815 5264 896 5331 lacta,
917 5284 978 5323 cum
1002 5270 1100 5339 quibus
1123 5271 1150 5323 in

360 5353 505 5424 praecipuis
528 5352 719 5410 festivitatibus
737 5353 904 5424 olierebant;
921 5372 1037 5426 quorum
1057 5360 1152 5415 simili-

360 5442 428 5497 tudo
445 5442 576 5499 baetenus
602 5443 629 5497 in
651 5443 812 5513 quibusdam
827 5444 895 5502 loeis
909 5447 1036 5504 babetur.
1077 5450 1152 5505 Assi-

361 5531 412 5584 dmi
428 5540 518 5586 antem
528 5531 654 5588 beentur
667 5534 705 5588 illi
718 5548 778 5590 esse
794 5532 879 5590 iudai
893 5538 939 5606 qui
953 5553 1059 5608 semper
1068 5540 1152 5596 cultui

1201 4901 1293 4957 siones
1305 4906 1421 4952 aeoernas
1434 4899 1647 4964 preparaturum
1657 4903 1717 4945 esse
1744 4886 1880 4957 promisit,
1899 4882 1995 4954 quatt-

1201 4998 1248 5053 bet
1264 4993 1389 5064 exenrpla
1401 4997 1540 5061 opponant
1559 4995 1654 5058 gentes
1676 4999 1736 5054 qua
1762 4983 1887 5052 ignorant
1898 4979 1994 5043 ὓειιηε,

1200 5084 1375 5142 manifestum
1388 5081 1489 5136 estboe
1504 5094 1557 5133 non
1571 5077 1652 5131 licere
1667 5071 1818 5130 colentibus
1841 5083 1923 5123 unum
1946 5082 1994 5121 rc·

1201 5191 1262 5232 rum
1276 5174 1369 5230 boum.
1381 5171 1476 5228 Restat
1487 5179 1517 5224 ut
1539 5168 1572 5223 de
1588 5166 1697 5221 bomine
1713 5161 1907 5232 intelligamus,
1923 5160 1996 5228 quel

1196 5267 1362 5345 dictumest,
1373 5261 1434 5316 Non
1448 5260 1558 5324 occides,
1571 5257 1823 5325 necalterumergo,
1832 5267 1882 5308 nec
1895 5261 1932 5318 te,
1947 5267 1996 5307 nc-

1203 5356 1338 5429 queenim
1349 5353 1395 5424 qui
1406 5350 1541 5407 scoccidit
1552 5348 1623 5404 aliud
1635 5362 1717 5416 qnam
1739 5346 1875 5401 bominem
1886 5342 1994 5398 oceidit.

1203 5448 1411 5517 Quasdamrero
1421 5442 1593 5510 exceptiones
1599 5439 1693 5494 eadem
1706 5439 1763 5506 ipsa
1773 5437 1863 5492 divina
1875 5434 1939 5490 tecit
1949 5449 1996 5486 an·

1203 5536 1317 5592 ctoritas
1329 5542 1421 5587 utnon
1432 5531 1513 5586 liceat
1524 5529 1660 5585 hominem
1671 5528 1769 5584 occidi.
1785 5526 1837 5581 Sed
1851 5526 1893 5579 bis
1912 5537 1995 5577 exce·

362 5623 455 5677 (livino
483 5623 653 5692 insistebant,
676 5628 710 5681 ab
734 5627 892 5684 assiduitate
919 5632 1007 5684 vocati
1033 5632 1151 5702 dictique
1202 5613 1997 5697 ptis,quosueusoeetdtjerusastvedatategasiteadouu

362 5712 485 5778 Assidei,
495 5717 884 5787 quasiassidui3qualesiutlas
894 5718 969 5776 etsui
980 5722 1153 5779 auxiliatores
1203 5730 1353 5785 sonampro
1365 5705 1996 5784 temporeespressajussioneznonauteruipse

361 5816 391 5854 ru
404 5802 508 5857 cultura
523 5802 570 5859 bet
579 5806 805 5862 etobservatione
817 5807 883 5878 legis
894 5808 977 5878 ipsius
1000 5806 1086 5865 luere.
1100 5808 1151 5865 Alii
1203 5806 1312 5871 occidit,
1323 5805 1369 5875 qui
1384 5802 1564 5860 ministerium
1578 5803 1657 5858 debet
1676 5798 1780 5872 jubenti
1795 5798 1865 5852 sieut
1878 5795 1996 5850 atltrtini-

362 5906 428 5946 vero
446 5894 580 5952 Assiduus
594 5910 609 5950 a
623 5894 754 5951 munditia
784 5906 892 5952 uocaus
916 5908 1051 5964 esserunt,
1076 5901 1154 5969 quasi
1204 5898 1294 5956 culum
1307 5898 1412 5970 gladius
1424 5896 1525 5961 utenti3
1543 5896 1815 5964 siequeueouaquam
1829 5898 1924 5945 eontra
1944 5889 1996 5943 ltttt:

362 5987 478 6042 strtrtnlos
489 5988 607 6054 indueus,
626 6001 658 6042 eo
671 5985 742 6057 quoti
753 6000 783 6043 se
797 5988 831 6043 ab
846 5987 995 6043 idololatria
1006 5999 1034 6046 et
1055 6004 1072 6046 tt
1098 5991 1153 6048 ritu
1203 5999 1367 6062 preceptum
1383 5989 1504 6044 lecerunt
1520 6003 1573 6058 qtto
1592 5988 1749 6043 dictantem
1765 6002 1771 6037 :
1796 5982 1858 6037 Nom
1882 5981 1994 6036 occides.
