4709 6767
355 747 407 802 tls
678 742 709 797 Β.
729 740 857 797 babent
876 741 986 798 Mrtbttt
1002 740 1163 799 dttctttbl’.
1185 739 1339 799 secuda.
1358 739 1501 798 brettbtt
1522 738 1651 795 ranst.
1933 731 2021 794 ιῖΙ

355 861 414 930 ιιι).
429 856 573 912 llultilarie
590 856 736 928 multisque
755 857 843 913 modis
854 873 916 926 ,una
933 860 1082 928 eademqne
1094 874 1143 914 no-
1156 861 1181 920 Α
1194 869 1304 920 nentes,
1322 853 1377 913 'cor
1402 858 1438 913 ab
1460 864 1580 926 appetitu
1602 855 1769 926 voluptatum
1793 866 1997 927 temperantes,

355 959 419 1003 stne
432 946 527 1002 salutis
541 955 709 1001 sacramenta
730 947 949 1017 predgurantur.
974 947 1042 1003 Nam
1064 949 1147 1004 iidem
1194 949 1327 1019 justitiam
1350 951 1378 1005 in
1398 950 1554 1020 operatione
1577 956 1710 1004 tenentes.
1735 947 1833 1003 Trium
1860 963 1930 1005 vero
1944 964 1987 1008 αι·

355 1036 485 1107 apostoli,
512 1036 619 1106 virique
643 1036 801 1107 apostolici,
826 1038 872 1107 qui
899 1053 948 1107 per
967 1039 1050 1094 boves
1072 1053 1148 1094 mare
1197 1042 1315 1096 bitorurn
1337 1040 1368 1095 bt
1388 1040 1501 1100 altitudo
1523 1038 1649 1105 basium,
1675 1052 1738 1093 cum
1757 1052 1809 1107 per
1829 1039 1985 1098 exercitium

353 1136 494 1201 portantes
517 1127 652 1199 designati
674 1136 759 1193 sunt,
794 1127 970 1197 designantur
992 1128 1075 1183 etiarn
1099 1143 1148 1198 per
1197 1131 1339 1194 virtutum,
1354 1144 1422 1199 quas
1436 1143 1498 1184 cum
1510 1127 1643 1198 patientia
1659 1127 1793 1182 malorum
1803 1135 1833 1183 et
1844 1128 1989 1186 dilectione

355 1222 452 1285 bases,
477 1234 537 1290 qus
561 1218 703 1290 portandis
724 1227 803 1273 erant
827 1218 958 1273 luteribus
979 1228 1146 1289 preparate,
1197 1221 1330 1276 bonorum
1344 1228 1483 1284 exercent,
1498 1218 1626 1274 condrrua
1644 1217 1795 1273 intentione
1809 1219 1845 1274 ad
1857 1220 1988 1276 visionem

355 1312 490 1382 ‹putttnrodo
513 1312 564 1381 ipsi
596 1310 697 1365 luteres
726 1308 848 1378 ejusdem
877 1308 978 1365 lavacri
1005 1310 1146 1380 spiritalis,
1197 1321 1300 1367 sanctae
1326 1310 1467 1364 Trinitatis
1493 1307 1635 1378 pervenire
1662 1315 1799 1377 satagunt.
1840 1307 1878 1362 bt
1905 1308 1991 1378 ipsura

355 1406 432 1476 crrjus
457 1419 533 1459 mare
559 1411 651 1475 typum
681 1402 802 1474 gerebat.
831 1400 971 1471 Siquidem
999 1403 1041 1474 (ut
1059 1403 1146 1458 Verba
1197 1416 1265 1470 opus
1287 1400 1393 1455 basium
1418 1397 1573 1454 interrasile
1595 1405 1671 1463 crat,
1694 1405 1722 1451 et
1747 1396 1899 1467 sculpturae
1925 1399 1994 1454 iuter

354 1497 467 1552 Diernm
483 1495 605 1567 narrant)
621 1495 711 1549 omnia
725 1495 752 1548 in
771 1496 811 1550 eis
830 1511 891 1564 qum
912 1497 939 1551 in
960 1495 1147 1551 holocaustum
1194 1494 1346 1564 juncturas.
1363 1493 1508 1550 iuncturas
1523 1493 1631 1548 videtur
1644 1492 1736 1548 dicere
1753 1508 1801 1548 eus
1815 1495 1920 1563 quibus
1938 1493 1994 1564 ipse

355 1589 445 1647 oblata
465 1595 545 1641 erant
565 1585 700 1640 lavabant.
721 1584 916 1641 llolocaustum
936 1595 1025 1640 autem
1042 1584 1148 1639 Domini
1197 1588 1313 1642 luterum
1336 1587 1432 1642 tabulae
1450 1587 1558 1642 sibimet
1576 1586 1693 1641 invicem
1713 1600 1844 1641 connexae
1864 1595 1948 1650 sunt,
1967 1593 1997 1638 ut

355 1680 518 1752 generaliter
531 1676 621 1732 omnis
633 1675 782 1730 electorum
800 1675 945 1733 multitudo
961 1683 1050 1746 potest
1068 1674 1148 1729 intel·
1198 1681 1302 1735 seilicet
1331 1687 1446 1748 quatuor
1476 1677 1534 1733 sive
1558 1677 1680 1747 quinque
1707 1675 1807 1731 tabulis
1831 1689 1888 1730 una
1918 1673 1996 1730 lieret

357 1776 415 1848 ligi,
431 1789 491 1845 que
508 1773 692 1844 iuxtavocem
708 1769 888 1826 Praeeursoris
901 1770 1038 1840 baptizata
1057 1776 1100 1824 est
1113 1766 1148 1822 ab
1198 1772 1280 1827 basis.
1300 1770 1377 1839 erod
1395 1770 1513 1840 aeuurdes
1531 1777 1623 1825 autuu
1641 1767 1795 1838 sculpturas
1817 1770 1901 1825 bases
1922 1766 1996 1824 inter

302 1855 309 1864 ’
356 1867 416 1936 ipso
437 1865 463 1920 in
490 1862 592 1933 Spiritu
609 1869 704 1917 sancto
723 1870 751 1916 et
770 1860 832 1931 igno
861 1859 968 1933 (lluttb.
995 1864 1048 1930 ιιι).
1071 1858 1149 1915 Sicut
1197 1863 1247 1917 bus
1260 1862 1412 1932 juncturas,
1431 1860 1458 1914 id
1476 1866 1530 1925 est,
1552 1857 1692 1928 impressis
1709 1858 1766 1913 suis
1781 1856 1918 1914 lateribus
1931 1866 1996 1916 ante

353 1972 420 2024 ergo
444 1953 611 2018 sacerdotes,
635 1952 681 2021 qui
705 1951 734 2005 in
757 1950 825 2005 mari
850 1950 1020 2016 lavabantur,
1033 1948 1148 2003 sormam
1197 1964 1225 2009 et
1243 1965 1328 2019 retro,
1341 1955 1436 2010 dextra
1451 1960 1478 2009 et
1491 1952 1610 2016 sinistra,
1625 1959 1654 2008 et
1673 1966 1754 2023 supra
1767 1966 1877 2022 quoque
1890 1950 1996 2008 ballue·

354 2045 510 2116 exprimunt
521 2059 613 2098 eorum
624 2042 670 2112 qui
680 2056 729 2112 per
740 2041 874 2111 baptisma
888 2037 1148 2095 efficiuntursumrni
1198 2047 1264 2112 rint,
1285 2046 1425 2102 subdendo
1446 2046 1576 2116 operitur,
1598 2060 1661 2101 cum
1678 2043 1896 2099 dicitur21nter
1914 2059 1995 2100 eom-

356 2143 497 2190 consortes
512 2132 668 2196 sacerdotii,
683 2130 754 2200 quod
769 2140 811 2185 est
824 2131 851 2184 iu
866 2131 980 2185 Domrno
994 2127 1147 2184 lesquri·
1198 2136 1275 2192 „otas
1292 2145 1317 2191 ev
1330 2136 1428 2207 plectas
1449 2135 1535 2191 teones
1553 2145 1576 2191 ιι
1596 2136 1683 2201 tona,
1703 2143 1728 2189 et
1749 2133 1897 2198 clientiis,
1919 2143 1944 2189 a
1964 2132 1996 2192 ὴ

354 2232 407 2289 sto,
427 2223 464 2277 ita
482 2222 566 2277 ctiam
579 2219 738 2276 holocausta
759 2220 918 2275 corumdem
931 2217 1046 2289 liguram
1061 2217 1146 2286 aptis·
1161 2216 1186 2277 B
1195 2226 1329 2297 juncturis
1354 2224 1476 2281 similiter
1494 2226 1615 2296 desuper.
1642 2223 1702 2280 Non
1729 2224 1803 2279 enim
1824 2224 1910 2295 plana
1932 2230 1996 2284 ent

355 2317 423 2373 sime
447 2315 632 2387 praetendunt,
658 2329 720 2369 curn
744 2320 806 2382 post
831 2311 997 2366 ablutionem
1019 2309 1149 2380 baptismi
1198 2315 1252 2371 ulla
1271 2331 1304 2371 ex
1322 2323 1401 2386 parte
1416 2314 1573 2385 superlleies
1593 2314 1710 2380 basium,
1734 2315 1783 2370 sed
1804 2314 1994 2386 undiquevers-

355 2410 443 2480 gratia
466 2407 583 2478 Spiritus
605 2405 693 2462 sancti
715 2403 871 2474 implentur.
895 2401 1014 2457 Lavatur
1034 2416 1151 2472 namque
1198 2423 1258 2464 sum
1276 2407 1398 2480 mysticis
1415 2407 1519 2477 sculpta
1538 2406 1641 2478 liguris,
1655 2407 1718 2476 quia
1736 2415 1897 2462 sanctorum
1915 2421 1996 2464 Μ.

356 2501 385 2555 ιιι
404 2500 491 2554 lubere
513 2497 613 2562 hostia,
629 2511 691 2552 ctttn
708 2495 769 2564 quis
791 2493 910 2550 fidelium
934 2508 1003 2563 equa
1022 2492 1149 2562 baptismi
1199 2508 1250 2566 tes,
1271 2499 1326 2554 imo
1347 2500 1475 2554 universa
1497 2513 1593 2553 eorum
1617 2497 1787 2553 conversatio
1806 2496 1940 2552 virtutum
1961 2494 1993 2554 ιι

355 2588 537 2660 perfunditur.
564 2586 684 2644 Oilortur
706 2600 771 2642 vero
797 2586 824 2640 in
851 2585 1053 2651 holocaustum,
1086 2601 1149 2641 cunr
1199 2592 1326 2647 omnihus
1352 2591 1467 2661 gratiam
1497 2591 1660 2661 praemndit3
1694 2604 1780 2660 ireque
1807 2589 1901 2661 aliqua
1929 2588 1994 2648 illos

357 2697 406 2752 per
428 2680 630 2752 impositionem
654 2693 751 2733 mantas
772 2676 890 2747 episcopi
913 2676 1014 2731 donum
1032 2675 1149 2746 Spiritus
1198 2683 1264 2739 hora
1286 2683 1375 2738 inanis
1393 2690 1420 2738 et
1438 2696 1523 2737 vacua
1541 2681 1677 2752 praeterit,
1699 2680 1798 2750 inqua
1818 2679 1993 2750 piisvacus

361 2771 448 2826 saneti
473 2769 582 2839 accipit.
606 2765 682 2835 erod
710 2781 775 2821 vero
808 2766 845 2820 ad
869 2766 1017 2837 portandos
1049 2764 1150 2822 luteres
1198 2775 1336 2845 operibns,
1352 2774 1394 2829 vel
1414 2772 1594 2838 sermonibus,
1614 2772 1657 2828 vel
1672 2771 1895 2843 cogitationibus,
1916 2770 1992 2828 dai.

359 2864 452 2918 dccem
471 2868 535 2916 sunt
551 2859 632 2932 bases
651 2857 739 2924 laets,
757 2865 847 2928 potest
868 2859 906 2912 ita
927 2859 1042 2929 mystice
1064 2858 1150 2914 inter·
1198 2872 1281 2920 stant,
1295 2863 1446 2919 Coronnlas
1459 2863 1559 2933 quippe
1580 2861 1607 2917 in
1626 2877 1655 2917 se
1669 2861 1788 2932 sculptas
1801 2861 1915 2925 babent,
1927 2876 1993 2918 cum

355 2951 457 3023 pretori
479 2968 486 2979 ·
513 2949 577 3018 qnia
601 2948 718 3003 ministri
744 2946 845 3001 lavacri
868 2947 959 3002 vitalis
982 2949 1017 3003 ad
1042 2956 1150 3005 aeternae
1198 2956 1226 3011 in
1247 2956 1383 3011 desiderio
1400 2955 1463 3009 vitm
1483 2953 1616 3020 coelestis,
1636 2968 1696 3023 quiae
1717 2951 1826 3008 sursum
1842 2961 1898 3019 est,
1920 2967 1990 3008 nun·

356 3041 454 3110 gaudia
477 3038 672 3103 beatitudinis,
701 3053 761 3107 qus
789 3038 900 3093 denario
926 3038 1013 3093 solent
1036 3054 1149 3095 numero
1198 3060 1279 3115 quam
1303 3043 1431 3099 fraternae
1458 3042 1607 3108 societatis,
1632 3056 1692 3112 quac
1711 3040 1789 3111 Juxta
1807 3049 1862 3108 est,
1883 3039 1992 3096 ιιιιοιιιι

356 3129 479 3201 figurari,
492 3143 540 3183 eos
555 3142 623 3197 quos
643 3125 767 3181 imbuunt
782 3134 889 3181 vocent.
909 3126 1009 3181 Verum
1031 3127 1096 3197 quia
1113 3128 1147 3183 de
1198 3135 1358 3191 dissolvunt.
1372 3134 1479 3190 liabent
1494 3134 1563 3189 inter
1577 3132 1720 3188 coronulas
1731 3140 1759 3188 et
1771 3132 1875 3204 plectas
1886 3131 1991 3200 leona,

356 3224 458 3279 eisdem
478 3222 610 3278 luteribus
631 3222 758 3278 distinete
780 3222 808 3277 in
829 3222 1059 3293 consequentibus
1079 3221 1149 3279 seri-
1198 3239 1259 3280 cunr
1280 3224 1318 3279 lta
1334 3225 1368 3280 ad
1386 3223 1519 3294 speranda
1538 3221 1661 3279 coelestia
1680 3228 1800 3278 menum
1817 3220 1938 3292 erigunt,
1952 3219 1991 3276 ita

355 3324 431 3386 ptum
446 3323 499 3381 cst,
520 3315 593 3386 quod
608 3314 731 3369 videlicet
745 3314 864 3385 quinique
885 3330 919 3370 cn
938 3316 982 3370 bis
995 3314 1075 3386 positi
1093 3315 1148 3371 sint
1197 3316 1232 3371 ad
1255 3315 1405 3386 diligendos
1430 3315 1568 3385 proximos
1594 3313 1723 3381 dilatant,
1746 3321 1777 3369 ut
1799 3313 1828 3369 ln
1845 3322 1989 3383 peeoemes

356 3404 390 3459 ad
411 3404 549 3460 dexmram
574 3412 678 3474 partem
705 3404 807 3474 templi,
833 3413 862 3461 et
885 3405 1003 3476 quinque
1026 3406 1062 3462 ad
1081 3406 1147 3462 sini·
1197 3420 1330 3477 quosque,
1348 3405 1394 3475 qui
1415 3403 1467 3460 sibi
1486 3402 1623 3465 commissi
1645 3412 1719 3468 sunt,
1735 3401 1872 3459 fervorem
1888 3416 1990 3473 aspere

356 3504 450 3561 stram,
465 3496 551 3569 magis
568 3496 596 3550 in
612 3495 653 3549 cis
667 3494 784 3564 quinarii
806 3496 912 3550 numeri
931 3506 994 3550 sunt
1017 3496 1145 3552 intuenda
1199 3494 1414 3566 investigationis
1434 3508 1564 3550 exercere
1587 3509 1640 3548 non
1658 3493 1774 3547 tardent.
1802 3491 1914 3548 Habent
1928 3505 1988 3548 can

358 3586 496 3657 mysteria.
518 3585 548 3640 ln
565 3593 680 3654 utraque
698 3585 798 3639 eterrim
817 3594 895 3654 parte
915 3586 1007 3655 templi
1024 3596 1087 3641 sunt
1100 3602 1148 3657 po-
1161 3561 1185 3625 0
1200 3584 1323 3640 leonibus
1346 3584 1438 3649 boves,
1455 3584 1563 3653 quando
1588 3582 1673 3651 ipsam
1697 3581 1881 3638 invectionem
1903 3580 1988 3638 corri-

358 3678 417 3731 sitae
431 3678 510 3732 bases
522 3676 649 3743 luterum,
663 3684 692 3730 nt
708 3677 815 3745 utrique
828 3676 875 3731 Dei
888 3677 988 3747 populo
1002 3677 1073 3732 sacri
1088 3677 1148 3732 lon·
1197 3675 1288 3747 piendi
1301 3691 1363 3731 cum
1380 3674 1477 3744 spiritu
1492 3674 1706 3729 rrrarrsuetudinis
1725 3672 1867 3741 exhibent,
1882 3674 1989 3745 quanm

359 3768 394 3820 tis
410 3767 495 3839 gratia
516 3766 704 3839 designaretur
725 3780 785 3822 esso
805 3768 957 3839 pandenda.
977 3770 1010 3824 Et
1028 3769 1147 3840 utrinque
1198 3768 1226 3823 in
1243 3764 1349 3821 lervore
1367 3764 1498 3837 arguendi
1518 3779 1656 3834 nunquam
1676 3763 1777 3820 babere
1796 3763 1892 3819 lissam
1906 3778 1989 3836 ιιιιςιι-

358 3858 385 3911 ιιι
397 3866 513 3927 antraque
527 3865 590 3913 sunt
601 3867 688 3927 parte,
705 3867 735 3913 ut
748 3860 952 3929 interpositione
965 3860 1058 3926 maris,
1074 3861 1147 3931 quod
1198 3858 1252 3912 lam
1272 3858 1397 3913 discretae
1414 3854 1529 3910 actionis
1542 3853 1585 3910 vel
1599 3852 1723 3925 loquela,
1745 3868 1887 3924 nunquam
1908 3854 1987 3909 rerba

357 3948 478 4018 (tulitque
490 3948 589 4003 cubitis
599 3948 682 4003 altum
698 3964 758 4004 esse
768 3947 824 4017 jaro
837 3950 964 4015 diximus,
979 3951 1147 4007 demonstra·
1198 3948 1296 4004 dlvinae
1307 3948 1430 4004 lectionis
1442 3946 1516 4003 velut
1531 3947 1692 4003 ruminando
1704 3946 1734 4003 ln
1747 3960 1796 4003 ore
1805 3944 1918 4002 volvere
1929 3960 1987 4002 oes-

357 4048 435 4094 retur
457 4039 544 4110 typice
566 4039 692 4094 universa
717 4039 856 4105 fidelibus,
881 4056 941 4112 quae
960 4057 1009 4112 per
1027 4041 1147 4112 quinque
1198 4048 1269 4095 sant.
1288 4040 1324 4096 Et
1342 4055 1423 4110 super
1440 4040 1533 4096 leones
1549 4048 1578 4095 ct
1597 4040 1680 4096 boves
1701 4039 1780 4110 quasi
1800 4038 1860 4095 lora
1883 4054 1918 4095 ex
1936 4051 1987 4094 ste

357 4143 452 4186 sensus
462 4128 583 4198 corporis
597 4128 775 4198 deliquerant,
789 4143 837 4197 per
849 4128 987 4185 lavacrum
999 4129 1148 4200 baptisma·
1198 4134 1388 4205 dependentia,
1407 4147 1489 4203 super
1505 4132 1599 4187 leones
1610 4131 1709 4203 quippe
1723 4139 1752 4188 et
1764 4132 1849 4188 boves
1867 4130 1925 4187 lora
1940 4131 1985 4186 de·

357 4218 393 4273 tis
404 4231 464 4274 esse
481 4216 652 4271 remittenda.
668 4216 714 4270 Sic
725 4231 793 4288 ergo
812 4218 839 4272 in
857 4232 911 4272 uno
925 4217 993 4272 mari
1006 4217 1146 4273 duodecim
1196 4223 1330 4295 pendent,
1355 4225 1463 4293 quando
1486 4224 1572 4277 sancti
1596 4231 1721 4279 unctores
1741 4230 1770 4278 et
1792 4223 1819 4277 in
1843 4223 1988 4278 severitate

357 4309 446 4364 bubos
470 4308 639 4378 superposito
665 4308 755 4364 unitas
778 4309 940 4378 exprimitur
963 4309 1146 4379 baptismatis,
1198 4314 1385 4380 districtionis,
1399 4329 1453 4385 qua
1469 4321 1613 4383 peccantes
1624 4312 1759 4382 judicant,
1773 4321 1802 4367 ct
1822 4312 1849 4367 in
1864 4327 1988 4368 nransue·

357 4415 417 4470 «prm
435 4415 484 4469 per
501 4399 635 4470 apostolos
658 4406 714 4455 toto
730 4412 790 4455 erat
813 4402 879 4457 orbe
901 4402 1081 4473 praedicanda.
1107 4401 1148 4461 lta
1197 4408 1291 4464 tudine
1309 4407 1443 4472 lenitatis,
1457 4421 1510 4476 qua
1528 4405 1729 4475 poenitentibus
1744 4405 1902 4470 remittunt,
1918 4402 1987 4473 judi·

358 4493 440 4547 ctiam
460 4508 509 4563 per
526 4494 593 4547 duos
613 4492 723 4549 ordines
744 4491 897 4549 litterarum
920 4494 1034 4566 mystice
1055 4504 1147 4551 osten·
1198 4499 1269 4554 cium
1291 4497 1332 4553 sui
1356 4498 1452 4550 timent
1472 4495 1603 4559 auctoris,
1621 4509 1657 4550 ne
1677 4492 1746 4549 lortc
1764 4497 1866 4564 injuste
1880 4493 1987 4563 ligando

358 4583 431 4636 ditur
444 4582 515 4652 qtrod
528 4583 666 4655 gentilitas
683 4599 743 4637 cum
756 4582 847 4637 ludaea
865 4585 891 4638 in
908 4602 990 4640 ιιιιιιιιι
1007 4585 1068 4642 bdei
1083 4602 1147 4643 con·
1198 4598 1246 4643 aut
1262 4587 1391 4643 solvendo
1407 4586 1573 4657 qurernpiam,
1584 4585 1640 4655 jam
1655 4585 1728 4656 juste
1744 4586 1822 4657 ligari
1841 4587 1895 4657 ipsi
1909 4587 1987 4643 abeo

358 4673 471 4726 sortium
498 4687 547 4741 per
573 4672 745 4742 baptismatis
768 4682 827 4728 crat
854 4674 955 4729 undam
984 4675 1145 4748 colligenda.
1198 4676 1273 4745 cujus
1285 4676 1416 4743 judicium
1431 4688 1524 4729 errare
1537 4674 1631 4745 nequit
1642 4682 1808 4744 mereantur.
1823 4675 1858 4730 Et
1871 4687 1987 4748 quatuor

358 4763 435 4828 Qrtod
461 4770 551 4817 autem
580 4771 696 4833 qrratuor
725 4764 877 4819 cubitorum
906 4763 1095 4837 longitudinis,
1120 4774 1148 4821 et
1197 4777 1264 4822 rotae
1282 4782 1331 4837 per
1349 4766 1428 4821 bases
1446 4766 1575 4837 singulas,
1595 4776 1623 4822 et
1644 4782 1709 4822 axes
1726 4768 1802 4832 acrei,
1818 4776 1988 4840 etperqna·

359 4860 475 4922 spirantum
501 4851 653 4907 cubitorum
681 4853 852 4921 latitudinis,
885 4855 966 4910 trium
993 4855 1146 4912 cubitorum
1199 4864 1261 4910 tuor
1277 4862 1370 4925 partes
1387 4855 1464 4924 quasi
1485 4854 1618 4909 lrurncruli
1641 4857 1735 4911 subter
1749 4856 1867 4911 luterem
1884 4857 1986 4924 fusilis,

358 4942 506 4997 altitudinis
520 4941 599 4996 bases
613 4943 725 5014 singule
740 4942 826 5008 litere,
842 4943 921 5000 lacile
934 4945 1073 5002 intellectu
1088 4956 1145 5003 est:
1198 4953 1293 5000 corttra
1307 4944 1464 5000 seinvicem
1481 4953 1673 5014 respectantes.
1693 4946 1814 5011 Quatuor
1829 4956 1909 5014 ιοιο»,
1923 4964 1987 5017 ‹pua-

359 5034 497 5104 longitndo
517 5032 618 5087 etenim
639 5034 671 5087 ad
684 5034 841 5101 patientiam
863 5034 1087 5107 longanimitatis,
1106 5039 1146 5093 la·
1199 5046 1260 5092 tuor
1282 5044 1344 5091 sunt
1357 5035 1562 5104 Evarrgcliorum
1585 5035 1664 5101 libri,
1687 5037 1733 5106 qul
1755 5038 1899 5106 aptissime
1922 5040 1987 5096 rotis

360 5125 446 5179 titudo
464 5122 496 5177 ad
516 5121 701 5176 dilatationem
724 5121 887 5188 dilectionis,
903 5124 1016 5180 altitudo
1030 5128 1148 5196 pertinet
1198 5133 1400 5196 comparantur,
1418 5124 1480 5195 (prtia
1504 5124 1574 5179 siout
1589 5124 1742 5180 volubilitas
1764 5134 1831 5182 ιοιο
1854 5128 1987 5185 citissbuo

359 5215 390 5268 al
404 5229 480 5284 spem
495 5226 619 5283 superum
638 5212 834 5268 retributionis.
847 5213 969 5282 eratuor
979 5223 1069 5270 autem
1084 5225 1147 5272 sunt
1198 5232 1278 5271 cursu
1296 5230 1457 5286 quocunque
1471 5215 1588 5280 ducitur,
1607 5216 1700 5282 currit,
1717 5216 1753 5270 im
1768 5231 1859 5272 sermo
1872 5233 1988 5290 cvange-

358 5303 521 5375 principales
541 5303 672 5369 virtutes,
689 5304 787 5375 quibus
806 5305 1052 5378 caetera'virtutum
1074 5315 1147 5362 stru·
1197 5306 1276 5369 licus,
1292 5306 1404 5376 jubente
1419 5304 1548 5369 Domino,
1567 5319 1618 5374 per
1635 5306 1770 5376 apostolos
1794 5306 1940 5363 universas
1961 5307 1986 5363 ιο

358 5403 435 5449 ctura
453 5396 594 5450 imminet:
609 5397 753 5467 prudentia
772 5397 890 5460 scilicet,
910 5396 1058 5463 fortitudo,
1078 5405 1146 5454 tern-
1198 5397 1272 5452 brevi
1296 5397 1388 5451 mundi
1410 5395 1503 5467 plagas
1523 5394 1654 5467 implevit.
1679 5395 1755 5451 Sicut
1774 5404 1833 5451 rota
1851 5397 1987 5468 superitu-

359 5486 492 5556 perantia,
502 5485 624 5555 justitia3
640 5494 669 5541 et
685 5486 745 5543 ideo
757 5496 951 5556 quaternorum
968 5496 1027 5543 erat
1041 5489 1146 5544 cubito·
1198 5490 1314 5560 positum
1332 5488 1384 5544 sibi
1410 5503 1519 5544 currum
1545 5503 1560 5542 a
1576 5495 1648 5543 terra
1670 5487 1801 5556 sublevat,
1824 5498 1851 5543 et
1866 5490 1989 5547 subiera-

359 5593 420 5633 rum
438 5577 579 5649 longitudo
592 5586 620 5633 et
634 5577 747 5635 altitudo
761 5580 877 5647 basium,
893 5581 957 5650 quia
972 5582 1058 5637 sancti
1078 5598 1147 5653 pree·
1200 5590 1255 5636 turn
1276 5596 1329 5651 quo
1345 5579 1437 5652 auriga
1455 5579 1547 5647 dirigit
1565 5587 1666 5651 portat,
1682 5579 1720 5635 ita
1740 5580 1898 5652 cvarngclica
1919 5597 1988 5653 prc-

359 5668 494 5724 dicatores
524 5668 581 5723 sive
608 5669 721 5724 adversa
747 5670 862 5736 mundi,
894 5680 922 5727 et
951 5670 1146 5741 longitudinem
1199 5669 1300 5725 dicatio
1317 5677 1422 5725 mentes
1439 5683 1455 5723 a
1474 5668 1591 5724 terrenis
1613 5670 1804 5739 cupiditatibus
1821 5671 1848 5725 in
1868 5671 1989 5728 rmlestia

358 5758 446 5817 exsilii
466 5774 499 5814 ac
520 5757 643 5814 laborum
663 5760 834 5829 praesentium
853 5761 919 5817 loris
942 5761 1074 5829 tolerent,
1099 5778 1147 5818 seu
1200 5760 1334 5817 desideria
1360 5758 1519 5829 suspendit,
1544 5773 1577 5814 ac
1602 5773 1749 5829 suspensas
1773 5759 1808 5813 ad
1836 5760 1990 5829 proiectum

358 5866 407 5906 cor
427 5849 455 5904 in
474 5847 619 5904 dilectione
639 5850 680 5904 sui
704 5851 851 5906 conditoris
874 5867 1039 5925 suorumque
1057 5852 1149 5924 proxi-
1200 5850 1279 5906 bonae
1301 5849 1417 5906 actionis
1439 5849 1496 5904 sire
1516 5848 1550 5903 ad
1572 5849 1752 5904 ministerium
1774 5849 1992 5920 predicationis,

359 5957 464 5997 ntorum
486 5941 594 5996 interna
614 5941 795 5999 exsultatione
815 5944 938 6012 dilatent,
955 5959 1063 6017 semper
1085 5959 1150 6014 npe-
1201 5955 1361 6012 quocuoque
1379 5937 1511 6009 adimens
1528 5938 1616 6011 gratia
1631 5938 1749 6010 Spiritus
1762 5939 1890 6006 vetuerit,
1906 5941 1991 5998 dumt-

359 6047 418 6087 ranr
430 6033 496 6089 dare
505 6031 652 6088 virtutibus
662 6041 769 6100 curant,
782 6035 929 6104 pmdenter
940 6033 1068 6092 videlieet
1079 6033 1150 6090 iuter
1201 6032 1324 6104 Namque
1348 6031 1376 6087 in
1397 6029 1571 6102 mouentibus
1596 6029 1695 6086 dicitur
1717 6029 1789 6101 quod
1815 6027 1885 6089 tales
1913 6027 1995 6088 erunt

361 6124 430 6179 butu
449 6133 478 6180 et
495 6123 565 6180 mala
583 6123 780 6192 discernentes,
803 6123 911 6184 lortiter
934 6123 1048 6182 adversa
1068 6124 1150 6182 susti·
1203 6132 1280 6192 rota,
1295 6121 1390 6196 quales
1409 6120 1498 6181 sotem
1513 6119 1543 6180 ιιι
1562 6135 1644 6178 curru
1662 6119 1731 6176 licrr.
1750 6119 1879 6194 legium
1902 6131 1995 6180 autem
