4709 6767
350 486 416 540 ’631
703 481 733 536 B.
754 480 879 536 llhlthl
898 479 1007 534 ltittttt
1025 478 1185 534 hllClllEl'.
1207 479 1361 537 bosseni.
1379 478 1520 537 orendil
1539 480 1629 538 bans
1647 482 1657 538 Ι
1944 488 1997 550 656

364 623 374 654 ι
395 601 493 656 bibatis
517 605 602 655 trtbus
622 598 716 652 diebus
735 605 762 651 et
779 595 867 672 'tribus
889 595 1022 649 noctibus.
1046 594 1080 647 Et
1100 608 1150 662 ego
1165 594 1188 653 Α
1203 595 1252 649 hoe
1268 605 1309 649 cst
1327 596 1399 650 omni
1420 595 1562 651 deuotione
1589 605 1743 654 ueneratur.
1762 599 1845 672 cirins
1866 605 1992 676 pompm

365 717 373 743 ι
394 708 455 748 cum
478 689 663 745 ancillis-meis
686 687 810 742 similiter
826 684 962 754 jejunabo,
977 693 1004 738 ct
1024 693 1087 740 tunc
1108 685 1148 737 in-
1199 695 1227 740 ιι
1249 686 1307 758 ipse
1327 688 1501 759 resspondet
1516 704 1545 744 se
1569 706 1754 760 assensurum,
1770 696 1840 751 sieut
1854 698 1882 752 in
1900 699 1995 759 Eran-

365 802 376 833 ι
396 783 504 853 grerliar
514 782 546 835 ad
561 794 660 848 regern,
670 786 761 832 eontra
775 776 860 846 legem
874 775 985 842 iaciens,
997 777 1146 831 invocata.»
1200 776 1268 849 gello
1282 777 1319 831 ait
1331 795 1338 831 ι
1352 796 1361 829 ι
1378 777 1466 833 Petite
1480 787 1507 834 et
1520 780 1630 836 dabitur
1654 785 1745 849 robis;
1769 789 1884 856 querite
1905 799 1933 847 et
1951 793 1996 850 in-

363 876 428 928 iirat
455 872 638 926 hlardoclueus
652 886 713 924 cum
732 869 831 925 latrinis
855 882 904 937 pro
924 868 1021 922 Esther
1044 869 1147 938 regina,
1201 869 1329 932 verricus:
1352 869 1456 938 pulsate
1476 879 1504 925 et
1528 874 1665 941 aperietur
1688 878 1764 932 robis
1778 879 1890 952 (llutth.
1904 885 1992 956 ιιι).ι

363 966 485 1020 similiter
501 972 529 1017 et
552 963 607 1031 ipsa
631 961 722 1029 regina
736 968 796 1015 orat
818 975 868 1031 pro
883 958 1050 1013 Enrrlorhaerr
1064 966 1091 1012 et
1102 955 1148 1012 Ju-
1201 956 1231 1010 m
1257 958 1321 1011 itenr
1336 976 1342 1011 :
1358 958 1475 1021 «Petite,
1497 961 1595 1030 inquit,
1607 971 1634 1018 ct
1654 967 1801 1035 accipietis,
1814 980 1845 1025 ut
1864 973 1994 1040 gaudium

363 1058 435 1118 agis,
450 1056 511 1123 quin
525 1054 654 1124 magrister
672 1067 721 1122 pro
745 1051 893 1121 discipulis,
906 1059 935 1105 ct
952 1050 1076 1120 discipuli
1101 1064 1149 1119 pro
1201 1055 1320 1102 restrum
1335 1049 1370 1102 sit
1383 1048 1501 1119 plenum.
1519 1052 1671 1110 »Gaudium
1682 1058 1755 1112 enim
1767 1060 1876 1129 plenum
1891 1074 1994 1122 sancta

363 1143 497 1212 magistris
521 1142 554 1195 ad
578 1141 719 1195 lioruinum
738 1153 831 1208 preces
852 1138 963 1194 sundere
988 1138 1096 1202 debent,
1119 1148 1150 1193 ut
1201 1139 1327 1195 Ecclesiae
1340 1157 1394 1194 nou
1406 1143 1469 1198 alibi
1482 1145 1609 1201 tribuitur
1620 1148 1673 1203 nisi
1687 1150 1715 1205 in
1727 1155 1902 1223 perceptione
1917 1158 1993 1227 regni

361 1234 503 1287 orrircrsus
513 1233 590 1287 siuurl
601 1242 687 1287 caetris
700 1230 886 1294 lidelium,hoc
898 1239 948 1296 cst,
958 1231 1077 1285 membra
1087 1246 1150 1286 euna
1201 1229 1328 1294 ccelesiis,
1342 1231 1385 1285 ubi
1401 1248 1461 1286 cum
1478 1232 1585 1290 Christo
1598 1250 1662 1305 rege
1683 1237 1746 1294 felir
1760 1242 1852 1312 regina
1868 1245 1994 1315 regnabit

363 1335 418 1380 tum
440 1340 552 1394 corpore
575 1323 674 1393 pietate
698 1337 813 1391 superna
842 1321 924 1376 illaesa
953 1321 1149 1377 custodiantur.
1201 1320 1227 1373 ia
1251 1329 1390 1377 aetcnmnr.
1410 1321 1504 1378 seina
1524 1325 1587 1381 data
1610 1328 1663 1383 sibi
1688 1328 1819 1387 electione
1842 1334 1990 1403 petitionis.

365 1416 438 1472 Unde
459 1424 500 1470 est
521 1414 585 1469 illud
607 1413 677 1482 quaed
697 1412 795 1468 Paulus
814 1413 847 1467 ad
866 1412 1001 1468 Eorrranes
1016 1412 1150 1477 scribens,
1201 1413 1296 1467 inritat
1308 1429 1370 1469 eum
1383 1416 1415 1469 ad
1428 1418 1580 1473 concivium
1593 1435 1670 1475 strum
1685 1424 1756 1493 qarod
1767 1424 1791 1478 ci
1806 1426 1930 1494 pararit;
1946 1428 1992 1482 scd

361 1512 420 1566 sinc
447 1509 648 1565 intermissione
676 1506 833 1560 memmium
866 1519 961 1561 eorum
988 1518 1094 1573 semper
1121 1518 1150 1558 se
1201 1503 1253 1557 hoc
1268 1518 1321 1557 non
1337 1503 1407 1560 aliud
1419 1506 1515 1561 melius
1530 1507 1687 1580 intelligitur
1698 1528 1778 1581 quam
1791 1514 1870 1582 plena
1885 1529 1918 1569 nc
1932 1530 1992 1586 pcr-

362 1603 452 1657 iacere
475 1608 569 1655 narrat
588 1599 615 1653 in
636 1596 804 1653 orationibus
825 1596 895 1659 suls:
912 1605 939 1652 et
953 1596 1011 1666 ipse
1024 1594 1151 1650 similiter
1201 1591 1270 1647 lecta
1285 1592 1345 1649 ildci
1368 1611 1424 1651 suae
1437 1598 1553 1664 devotio,
1568 1601 1602 1655 de
1616 1617 1669 1672 qua
1683 1604 1803 1671 pascitur
1821 1606 1937 1661 interius
1953 1607 1991 1662 in-

362 1694 470 1748 cosulem
480 1687 748 1744 Romanosobscerat
759 1702 807 1756 per
818 1686 959 1741 bonriuum
972 1684 1063 1740 lesum
1073 1684 1150 1740 Chri·
1201 1696 1309 1755 spector
1332 1698 1359 1744 ct
1384 1690 1485 1746 arbitrr
1508 1694 1628 1750 omnium
1654 1698 1823 1754 saeculorum.
1857 1702 1899 1756 Ad
1923 1704 1990 1759 hauc

362 1792 443 1846 sturm,
455 1790 482 1835 et
495 1796 545 1849 pcr
559 1778 719 1835 charitatem
736 1777 854 1849 Spiritus
868 1776 967 1840 sancti,
980 1785 1010 1830 ut
1024 1775 1150 1846 adjuvent
1201 1778 1299 1849 quippe
1323 1779 1509 1847 relectionem,
1523 1784 1574 1839 hoe
1592 1794 1636 1841 cst
1656 1802 1728 1843 sanae
1745 1789 1806 1845 tidci
1827 1794 1991 1848 communio·

361 1890 423 1927 rum
447 1873 472 1926 in
495 1870 682 1936 orationibus,
697 1878 723 1925 ct
744 1876 823 1924 orent
837 1884 886 1938 pro
900 1884 933 1923 eo
947 1866 981 1921 ad
995 1867 1149 1930 Dominum,
1202 1883 1274 1933 nem,
1287 1869 1382 1924 inritat
1401 1871 1521 1927 Ecclesia
1542 1890 1595 1929 non
1611 1875 1696 1931 solum
1715 1880 1827 1944 amieos,
1842 1881 1899 1936 imo
1911 1882 1989 1937 etiam

362 1978 390 2022 ut
403 1966 533 2021 liberetur
554 1965 589 2019 ab
602 1962 755 2019 infidelibus
768 1963 812 2032 qui
826 1970 889 2017 sunt
903 1962 930 2015 in
945 1959 1047 2023 iudaea,
1059 1966 1086 2014 et
1099 1958 1149 2013 mi·
1166 1958 1188 2017 B
1203 1959 1325 2015 inimicos
1337 1970 1419 2031 atque
1433 1972 1620 2031 persecutores
1635 1981 1708 2027 suos.
1722 1984 1842 2038 paganos
1857 1970 1989 2034 uidelicet,

361 2056 502 2110 nistcriurn
517 2070 606 2118 sarcum,
622 2053 693 2122 quod
715 2050 912 2122 ierosolymam
933 2047 1063 2112 delertur,
1076 2063 1153 2103 acce·
1201 2051 1307 2108 Jrrdaeos
1319 2061 1347 2108 et
1364 2054 1514 2120 haereticos,
1531 2064 1568 2120 ul,
1586 2056 1680 2113 relicto
1694 2060 1776 2116 totitas
1789 2062 1894 2116 erroris
1905 2062 1988 2123 deria,

362 2146 462 2216 piabile
479 2144 525 2198 hat
539 2144 650 2198 sanetis.
675 2141 745 2196 lline
759 2149 786 2196 ct
802 2141 829 2195 in
843 2137 1152 2209 hiatibusapostolomm
1202 2143 1228 2196 in
1253 2158 1305 2197 una
1330 2144 1410 2199 dumo
1432 2145 1571 2200 catholice
1594 2147 1772 2203 confessionis
1797 2150 1832 2205 de
1856 2151 1989 2206 corumuui

362 2238 491 2305 seriptum
517 2244 560 2290 est
582 2233 654 2304 quod
680 2232 759 2288 Petro
782 2232 808 2286 in
829 2244 939 2285 carecre
958 2229 1055 2300 posito,
1075 2228 1152 2283 lleret
1201 2228 1273 2284 bone
1288 2229 1427 2286 laetentur:

361 2328 448 2382 oratio
469 2327 528 2381 sine
550 2324 748 2380 intermissione
766 2322 800 2376 ab
813 2319 933 2375 Ecclesia
953 2319 986 2374 ad
1006 2318 1151 2373 Dominam
1240 2338 1249 2370 ι
1268 2318 1419 2390 Statimque
1433 2338 1479 2376 rer
1490 2345 1496 2377 ;
1507 2324 1617 2389 tumre,
1635 2324 1729 2394 inquit,
1742 2326 1839 2393 daran,
1852 2334 1883 2382 ut
1897 2328 1990 2384 Enber

362 2433 411 2486 pro
423 2431 465 2470 co.
492 2416 524 2469 Et
543 2416 601 2484 ipse
615 2411 673 2483 pari
687 2412 767 2466 ruodo
782 2411 808 2463 in
824 2407 943 2479 Epistola
958 2423 1006 2462 stra
1021 2406 1151 2477 postulat,
1205 2427 1215 2461 ι
1237 2410 1344 2465 obediat
1367 2410 1508 2467 uoluntati.
1531 2412 1669 2470 l'encmnt
1686 2416 1780 2486 itaque
1797 2431 1845 2472 rex
1860 2425 1888 2473 et
1908 2418 1989 2472 husan

361 2515 392 2561 ut
416 2506 501 2577 gratia
524 2504 571 2559 bei
588 2511 616 2558 ιι
638 2517 691 2572 pax
717 2502 744 2555 in
769 2500 888 2556 Ecclesia
914 2498 1106 2568 multiplicetur
1125 2503 1153 2550 et
1204 2522 1213 2553 ι
1236 2501 1436 2557 adcenririum
1456 2506 1527 2574 qarod
1549 2504 1590 2560 eis
1613 2506 1704 2577 regina
1727 2517 1884 2576 paraverat.
1901 2508 1989 2564 »liora

362 2598 541 2669 adimpleatur
561 2597 587 2651 in
601 2595 754 2668 cognitione
774 2591 880 2649 Deretini
896 2590 981 2646 nostri
996 2587 1059 2645 lesu
1072 2587 1152 2644 Cbri-
1201 2593 1272 2663 quod
1287 2593 1452 2648 concordant
1462 2592 1584 2650 voluntas
1596 2596 1733 2652 invitantis
1747 2597 1858 2669 reginae,
1871 2607 1899 2653 ct
1905 2597 1990 2668 jussio

362 2690 407 2745 gg,
1199 2682 1319 2750 jubentis
1334 2684 1422 2755 regis;
1437 2686 1484 2741 sed
1498 2702 1537 2742 rae
1549 2686 1587 2742 illi
1602 2686 1649 2759 gui
1669 2687 1804 2761 malignus
1817 2690 1853 2744 ad
1873 2705 1988 2746 menam

661 2805 774 2863 CAPUT
794 2804 859 2859 vm
1202 2771 1310 2830 bomini
1332 2775 1454 2838 aceedit,
1469 2776 1515 2845 qui
1529 2777 1676 2845 precordia
1691 2776 1754 2832 odie
1766 2776 1873 2848 polluta
1892 2777 1989 2834 hahuit

1130 2931 1136 2944 .
1201 2874 1229 2919 et
1242 2864 1406 2920 immundam
1424 2866 1616 2923 conscientiam
1639 2884 1692 2923 non
1717 2878 1845 2926 vereatur
1856 2871 1891 2927 ad
1903 2875 1989 2928 cenri-

364 2949 459 3003 b'srirer
481 2946 515 2998 ‘id
537 2959 619 3014 'siim
642 2943 758 3022 inimi?
771 2940 856 3020 'dmi‘
871 2946 893 2991 θ’
908 2935 992 2988 Am‘m
1012 2950 1044 2987 ‘¹⁰
1062 2947 1151 2986 ΜΝ·
1203 2957 1274 3011 rium
1290 2957 1396 3012 Domini
1411 2957 1535 3029 indignus
1550 2960 1666 3028 iutrare;
1684 2962 1731 3033 qui
1753 2962 1819 3019 licet
1839 2964 1938 3035 s'rpius
1951 2963 1989 3018 in-

647 3027 715 3065 ΝΜ
739 3016 866 3063 mmmm·
1202 3048 1302 3103 citatus
1325 3050 1444 3116 venerit,
1467 3052 1523 3105 suis
1544 3052 1648 3108 meritis
1674 3062 1764 3110 tamen
1785 3055 1944 3127 cogentibus
1962 3055 1989 3111 in

401 3170 410 3204 ι
427 3150 474 3204 bie
497 3154 586 3201 autem
612 3143 693 3199 tertio
715 3142 807 3197 induta
830 3148 873 3196 est
894 3137 993 3193 Esther
1018 3135 1152 3208 regalibus
1202 3135 1292 3190 letitia
1304 3138 1502 3193 convivantium
1513 3154 1566 3194 non
1577 3142 1765 3210 permanebit;
1780 3146 1827 3200 scd
1838 3160 1900 3200 cum
1911 3146 1991 3201 intra·

364 3263 373 3294 ι
396 3238 575 3303 restituentis,
589 3244 616 3291 ct
635 3236 710 3291 stetit
731 3235 759 3289 in
773 3232 844 3288 atrio
857 3232 953 3287 domus
974 3229 1064 3301 regiae,
1080 3228 1151 3298 qnod
1203 3226 1272 3281 verit
1293 3243 1351 3292 ιιιι,
1363 3236 1393 3281 ut
1406 3228 1509 3283 rideret
1525 3246 1587 3285 eum
1605 3232 1641 3286 ibi
1660 3234 1866 3290 recumbentem
1880 3250 1933 3291 neo
1945 3249 1989 3290 rs-

364 3354 373 3385 ι
394 3341 452 3389 erat
467 3331 581 3386 interius
596 3336 690 3383 contra
713 3326 852 3381 basilicam
870 3324 942 3395 regis
954 3340 961 3376 a
974 3331 1001 3376 at
1016 3322 1060 3376 ille
1076 3305 1188 3377 sede-C
1204 3317 1297 3373 stilum
1307 3330 1382 3375 reste
1394 3322 1791 3393 nuptiali,exprobrateisuarn
1803 3325 1990 3394 temeritatem,

364 3446 373 3477 ι
395 3426 439 3480 bat
464 3438 544 3495 super
573 3421 670 3476 solium
698 3418 725 3473 in
753 3417 914 3474 consistorio
939 3414 1031 3485 palatii
1057 3420 1152 3467 corrtra
1204 3420 1232 3467 ct
1248 3411 1335 3481 ligatis
1352 3412 1475 3467 manibus
1488 3420 1515 3468 et
1530 3414 1641 3482 pedihus
1660 3413 1738 3481 jubet
1758 3415 1855 3485 projici
1875 3416 1901 3470 in
1919 3424 1990 3473 tene·

364 3540 374 3570 ι
395 3518 494 3574 ostium
517 3515 623 3570 domus.
650 3511 771 3580 Cumque
791 3508 904 3563 uidisset
916 3506 1015 3560 Esther
1032 3504 1152 3574 reginam
1203 3504 1267 3558 bras
1281 3504 1438 3568 exteriores,
1448 3504 1492 3558 ubi
1507 3505 1559 3561 doli
1572 3505 1711 3571 damnum,
1722 3508 1793 3575 qued
1804 3507 1990 3565 innocentibus

366 3628 374 3659 ι
397 3616 525 3670 stantem,
548 3604 647 3674 placuit
670 3600 755 3656 oculis
780 3597 847 3666 ejus,
870 3606 897 3653 et
917 3596 1036 3652 ostendit
1058 3606 1152 3649 contra
1203 3594 1328 3662 nequiter
1339 3596 1461 3662 parabat,
1471 3596 1546 3666 jaste
1557 3599 1689 3652 sustinere
1700 3606 1825 3669 cogetur,
1833 3598 1913 3669 juxta
1928 3599 1988 3654 illud

365 3719 374 3750 ι
394 3711 454 3751 cam
466 3695 569 3765 virgam
584 3707 693 3747 auream
705 3705 785 3761 quam
801 3688 908 3744 tenebat
919 3701 1009 3741 mauu.
1030 3685 1095 3752 Quae
1108 3700 1154 3740 ac·
1204 3680 1377 3737 Salomonis:
1392 3701 1401 3734 ι
1416 3682 1445 3737 ln
1456 3685 1560 3740 insidiis
1569 3686 1626 3741 suis
1637 3687 1779 3755 capientur
1788 3688 1886 3757 iniqui.
1898 3707 1906 3739 ι
1918 3687 1991 3742 Post·

366 3808 375 3839 ι
398 3788 496 3843 cedens
510 3784 631 3840 osculata
646 3791 689 3836 est
702 3779 885 3835 summitatem
897 3776 979 3845 virge
991 3772 1060 3844 ejus,
1072 3774 1152 3830 dixit·
1205 3788 1285 3841 quam
1297 3774 1378 3845 igitur
1390 3789 1436 3828 ren
1451 3777 1569 3831 secundo
1582 3776 1657 3848 dedit
1669 3778 1768 3832 Esther
1781 3778 1924 3848 petitionis
1938 3793 1991 3836 snae

366 3902 375 3933 ι
396 3895 448 3951 gare
471 3878 505 3932 ad
526 3892 586 3933 earn
608 3890 656 3930 rex
669 3893 677 3928 a
691 3872 760 3941 Quid
778 3872 836 3931 ris,
858 3868 957 3924 Esther
975 3866 1078 3937 regina,
1092 3879 1152 3935 quas
1203 3864 1349 3933 optionem,
1360 3864 1403 3919 illa
1418 3867 1555 3934 respondit
1568 3866 1681 3924 dicens:

366 3990 374 4021 ι
398 3978 440 4025 est
461 3967 554 4039 petitio
576 3964 639 4020 tua?
660 3961 765 4018 etiamsi
787 3957 926 4015 dimidiam
949 3964 1053 4026 partem
1075 3952 1151 4021 regni
1241 3973 1250 4004 ι
1271 3953 1299 4009 Si
1315 3954 1530 4026 inuenigratianr
1546 3956 1572 4010 in
1594 3967 1738 4027 conspeetu
1764 3959 1845 4031 regis,
1861 3967 1889 4015 et
1902 3960 1925 4015 si
1938 3957 1990 4030 regi

366 4080 374 4111 ι
396 4057 516 4130 petieris,
532 4055 639 4111 dabitur
657 4052 716 4108 tibi.
739 4049 774 4104 m
797 4048 839 4103 illa
864 4043 1002 4116 respondit
1015 4043 1153 4099 :Obsecro
1206 4065 1215 4096 ι
1233 4046 1320 4116 placet
1332 4053 1361 4100 ut
1374 4048 1419 4102 det
1432 4047 1496 4101 mihi
1512 4049 1583 4118 quod
1605 4050 1722 4119 postulo,
1735 4058 1762 4105 et
1774 4066 1864 4106 rucam
1886 4051 1990 4122 impleat

366 4170 375 4200 ι
398 4158 426 4204 ut
440 4147 533 4203 nenias
546 4145 578 4200 ad
594 4160 638 4199 me
651 4143 740 4207 hodic,
759 4151 785 4197 ιι
799 4140 885 4194 Αιιιιιι
902 4148 1001 4200 ιιιιιιιι,
1017 4136 1049 4189 ad
1062 4134 1153 4189 conri—
1206 4156 1215 4189 r
1232 4137 1402 4207 petitionem,
1414 4139 1505 4193 ueniat
1518 4154 1562 4193 ιιι
1574 4147 1601 4194 ct
1613 4142 1698 4195 riman
1710 4142 1743 4196 ad
1755 4142 1911 4199 conuiuium
1923 4141 1990 4213 qood

366 4261 375 4293 ι
400 4242 481 4296 rium.
498 4260 506 4292 ι
523 4237 592 4306 Quid
605 4222 647 4292 cst
661 4234 732 4306 qnod
745 4233 787 4288 die
799 4231 879 4286 tertia
894 4230 985 4284 induta
999 4235 1040 4282 est
1054 4226 1152 4281 Esther
1206 4247 1216 4279 ι
1231 4230 1323 4298 paravi
1335 4230 1420 4296 cis,ct
1430 4245 1492 4286 eras
1502 4232 1558 4302 regi
1568 4233 1686 4301 aperiam
1697 4232 1864 4289 volontatem
1873 4250 1988 4290 nicam.»

365 4330 497 4401 regalibus
518 4324 702 4389 vestimentis,
717 4323 770 4377 nisi
790 4320 862 4391 quod
888 4317 1008 4374 Ecclesia
1031 4315 1152 4387 gentium
1203 4320 1266 4376 llaec
1277 4321 1370 4377 dilatio
1383 4322 1491 4392 petendi
1504 4339 1556 4378 non
1569 4332 1610 4377 est
1621 4324 1742 4394 segnitia
1752 4324 1830 4387 uitio,
1843 4326 1889 4381 sed
1901 4323 1987 4380 virtuti

363 4422 443 4476 tertio
465 4429 584 4489 tempore
608 4416 708 4482 sacilli,
723 4416 774 4469 boc
789 4423 831 4468 est
843 4418 904 4482 post
925 4409 1151 4473 incarnationem,
1203 4414 1338 4481 patientiae
1349 4412 1519 4480 deputanda;
1547 4413 1599 4467 hoc
1611 4412 1738 4467 niruimm
1751 4413 1911 4485 signilloens
1923 4409 1989 4485 quad

364 4513 515 4582 passionem
535 4518 563 4565 el
575 4507 800 4564 resurrectionem
814 4503 925 4568 Christi,
942 4503 969 4556 in
981 4509 1151 4558 sacramenta
1198 4502 1281 4572 justis
1300 4505 1449 4574 praemium,
1463 4512 1490 4561 et
1503 4505 1691 4575 peecatoribus
1710 4518 1790 4574 poena
1805 4505 1894 4577 magis
1912 4506 1938 4561 in
1952 4501 1988 4560 lo·

363 4600 532 4673 baptismatis
545 4615 594 4669 per
605 4606 703 4655 sanctae
713 4595 854 4651 Trinitatis
866 4592 1074 4656 consessionem,
1086 4590 1148 4655 llde,
1204 4602 1265 4649 turo
1278 4602 1320 4648 est
1333 4594 1484 4649 tribuenda.
1507 4593 1574 4650 Cres
1589 4595 1660 4649 culm
1686 4594 1730 4650 hie
1748 4611 1799 4666 pro
1816 4595 1909 4651 loturo
1927 4604 1988 4652 teat·

363 4701 449 4764 spect
462 4693 605 4757 charitate,
617 4688 792 4758 omniumque
808 4687 939 4740 virtutum
955 4698 984 4739 se
998 4682 1084 4737 induit
1104 4681 1151 4735 de·
1164 4652 1190 4712 D
1205 4699 1269 4754 pore
1287 4684 1454 4754 intelligitur,
1466 4694 1496 4741 ut
1506 4695 1548 4742 est
1569 4686 1634 4741 iliud
1653 4687 1860 4757 evangelicum:
1879 4705 1889 4740 ι
1905 4685 1989 4744 liolits

364 4799 436 4849 core,
453 4791 482 4838 ut
495 4782 557 4837 inde
571 4780 654 4852 regali
667 4778 805 4836 consortio
821 4776 900 4845 digna
913 4774 999 4838 lieret,
1016 4788 1078 4829 cum
1093 4770 1152 4842 ejus
1203 4775 1310 4831 solliciti
1324 4790 1385 4831 esse
1409 4775 1444 4831 de
1461 4777 1591 4831 erastino.
1610 4795 1620 4828 ι
1642 4775 1676 4831 Et
1694 4775 1720 4830 in
1740 4775 1841 4833 Genesi
1863 4774 1986 4834 lseebsd

310 4915 313 4920 -
364 4889 456 4931 arnore
479 4875 614 4944 praecipuo
637 4873 803 4926 incessanter
818 4868 944 4923 ferveret.
969 4866 1034 4933 Quae
1048 4871 1102 4919 stat
1124 4864 1151 4918 in
1203 4866 1294 4952 haban
1321 4866 1360 4921 ait
1386 4884 1392 4919 :
1414 4884 1423 4916 ι
1449 4866 1516 4922 Cras
1540 4867 1679 4936 apparebit
1697 4865 1803 4936 justitia
1828 4881 1901 4922 mes.
1928 4863 1986 4920 »tr

363 4969 434 5023 atrio
448 4966 543 5021 domm
566 4963 647 5033 regiae
659 4960 729 5029 quod
743 4967 802 5013 erat
824 4958 935 5012 interius
954 4963 1047 5011 contra
1060 4953 1152 5009 basili·
1202 4959 1296 5015 Exodo
1310 4973 1416 5029 quoque
1428 4958 1473 5013 ubi
1490 4957 1524 5013 de
1539 4959 1600 5029 agui
1613 4956 1748 5027 paschalis
1761 4972 1810 5012 esu
1825 4957 1985 5030 precipitur,

363 5075 424 5117 cam
440 5058 520 5129 regis,
535 5055 586 5110 boe
601 5061 644 5109 est
656 5053 683 5107 in
697 5050 837 5121 praesentis
860 5050 922 5103 ritae
936 5048 979 5116 pia
996 5048 1152 5118 operatione
1203 5050 1324 5105 additum
1346 5056 1389 5104 est
1409 5067 1416 5103 r
1435 5067 1445 5101 ι
1471 5046 1526 5103 Nee
1550 5047 1698 5103 remanebit
1721 5062 1754 5102 ex
1784 5042 1818 5103 eo
1846 5049 1986 5119 quaidqaa·

363 5166 424 5221 quam
447 5155 552 5219 spectat
572 5146 605 5201 ad
628 5143 745 5199 loturam
758 5143 787 5197 in
800 5140 876 5197 emlis
900 5137 1150 5201 remunerationem,
1202 5154 1287 5211 usquc
1300 5154 1389 5194 manc.
1406 5158 1416 5191 ι
1432 5137 1499 5194 Cum
1514 5147 1605 5194 autem
1625 5137 1684 5193 dies
1704 5137 1787 5192 laturi
1798 5136 1895 5206 judicii
1912 5151 1985 5193 reos·

364 5243 409 5297 ubi
434 5243 491 5311 ipse
506 5255 553 5294 rex
568 5255 659 5309 regum
676 5236 743 5292 solio
758 5234 879 5292 coneedit
901 5246 1028 5303 superno,
1042 5239 1070 5286 et
1088 5245 1151 5299 pre·
1203 5230 1247 5292 rit,
1259 5237 1286 5284 et
1307 5243 1386 5283 omne
1399 5228 1545 5283 humanum
1560 5242 1654 5297 genus,
1674 5225 1740 5293 justi
1762 5226 1889 5284 videlieet
1912 5223 1986 5284 simtl

364 5331 441 5384 cilius
461 5330 505 5399 pie
528 5329 561 5382 ad
582 5343 611 5382 sc
629 5326 803 5382 clamantium
826 5323 928 5378 annuit.
957 5322 1008 5389 Qui
1031 5319 1152 5376 extendit
1202 5331 1230 5376 ct
1241 5328 1407 5390 peccatores,
1424 5326 1487 5373 ante
1499 5318 1617 5387 supremi
1629 5315 1731 5373 iudicis
1742 5320 1985 5388 praesentiarum·

366 5428 459 5474 crirrtra
473 5419 542 5471 hauc
554 5418 672 5486 reginam
687 5415 789 5483 uirgam
804 5428 884 5482 quiam
899 5420 972 5467 tenet
986 5425 1077 5473 manu,
1091 5424 1151 5464 eum
1203 5413 1359 5475 stituentur,
1384 5419 1446 5464 tunc
1473 5410 1636 5467 revelabitur
1657 5411 1729 5483 guali
1747 5420 1839 5468 mente
1860 5412 1923 5483 quis
1946 5409 1985 5468 hit

365 5504 482 5562 ostendit
495 5505 531 5559 illi
547 5504 684 5574 regiminis
696 5503 735 5557 sui
748 5502 905 5571 potentiam,
919 5498 960 5552 tel
972 5513 1077 5553 cmecm
1092 5513 1150 5567 pas·
1205 5504 1313 5574 riserit,
1330 5503 1375 5557 ubi
1387 5502 1452 5573 justi
1469 5502 1503 5556 ad
1517 5502 1717 5572 percipiendum
1744 5516 1858 5571 reguum
1873 5500 1987 5559 coelui'!

365 5598 449 5653 sionis
473 5611 538 5660 suae,
554 5611 601 5665 per
624 5610 703 5666 quiam
723 5594 774 5648 sibi
795 5591 935 5661 acquisivit
951 5597 1109 5658 potestatem
1123 5589 1151 5643 in
1203 5583 1297 5666 parriae
1308 5609 1357 5665 per
1372 5592 1532 5648 sententiam
1554 5593 1695 5662 praesentis
1707 5590 1807 5661 judicis
1832 5593 1984 5656 invitantur.

366 5687 516 5753 ominetur
530 5685 749 5746 terr·a,ctsubtus
760 5691 876 5746 ten-ane
892 5682 928 5735 ita
940 5689 987 5734 nt«
1002 5680 1028 5734 iu
1044 5682 1151 5735 nomine
1204 5696 1231 5741 et
1244 5696 1400 5755 peccatores
1411 5683 1490 5738 simul
1505 5699 1567 5738 cum
1582 5684 1688 5740 ‹linbolo
1713 5684 1811 5740 inlcrni
1826 5684 1985 5742 crucian'bus

365 5786 423 5851 ejus
441 5796 521 5836 ιιιιιιιι
541 5795 609 5850 genu
624 5778 747 5833 flectatur
766 5776 926 5840 scelestium,
943 5775 1109 5830 terrestrium
1125 5784 1152 5829 et
1204 5775 1329 5845 puniendi
1341 5773 1520 5843 expelluntur.

367 5873 544 5931 internorum.
556 5891 566 5925 a
578 5869 652 5926 ilaue
660 5869 767 5940 quidem
779 5868 835 5938 ipsa
845 5866 996 5921 amabiliter
1002 5865 1149 5932 oseulatur,
