4709 6767
340 609 391 665 585

890 605 1071 664 excostTto
1089 607 1124 662 tn
1142 609 1272 666 LIBRUM
1290 609 1422 665 lUlllTll.

1922 612 1975 670 588

340 743 355 782 a
372 724 462 791 robis3
475 721 557 778 rnihil
575 721 646 777 enim
662 719 804 791 superbius
816 728 843 774 ει
866 719 984 776 lerooius
1008 721 1052 776 illo
1078 730 1130 787 est,
1145 733 1170 794 Λ
1185 740 1235 779 nus
1247 723 1354 794 (Erech.
1371 723 1477 794 nxrnr).
1495 744 1503 775 r
1519 724 1640 780 Primum
1651 742 1749 784 norucn
1768 733 1977 802 tetragramma-

340 833 400 873 cum
424 813 508 870 animi
535 813 576 868 sui
602 810 745 866 ostendere
769 810 935 880 permittitur
960 812 1131 881 qrralitatem,

340 907 385 963 sed
407 905 477 961 nibil
502 919 535 960 eo
559 901 705 967 intirmius,
728 901 836 970 quaudo
851 915 901 969 per
916 915 1010 955 servos
1031 900 1132 956 Christi

340 997 427 1053 diuina
442 994 594 1052 muteriurr
607 1000 753 1062 potestate.
769 989 849 1054 Nota,
865 990 960 1055 lector,
981 994 1053 1062 quod
1067 991 1133 1047 elicit

339 1089 434 1144 Persas
446 1096 475 1143 ει
488 1085 580 1142 llcdos
594 1085 705 1140 horrere
716 1083 896 1139 constantiam
906 1081 975 1152 ejus,
987 1092 1014 1138 ει
1029 1083 1132 1139 ululare

338 1179 473 1252 Assyrios,
484 1186 512 1233 ει
522 1177 582 1232 ride
593 1176 615 1231 si
631 1174 702 1231 lortc
716 1191 779 1231 rera
791 1176 883 1246 opinio
896 1177 940 1239 sit,
954 1192 1035 1245 quam
1049 1192 1131 1248 supra

337 1271 527 1342 proposuimus
541 1269 574 1323 de
583 1266 716 1338 Cambyse
727 1266 782 1323 lilio
793 1266 866 1339 Cyri,
882 1267 982 1338 quoda
996 1267 1132 1339 plerisque

338 1363 385 1418 iste
401 1359 663 1425 Nabuchodonosor,
678 1374 760 1430 quom
784 1359 898 1416 historia
913 1367 1057 1425 memorat,
1071 1374 1132 1415 csse

336 1451 504 1517 crederetur,
515 1451 562 1522 qui
577 1447 669 1505 Persis
680 1458 708 1505 et
720 1447 806 1504 lledis
818 1458 898 1520 atquc
914 1449 1034 1520 Assyriis
1044 1448 1131 1505 domi-

337 1542 393 1595 nari
409 1541 623 1596 demonstratur.
931 1595 934 1602 ,

369 1651 380 1683 r
401 1631 481 1688 ‘l'une
503 1629 676 1686 ululauemnt
699 1638 787 1684 castra
811 1628 1005 1700 Assyriorum,
1020 1628 1130 1699 quando

336 1742 343 1772 ι
359 1729 550 1793 apparuerunt
562 1720 678 1775 humiles
690 1720 743 1774 mci
753 1727 909 1775 arescentes
924 1722 949 1775 in
964 1721 1019 1776 siti.
1037 1740 1046 1772 r
1066 1720 1131 1776 Ulu-

1185 822 1231 869 ton
1243 822 1295 880 est,
1314 815 1385 884 quod
1402 816 1510 886 proprie
1522 816 1556 871 ad
1574 817 1716 872 bomirium
1730 819 1859 889 pertinet,
1871 829 1898 877 et
1909 819 1979 879 ines-

1185 905 1265 962 iahilc
1279 905 1378 961 dieitur
1388 908 1535 963 secundum
1552 922 1696 963 commune
1715 910 1788 978 qurod
1801 926 1872 981 sape
1889 913 1915 966 in
1928 913 1978 968 bo·

1184 998 1301 1053 minibus
1325 998 1472 1054 inuenitur.
1497 999 1530 1054 Et
1553 1000 1622 1055 bene
1634 1000 1738 1056 Adonai
1754 1005 1913 1074 congenitus
1928 1000 1976 1060 bei

1183 1088 1292 1156 dicitur,
1308 1089 1370 1158 quia
1393 1090 1463 1143 Deus
1479 1100 1506 1144 ει
1523 1090 1613 1145 homo.
1639 1090 1770 1147 Dominus
1789 1107 1854 1162 crgo
1868 1103 1910 1149 εει
1924 1094 1977 1150 lio-

1182 1177 1282 1244 minus,
1298 1180 1371 1250 quod
1390 1180 1544 1234 dominetur
1559 1182 1684 1237 omuibus
1700 1180 1740 1236 rel
1757 1186 1831 1252 quod
1849 1186 1977 1242 timeatur

1182 1284 1198 1322 a
1216 1271 1333 1335 cunctis,
1360 1285 1440 1340 quem
1464 1285 1542 1325 nemo
1558 1272 1583 1326 in
1609 1273 1709 1328 virtute
1730 1289 1860 1344 superare
1874 1285 1975 1346 potest,

1182 1361 1230 1415 sed
1245 1370 1335 1431 potest
1349 1376 1397 1430 per
1415 1362 1593 1417 humilitatem
1608 1373 1635 1416 ει
1649 1365 1843 1434 subjectionem
1856 1368 1974 1438 placare,
2059 1407 2070 1417 ,

1181 1459 1208 1506 et
1226 1451 1260 1505 ad
1271 1451 1484 1506 misericordiam
1509 1453 1683 1522 hectoreum
1704 1455 1764 1525 pius
1777 1464 1805 1510 ει
1818 1458 1976 1516 ιιιίεειίεοιῖ

1181 1548 1222 1595 εει
1231 1541 1367 1606 onmihus,
1376 1542 1421 1611 qui
1433 1542 1465 1596 ad
1477 1543 1535 1613 ejus
1545 1543 1676 1614 pietatem
1688 1554 1715 1598 ct
1727 1545 1896 1602 clementiam
1908 1562 1976 1605 con-

1181 1631 1296 1701 lugiunt.

1219 1723 1305 1777 r'lihi
1324 1726 1425 1779 serviat
1444 1741 1533 1780 onnus
1559 1736 1683 1782 creatura
1708 1735 1763 1794 tua,
1793 1730 1855 1800 quia
1882 1729 1975 1788 duxisti

332 1812 388 1868 lant
411 1821 503 1869 castra
517 1811 702 1882 Assyriorum,
724 1810 770 1880 qui
789 1810 931 1881 diligentes
948 1812 1130 1882 interpretari·
1184 1831 1193 1864 ι
1211 1821 1238 1868 ει
1249 1813 1320 1868 lacta
1343 1824 1425 1869 suut:
1452 1816 1549 1872 misisti
1570 1817 1700 1886 Spiritum
1716 1829 1809 1887 tuum,
1833 1830 1860 1877 et
1881 1834 1974 1881 creata

328 1914 384 1972 tur,
403 1905 514 1978 qrrando
528 1913 717 1976 persecutores
734 1903 871 1966 Ecclesiae,
888 1903 933 1973 qui
950 1904 1130 1973 disponebant
1183 1923 1192 1954 ι
1211 1913 1284 1968 sunt,
1309 1913 1337 1959 et
1362 1920 1416 1959 uon
1442 1915 1483 1960 εει
1503 1908 1548 1976 tyui
1563 1908 1673 1962 resistat
1697 1911 1757 1964 uoci
1781 1919 1843 1966 tum.
1867 1931 1876 1964 ι
1905 1913 1974 1970 Nota

327 2001 401 2056 hclla
425 2000 556 2054 adversus
579 1996 689 2062 lideles,
715 2011 764 2066 pcr
787 1995 967 2049 humilitatem
994 1996 1125 2064 ipsorurn,
1179 1996 1251 2065 quod
1265 2004 1386 2051 sanctam
1402 1995 1564 2053 Trinitatem
1575 1998 1633 2053 haec
1654 2000 1817 2070 hymnistria
1832 2003 1971 2072 predicat,

323 2095 374 2165 qrri
394 2109 446 2164 per
468 2091 658 2146 ahstiucutiam
683 2087 883 2142 mortificabant
906 2088 932 2141 in
951 2102 979 2141 sc
994 2085 1126 2142 desideria
1142 2092 1165 2152 Β
1179 2089 1231 2144 hoc
1245 2098 1296 2154 esu
1316 2089 1459 2144 homiuum
1475 2097 1592 2161 patrem,
1609 2092 1655 2161 qui
1679 2094 1752 2148 dicto
1773 2111 1832 2160 stro,
1851 2073 1972 2165 horest,

322 2189 433 2251 earnis,
442 2186 608 2249 etesuriunt,
622 2192 702 2252 atque
716 2182 812 2236 sitiunt
819 2180 1125 2249 justitianuuincuutur.
1178 2194 1227 2249 pcr
1241 2178 1360 2234 lethum
1373 2196 1450 2235 suum
1462 2183 1551 2236 orrmia
1564 2183 1637 2251 lecit,
1649 2195 1675 2240 et
1689 2186 1880 2258 perspiritum
1894 2205 1973 2246 suum

366 2278 462 2333 «litii
489 2275 641 2347 puellarum
668 2280 884 2343 compunxerunt
911 2286 973 2336 cos,
1000 2280 1028 2325 et
1058 2270 1127 2325 sicut
1177 2279 1274 2322 curura
1297 2268 1409 2323 crearit.
1432 2269 1590 2338 lluy'usrnodi
1616 2281 1699 2329 estet
1721 2274 1787 2331 illud
1810 2277 1971 2345 Psalmistae,

320 2389 433 2447 pueros
460 2370 605 2440 fugientes,
619 2367 777 2423 occiderunt
798 2380 855 2421 eos.
875 2364 960 2419 »lilii
975 2363 1125 2435 puellarum
1177 2361 1223 2429 qui
1239 2361 1276 2415 ait
1295 2375 1302 2414 :
1319 2381 1328 2412 ι
1346 2360 1434 2417 Verbo
1450 2364 1496 2418 [tei
1512 2365 1573 2419 coeli
1596 2364 1695 2422 Armati
1720 2377 1795 2434 sunt,
1819 2379 1846 2424 ει
1864 2370 1970 2441 Spiritu

319 2473 393 2521 surrt
409 2462 459 2517 lilir
470 2461 653 2517 Ecclesiarum
667 2457 779 2522 Christi,
794 2455 839 2525 qui
858 2455 951 2510 hostes
966 2469 1031 2510 suos
1043 2453 1125 2509 veluti
1175 2450 1232 2506 oris
1246 2449 1304 2519 ejus
1318 2451 1407 2506 omnis
1427 2452 1515 2507 uirtus
1536 2468 1630 2508 eorum
1645 2453 1730 2526 (Paci.
1744 2457 1841 2529 xxxin).
1861 2479 1870 2511 r
1887 2446 1971 2531 Culus

319 2557 445 2629 pavidos
467 2564 496 2611 eg
518 2552 652 2609 inhabites
678 2550 711 2605 ad
726 2550 920 2621 pugnandum,
940 2549 1029 2620 gladio
1050 2547 1125 2603 uerbi
1175 2546 1248 2609 uoci,
1266 2545 1294 2599 id
1308 2543 1483 2614 esty'ussiuni,
1497 2545 1587 2601 nullus
1609 2547 1737 2602 resistere
1750 2557 1849 2619 potest,
1868 2551 1969 2621 qniaiu

321 2649 470 2713 occidunt,
495 2661 557 2702 curn
577 2645 611 2699 ah
621 2642 735 2698 audacia
750 2641 886 2713 pugnandi
900 2656 948 2696 eos
965 2640 1122 2709 deponunt:
1175 2634 1313 2690 soluntate
1324 2634 1381 2706 ejus
1389 2635 1515 2692 uniuersa
1526 2646 1589 2692 sunt
1602 2637 1700 2708 posita,
1714 2637 1867 2707 errinsrelle
1878 2641 1970 2698 lacero

323 2756 384 2797 non
400 2753 468 2811 ergo
479 2737 517 2793 illi
530 2737 627 2807 quihus
637 2742 801 2807 praeceptum
813 2741 867 2798 est,
881 2741 913 2787 ut
927 2732 1049 2786 inimicos
1061 2747 1125 2787 suos
1175 2732 1227 2779 08²·

326 2830 459 2901 diligam,
473 2837 502 2884 θ,
513 2843 563 2899 pm
582 2825 809 2897 persequentibus
821 2839 851 2879 se
863 2830 952 2888 oyem,
970 2822 1055 2877 armis
1066 2836 1125 2877 cof.
1214 2833 1223 2867 ι
1242 2815 1346 2872 lloutcs
1359 2831 1374 2870 a
1388 2815 1571 2873 fundamentis
1587 2818 1767 2874 mouebantur
1781 2832 1843 2875 cum
1854 2821 1966 2892 aquis-r

321 2920 469 2992 pontibus
492 2916 638 2988 quemlihet
662 2913 816 2970 interlucere
829 2913 958 2984 gestiunt,
973 2913 1021 2968 sed
1042 2912 1123 2984 spiri·
1175 2907 1228 2963 Per
1251 2917 1356 2966 montes
1377 2910 1503 2981 superbia
1530 2912 1731 2968 demonstratur
1747 2918 1967 2986 persecutunuh,

324 3010 461 3076 tualibus,
482 2999 534 3063 hoc
545 3015 599 3072 εει,
613 3006 699 3062 sacris
725 3005 872 3059 virtutihus
887 3003 980 3057 hostes
992 3018 1056 3059 suos
1075 3019 1125 3074 per
1174 3000 1220 3071 qui
1236 3000 1447 3056 alundameutis
1464 3009 1608 3058 morentur
1627 3018 1688 3058 cum
1709 3005 1797 3075 aquis,
1814 3007 1922 3076 quando
1933 3007 1969 3064 ah

325 3098 621 3169 mularumadjutorium
638 3110 767 3167 superare
780 3092 948 3150 contendunt
961 3111 967 3145 ε
980 3092 1051 3148 unde
1064 3108 1125 3148 cer-
1175 3093 1275 3164 iniquis
1285 3094 1405 3150 consiliis
1418 3104 1446 3150 ει
1457 3094 1635 3150 seditionibus
1648 3097 1791 3163 desistunt,
1800 3115 1860 3176 ,nou
1875 3099 1968 3156 volun·

326 3201 386 3246 tum
400 3190 442 3246 eis
454 3203 561 3259 semper
569 3196 714 3258 praestatur
725 3185 867 3249 auxilinm,
883 3183 955 3238 sicut
968 3183 996 3236 iu
1008 3197 1124 3252 sequen·
1175 3195 1230 3241 tate
1245 3195 1345 3252 mmcn,
1360 3185 1408 3241 sed
1433 3186 1595 3242 necessitate
1610 3203 1617 3252 ;
1644 3189 1705 3256 quia
1721 3187 1748 3243 id
1764 3189 1836 3259 qrrod
1858 3184 1977 3262 superbi'

326 3283 402 3338 tibus
419 3289 516 3337 nostra
530 3278 636 3335 cantrix
648 3276 761 3334 dicendo
779 3277 957 3331 demonstrat
1174 3289 1326 3350 ctepcruut,
1351 3280 1414 3335 uicti
1429 3281 1549 3350 potentia
1562 3280 1610 3336 Dei
1625 3282 1658 3336 ad
1676 3281 1802 3338 ellectum
1818 3284 1969 3354 perducere

365 3395 376 3426 ι
394 3372 541 3430 Perierunt
553 3373 580 3427 in
591 3371 683 3443 prelio
694 3385 709 3424 a
721 3368 790 3424 lacie
804 3367 912 3425 Domini
923 3369 986 3424 mei.
1002 3388 1011 3420 ι
1028 3367 1121 3422 Douri-
1173 3386 1227 3425 nort
1242 3380 1363 3440 possunt.
1381 3371 1485 3442 licque
1506 3387 1537 3427 rc
1557 3370 1636 3426 aliam
1655 3374 1885 3445 comparationem
1901 3376 1968 3434 sub·

327 3467 467 3523 nurerum
480 3462 700 3529 torrrsnomuus
726 3469 823 3531 prens
837 3459 967 3531 inpraetto
980 3459 1037 3530 ipse
1050 3444 1159 3514 dahitC
1175 3463 1363 3518 arantheus:

327 3556 460 3610 virtutem
477 3560 505 3608 et
525 3550 708 3607 tortitudinem
722 3548 794 3619 plebi
808 3564 873 3614 sum,
888 3558 916 3603 et
930 3556 1069 3618 protector
1079 3563 1124 3603 sa·
1213 3572 1223 3605 r
1241 3553 1329 3609 Petrae.
1342 3555 1413 3610 sicut
1425 3571 1488 3611 cera
1498 3555 1648 3626 liquescent
1667 3566 1730 3613 ante
1743 3556 1840 3615 taciem
1855 3569 1938 3616 tuam
1954 3581 1965 3614 r

329 3645 462 3702 lutarium
474 3642 576 3700 Christi
591 3643 633 3698 sui
651 3650 702 3707 cst,
718 3641 810 3712 populi
824 3641 950 3697 uidelicet
964 3641 1124 3705 Christiani,
1176 3646 1233 3702 lloc
1253 3656 1305 3713 est,
1319 3648 1419 3702 duritia
1431 3648 1618 3719 superborum,
1634 3665 1694 3719 qum
1708 3665 1738 3706 εε
1760 3651 1968 3724 insuperabilem

329 3739 376 3809 qui
390 3744 455 3792 sunt
469 3735 588 3790 membra
600 3732 731 3803 unigeniti
743 3732 789 3788 liei
800 3731 869 3798 Filii,
881 3732 988 3787 Domini
1002 3731 1126 3787 uidelicet
1176 3738 1234 3792 iore
1248 3739 1384 3798 credebat.
1401 3739 1429 3793 iu
1451 3741 1594 3809 praesentia
1609 3740 1742 3797 adrentus
1755 3742 1794 3797 tui
1808 3734 1969 3803 mollescens

330 3831 418 3886 nostri
437 3826 502 3884 lesu
517 3827 629 3893 Christi,
643 3826 688 3897 qui
702 3833 744 3882 est
762 3839 844 3896 super
855 3825 946 3882 omnia
957 3826 1028 3881 heus
1041 3828 1125 3882 hene·
1175 3827 1301 3894 detieict;
1326 3843 1389 3881 uam
1414 3828 1485 3883 sicut
1513 3843 1576 3883 cera
1592 3845 1626 3883 cx
1649 3828 1717 3884 saris
1737 3830 1851 3886 collecta
1876 3842 1969 3888 tenera

332 3924 423 3979 diegus
435 3924 462 3977 y„
477 3921 585 3977 mula,
1175 3928 1228 3984 cst,
1243 3920 1385 3990 mollisque
1403 3921 1567 3985 substantia,
1582 3936 1643 3990 quac
1664 3922 1703 3976 sic
1721 3921 1792 3993 iguis
1814 3921 1905 3979 calore
1924 3939 1968 3981 re·

368 4030 379 4065 ι
398 4011 535 4083 Hymnum
561 4018 701 4065 cantemus
716 4009 851 4074 Domino,
873 4009 1002 4080 hymnum
1026 4024 1124 4064 uorum
1176 4008 1301 4074 solvitur,
1326 4018 1356 4063 ιιι
1379 4008 1404 4063 ei
1430 4009 1598 4079 corpulentia
1616 4010 1723 4080 penitus
1747 4010 1913 4076 absumatur,
1928 4012 1967 4070 ita

334 4120 345 4152 ι
362 4111 505 4158 cantemus
522 4101 577 4155 ltco
591 4108 695 4155 nostro.
716 4120 725 4153 r
742 4100 814 4155 Bene
828 4114 892 4170 ergo
906 4099 1001 4153 incitat
1012 4098 1125 4169 mystica
1175 4114 1283 4170 quoque
1300 4098 1403 4164 judicio
1423 4099 1501 4154 licia
1517 4098 1586 4154 facie
1600 4099 1685 4170 ipsius
1697 4100 1853 4170 dispereunt
1867 4117 1968 4175 pecca·

332 4189 426 4247 ,iudith
439 4191 567 4262 populum
580 4206 677 4245 uorum
694 4191 826 4260 sauguine
844 4189 994 4243 Salvatoris
1020 4189 1126 4244 redem-
1176 4195 1262 4252 tores,
1274 4188 1569 4256 qucrrradruoduurccra
1581 4189 1704 4258 proximo
1716 4189 1777 4260 igne
1788 4180 1968 4250 consumitur.

333 4291 418 4351 ptum,
438 4291 469 4337 ut
492 4290 582 4339 cantet
599 4282 713 4337 Domino
728 4282 857 4353 hymnum
872 4295 984 4346 norum,
999 4280 1051 4334 hoc
1073 4286 1125 4345 est,
1176 4277 1210 4330 Et
1223 4284 1313 4331 tamen
1337 4277 1431 4332 dicita
1455 4276 1525 4333 facie
1539 4278 1587 4332 Dei
1612 4292 1659 4332 eos
1684 4293 1745 4334 esse
1769 4280 1968 4353 dissolvendos,

334 4373 398 4430 dori
412 4373 579 4430 Testamenti
604 4373 733 4444 praedicet
749 4380 960 4438 sacramentum,
984 4371 1126 4442 quotlide0
1176 4367 1240 4436 (lim
1256 4383 1394 4437 ῃιιῃ(ιῑ13111
1407 4367 1441 4421 ²³¹¹
1454 4367 1569 4437 gratiam
1592 4367 1675 4438 il)Sius
1702 4368 1887 4442 [tenendaque
1905 4389 1969 4430 len·

335 4468 432 4522 dicitur
458 4482 569 4530 novum,
596 4466 659 4535 quia
674 4466 888 4520 memnonem
904 4465 1011 4519 p0myny
1029 4479 1126 4533 corpo--
1179 4460 1232 4513 ruri
1244 4467 1316 4513 sunt.
1334 4459 1355 4512 Ε
1374 4459 1523 4524 contrario,
1549 4458 1614 4528 quid
1628 4457 1739 4529 illisqui
1764 4459 1848 4516 licum
1875 4465 1968 4521 timent

337 4560 386 4613 reis
406 4557 495 4613 oculis
515 4567 582 4612 aetas
603 4566 694 4611 nostra
715 4556 786 4611 nulla
807 4558 969 4628 conspexit,
989 4556 1057 4610 alias
1071 4556 1128 4610 Deo
1177 4549 1294 4612 eueniet,
1319 4549 1478 4604 ³¹¹1¹i³¹1¹¹¹⁵³

338 4648 399 4704 nihil
410 4664 510 4704 norum
530 4655 581 4712 est,
596 4647 705 4717 quaudo
720 4656 783 4701 ante
798 4647 1018 4702 constitutionem
1033 4644 1125 4700 mundi
1217 4663 1226 4692 ¹
1243 4643 1294 4709 Qui
1308 4642 1413 4707 liment,
1430 4642 1527 4710 ingruit,
1544 4651 1581 4708 ¹02
1593 4645 1683 4714 ”libbi
1698 4657 1778 4700 “⁰¹¹¹
1790 4648 1860 4717 apud
1881 4658 1908 4703 ¹0
1921 4664 1970 4722 per

338 4741 458 4798 uniuersa
475 4740 620 4812 praescivit.
647 4737 773 4810 llyurnus
797 4747 887 4792 auteur
916 4737 1017 4793 Graccis
1036 4752 1127 4793 sermo
1183 4733 1429 4789 romrria.›Sicut
1443 4743 1470 4787 et
1483 4743 1687 4791 contemnentes
1701 4736 1785 4792 heum
1799 4740 1970 4797 minorantur

338 4844 385 4903 est,
398 4835 427 4890 id
441 4843 494 4900 est,
509 4798 724 4888 lauscarmiunm
738 4831 795 4901 lcgc
806 4831 966 4901 composita,
979 4830 1024 4901 qui
1034 4830 1125 4901 hymni
1140 4796 1166 4855 D
1180 4840 1211 4880 ao
1226 4824 1364 4889 deficiunt,
1381 4824 1419 4879 ita
1441 4824 1568 4878 timentes
1586 4824 1672 4890 illum,
1691 4828 1781 4898 magni
1805 4841 1885 4886 erunt
1897 4834 1968 4903 apud

338 4937 422 4994 crant,
435 4941 505 4997 quos
527 4925 606 4981 idolis
624 4925 682 4980 suis
697 4925 781 4980 etiam
796 4922 934 4994 gentilitas
951 4924 1125 4994 personabat.

338 5018 443 5075 Addidit
455 5019 511 5074 Deo
523 5026 625 5080 nostro,
641 5028 670 5071 ut
685 5015 792 5086 qrralern
806 5017 937 5086 hymnum
951 5015 1062 5079 diceret,
1074 5013 1128 5068 dis-

341 5110 419 5166 tincte
429 5109 611 5180 potuissemus
620 5108 771 5162 advertere.

371 5201 500 5258 «Adonai
522 5201 646 5265 Douuue,
661 5215 773 5270 magnus
786 5213 816 5252 es
834 5207 874 5264 tu,
889 5205 917 5252 et
935 5195 1082 5268 praelarus
1101 5195 1128 5250 in

343 5314 350 5343 ι
364 5296 466 5350 virtute
477 5302 534 5356 tua,
549 5299 577 5346 et
586 5306 666 5361 quem
681 5306 811 5360 superare
827 5303 906 5344 nemo
919 5297 1017 5358 potest.
1033 5309 1042 5341 r
1058 5287 1130 5343 Ado·

340 5387 379 5440 nai
392 5399 476 5439 unum
486 5391 528 5437 est
539 5383 572 5436 de
583 5383 676 5438 decem
687 5380 839 5435 nominihus
851 5379 897 5433 liei
909 5379 979 5449 apud
990 5379 1127 5444 llehraeos,

341 5484 363 5529 tt
377 5478 572 5544 interpretatur
586 5472 723 5533 hominus,
739 5471 790 5524 hoc
806 5468 979 5540 significans,
994 5470 1066 5539 qrrod
1082 5471 1129 5524 do-

342 5570 455 5623 minetur
472 5573 578 5620 cuncee
591 5572 733 5619 creature.
752 5560 803 5616 llhi
819 5561 977 5622 notandum,
990 5561 1061 5629 quod
1073 5559 1130 5613 ubi-

341 5670 443 5727 cunque
468 5655 578 5724 ponitur
599 5652 729 5715 secundo,
752 5649 892 5713 Dominus,
912 5658 941 5701 ut
960 5648 1129 5719 inpraesenti

340 5749 405 5816 heo,
429 5760 459 5805 et
472 5751 500 5805 in
527 5747 690 5811 Ezechiele,
711 5746 756 5799 uhi
780 5745 927 5799 secundum
955 5743 1129 5814 Septuaginta

340 5843 485 5899 alitionem
495 5842 529 5897 ad
539 5839 688 5910 principem
699 5836 763 5908 Tyri
776 5850 867 5892 sermo
881 5835 1001 5905 loquitur
1017 5835 1128 5890 dicens:

343 5953 351 5985 ι
368 5933 455 5991 llorte
468 5931 720 5989 incircumcisorum
742 5927 868 5984 morieris
882 5927 908 5982 in
925 5926 1050 5983 manibus
1061 5927 1131 5984 alie-

339 6040 448 6092 norum,
464 6022 528 6095 guia
550 6037 600 6094 ego
616 6022 723 6083 locutus
748 6035 818 6086 suro,
832 6018 876 6075 die
889 6026 897 6068 ι
910 6017 1015 6073 Adonai
1038 6016 1130 6074 borut-

500 6113 638 6174 Purnot.
660 6111 743 6174 Clll.

1179 4915 1266 4984 ipsum
1277 4930 1325 4984 per
1335 4913 1436 4980 omnia,
1448 4914 1552 4969 scilicet
1561 4915 1587 4968 in
1603 4915 1749 4975 collatione
1757 4920 1895 4987 virtutum,
1906 4933 1933 4977 ct
1943 4925 1970 4980 in

1179 5012 1324 5077 augmento
1335 5004 1518 5074 premiorum.
1532 5004 1667 5062 Posthac
1679 5008 1748 5063 redit
1760 5008 1858 5066 iterum
1870 5028 1971 5069 memo-

1180 5106 1238 5152 rata
1250 5098 1420 5166 prophetissa
1433 5097 1467 5152 ad
1479 5100 1653 5169 exponendas
1673 5117 1767 5171 poenas
1779 5103 1897 5161 hostium
1909 5122 1972 5164 suo-

1180 5207 1252 5255 rum,
1266 5190 1373 5245 aedicit
1388 5209 1393 5243 :

1218 5300 1228 5331 r
1247 5281 1292 5335 Vae
1306 5282 1379 5352 gcuti
1401 5281 1549 5354 insurgenti
1565 5299 1646 5355 super
1660 5302 1744 5358 genus
1757 5304 1846 5343 meum
1861 5311 1866 5345 :
1881 5292 1970 5348 homi.

1183 5389 1258 5427 «uus
1282 5374 1353 5427 cuitu
1374 5373 1544 5441 omuiputcns
1565 5376 1713 5431 vindicabit
1736 5380 1762 5433 iu
1787 5382 1835 5435 eis.
1856 5383 1972 5441 »Genus

1180 5481 1258 5519 suurn
1272 5465 1337 5519 dicit
1349 5466 1420 5519 uiros
1431 5466 1549 5521 cultores
1563 5467 1621 5533 Dei,
1634 5471 1667 5525 de
1680 5487 1733 5540 quo
1749 5472 1775 5526 iu
1787 5472 1895 5527 Psulrno
1907 5476 1971 5530 scri·
1984 5469 1989 5481 '

1180 5567 1254 5624 ptum
1263 5563 1304 5609 est
1316 5574 1322 5608 z
1333 5576 1341 5606 ι
1355 5554 1465 5609 ancst
1478 5559 1615 5628 generatio
1626 5561 1803 5628 qrrrercutirua
1819 5562 1971 5627 bertuinum,
1984 5562 1987 5567 '

1181 5648 1377 5719 requirentium
1391 5648 1486 5703 lacieru
1501 5649 1548 5704 hei
1559 5649 1642 5705 lacoh
1654 5649 1832 5721 (Prolatus).
1850 5675 1858 5703 r
1875 5653 1894 5706 l:
1909 5668 1964 5706 cot·

1183 5747 1265 5801 trario
1277 5754 1317 5799 est
1330 5745 1373 5797 illa
1386 5747 1534 5816 generatio,
1544 5747 1595 5802 huc
1610 5757 1660 5809 est,
1669 5757 1784 5818 praraet
1792 5762 1928 5817 per-versa,
1938 5744 1985 5813 'dc

1183 5854 1235 5908 qua
1252 5836 1381 5892 heluinus
1392 5837 1419 5890 in
1432 5838 1578 5909 Evangelio
1594 5840 1648 5892 ait:
1665 5857 1674 5888 ι
1692 5839 1762 5893 Εεεε
1781 5853 1830 5907 ego
1846 5837 1924 5890 mitto
1936 5831 1987 5917 ad⁸

1183 5944 1231 5983 ros
1246 5929 1392 5998 prophetas
1405 5938 1433 5983 ει
1457 5931 1592 6000 sapientes
1608 5939 1635 5983 ct
1649 5930 1763 5983 serii-as.
1777 5928 1814 5981 Er
1834 5926 1886 5982 illis
1898 5929 1968 5985 occi-

1184 6021 1254 6076 detis
1266 6028 1293 6075 et
1307 6018 1480 6088 crucifigetis,
1494 6030 1521 6075 et
1534 6035 1567 6075 ex
1577 6020 1617 6075 eis
1628 6019 1800 6091 flagellabitis
1818 6021 1844 6077 iu
1859 6013 1985 6095 synage'

1699 6112 1741 6174 th
