4709 6767
363 638 436 694 lll5

805 634 986 692 dotttttts'l.
1006 635 1039 690 ts
1060 634 1363 692 ECCLESlASTlCUll.
1379 661 1415 676 -
1433 637 1498 692 Llll.
1518 636 1553 691 X.

1927 639 1996 696 llll

363 773 464 820 terram
476 757 708 831 repromissionis,
723 758 888 828 sepelierunt
904 773 966 813 enm
980 758 1008 812 in
1031 755 1151 821 Siebem,
1166 758 1191 818 A
1204 763 1265 827 pto,
1285 754 1355 826 apud
1370 753 1476 827 Syriam
1492 770 1557 809 vero
1574 763 1602 809 et
1615 753 1706 809 Asiam
1726 752 1870 820 Seleucus,
1885 763 1914 809 et
1924 754 1996 825 apntl

360 853 512 911 incivitate
537 851 675 921 patrissui
691 867 697 902 :
713 864 772 918 quar
795 856 822 902 et
835 863 908 903 urrne
922 847 1046 918 Neapolis
1070 862 1151 901 voca·

361 956 415 1012 tnr,
440 944 505 998 nrbs
532 940 765 995 Samaritanorum
789 939 857 1011 (los.
875 939 959 1009 xxiv).
987 937 1153 1008 Spiritaliter

359 1045 450 1090 antem
466 1032 519 1086 lroe
528 1031 599 1100 «guod
612 1029 722 1099 loscplr,
735 1029 805 1084 s'cnt
818 1038 896 1099 pater
909 1030 968 1099 ejas
982 1027 1075 1093 Jacob,
1092 1036 1151 1082 ter-

359 1141 418 1179 ram
434 1123 651 1194 repromissionis
678 1129 734 1175 tota
757 1129 846 1175 ruente
872 1121 1053 1185 desiderabat,
1076 1120 1152 1174 inco-

358 1217 497 1285 latumque
512 1213 622 1285 AEgypti
636 1214 796 1276 detestatur,
820 1227 870 1266 aas
886 1212 1007 1274 instruit,
1023 1222 1054 1268 nt
1065 1226 1152 1283 qrtan-

359 1309 405 1363 dia
428 1321 522 1361 sarnus
538 1307 564 1359 in
579 1306 630 1359 boc
647 1305 758 1368 runrrda,
783 1319 889 1373 seraper
913 1305 1096 1360 desideremus
1109 1304 1153 1358 in·

358 1399 432 1470 gredi
449 1407 550 1452 terram
564 1397 723 1460 viventium,
732 1396 820 1465 ibique
834 1398 1004 1466 requiescere
1016 1406 1150 1467 optemus,

358 1490 429 1559 ιριιιιΙ
453 1498 518 1543 tratre
542 1488 621 1557 digua
642 1487 682 1552 lrt,
699 1488 722 1541 si
749 1501 1039 1541 numerumnunerum
1063 1486 1153 1542 aetatis

359 1580 444 1648 ipsios
467 1578 588 1632 tatoribus
614 1577 764 1631 imitemur.
784 1575 897 1630 Centum
921 1584 1032 1647 ergoet
1059 1577 1151 1632 deceta

359 1670 421 1722 sitan
446 1668 598 1720 saturandis
618 1666 732 1735 capietis
759 1674 881 1719 trnntuns
907 1675 963 1731 est;
991 1675 1019 1720 et
1033 1677 1151 1721 nosstu-

358 1759 481 1822 alemans,
498 1772 551 1827 qno
567 1772 615 1826 per
628 1755 749 1825 decalogi
765 1754 964 1809 observantiam
976 1756 1010 1810 ad
1022 1765 1151 1811 aeternam

357 1849 563 1913 beatitudinem,
578 1865 660 1918 ιριιιιιιι
675 1846 849 1902 centenarius
866 1864 996 1903 numeras
1017 1848 1150 1919 designat,

358 1939 559 2008 perveniamus.

641 2026 755 2084 CAPUT
773 2028 868 2083 xxti.

643 2120 680 2173 De
693 2118 755 2175 sat
774 2130 797 2173 et
813 2120 885 2175 Sem.

396 2230 407 2262 a
429 2210 495 2266 Setia
508 2219 533 2264 et
547 2208 610 2265 Sem
623 2209 693 2279 apud
708 2209 832 2265 lrarnines
847 2209 960 2281 gloriam
976 2211 1065 2280 adepti
1077 2219 1151 2275 snat,

360 2324 369 2354 ι
387 2312 412 2356 et
427 2317 507 2371 snper
517 2300 747 2355 omncmanimarn
764 2304 790 2354 in
804 2302 907 2372 origine
917 2302 1034 2355 Adam.»
1051 2303 1152 2359 Ordine

356 2403 522 2465 prepostero
536 2393 610 2464 prins
626 2395 773 2463 propbetas
784 2394 884 2464 posuit,
899 2403 1026 2465 etpostea
1039 2384 1153 2466 patriar-

357 2492 424 2543 elras
437 2487 649 2558 antiquissimos.
666 2486 719 2539 Sed
731 2488 774 2540 bic
783 2501 849 2540 usas
863 2485 1097 2555 frequentissimus
1109 2496 1152 2541 est

358 2580 506 2650 Scriptura
515 2594 611 2641 sacrm,
623 2585 651 2630 nt
661 2576 718 2630 loca
731 2586 757 2630 ct
767 2587 886 2644 tempora
898 2576 924 2629 in
936 2576 1092 2630 narratione
1103 2592 1151 2630 sna

356 2677 513 2725 cornnrntet.
527 2669 594 2724 Satb
603 2683 668 2738 ergo
677 2668 747 2721 silius
758 2665 1152 2738 AdamctSeurprimogenitns

356 2761 412 2815 liae
426 2760 495 2829 apud
510 2757 752 2828 bonrincsglariatn
768 2755 858 2824 adepti
870 2764 942 2819 sunt,
955 2756 1017 2824 qttia
1027 2756 1152 2820 tamlide,

356 2845 1151 2923 ortametinnbonismoribasillinsaeviborniaibnspraulati

356 2938 1153 3017 sant,qnandoptnrnniidolotatriadeserviebant,evaeum

354 3039 483 3111 paenituit
506 3037 642 3091 bominem
671 3032 812 3088 soscrisse
839 3032 865 3084 in
883 3039 965 3084 terra.
987 3027 1040 3083 Sed
1066 3029 1088 3083 si
1110 3030 1154 3083 laic

355 3145 452 3185 sensus
476 3128 523 3184 tibi
548 3125 727 3196 displicuerit,
746 3121 902 3177 transferte
923 3121 956 3175 ad
981 3120 1150 3192 allegoriam,

356 3234 384 3278 et
396 3222 516 3292 intellige
528 3221 554 3274 in
568 3220 627 3273 istis
649 3217 752 3271 duabus
767 3214 921 3269 bominibus
935 3214 1017 3267 'bane
1028 3212 1153 3283 praefiga-

355 3325 457 3379 ratam,
474 3313 520 3383 qui
532 3312 603 3366 licns
615 3310 735 3364 etlromo
751 3315 803 3369 est,
820 3319 900 3374 qoem
914 3305 985 3358 Deus
998 3302 1079 3357 Pater
1093 3318 1153 3357 sus-

356 3406 476 3463 citavita
491 3404 617 3466 mortuis,
643 3410 670 3455 et
690 3397 831 3453 constitnit
859 3394 894 3448 ad
915 3393 1054 3447 dextoram
1075 3407 1151 3445 snam

1205 848 1363 903 llaeedoaes
1380 847 1539 918 Antigonus.
1562 847 1640 902 Patet
1659 845 1780 916 prolecta
1802 847 1830 901 in
1848 848 1901 902 boc
1924 850 2005 919 qaod,
2054 859 2066 872 “

1203 939 1283 1009 lnrjns
1306 939 1426 994 Simonis
1450 939 1608 993 modestiam
1630 949 1657 992 et
1678 939 1796 993 stadium
1820 937 1921 1008 liquida
1946 940 1998 997 ist-a
2027 977 2032 985 -

1203 1028 1282 1084 lesus
1303 1030 1459 1099 expressit,
1482 1029 1554 1098 qnod
1579 1045 1634 1082 uno
1657 1030 1805 1098 eademqne
1828 1037 1947 1097 tempore
1969 1029 1997 1084 in

1204 1131 1283 1193 gente
1295 1119 1386 1175 ladaea
1398 1121 1477 1174 ambo
1488 1120 1578 1183 laere;
1594 1136 1656 1173 raam
1668 1121 1689 1174 si
1702 1120 1761 1190 ejas
1775 1120 1895 1174 vitamet
1906 1136 1996 1177 mores

1204 1214 1357 1284 ignoraret,
1372 1227 1541 1282 ncqtraqoam
1563 1220 1616 1265 tam
1631 1210 1745 1280 pleniter
1759 1213 1791 1264 de
1812 1226 1845 1265 eo
1860 1221 1994 1266 narraret.

1204 1303 1258 1357 Nos
1273 1312 1362 1356 antem
1384 1302 1455 1371 qnod
1470 1299 1550 1369 httjns
1567 1301 1616 1354 viri
1633 1309 1708 1355 actus
1727 1299 1789 1354 alibi
1804 1301 1916 1355 minime
1932 1301 1997 1371 legi-

1204 1410 1277 1458 mns,
1304 1394 1402 1464 ignotae
1424 1393 1463 1447 rei
1487 1393 1703 1463 explanationem
1728 1391 1816 1447 lacere
1842 1395 1996 1462 nequimus.

1203 1484 1284 1538 lanta
1303 1486 1446 1557 mysticum
1467 1500 1532 1540 vero
1553 1500 1661 1539 sensnm
1682 1484 1761 1554 ludas
1780 1485 1898 1542 Simonis
1921 1497 1997 1544 aetas

1203 1574 1351 1631 laudabiles
1370 1584 1396 1630 et
1420 1585 1559 1630 strenuam
1582 1576 1762 1631 ministeriam
1787 1579 1821 1632 ad
1841 1587 1996 1633 sanctarum

1204 1666 1343 1721 doctorum
1367 1667 1490 1721 ordinem
1515 1674 1542 1719 et
1562 1665 1677 1721 officiam
1698 1666 1846 1722 transferre
1863 1668 1995 1734 valemus,

1206 1754 1304 1824 quibas
1321 1763 1383 1826 apte
1401 1755 1520 1810 Simonis
1533 1769 1631 1811 nomen
1653 1757 1792 1822 convenit,
1806 1758 1851 1827 qai
1866 1758 1998 1827 praedica·

1207 1846 1288 1901 tionis
1301 1847 1384 1901 verbo
1397 1847 1545 1901 irunranam
1558 1862 1643 1918 genus
1659 1848 1692 1901 ad
1704 1849 1890 1918 poenitentiam
1903 1865 1998 1919 peeca-

1204 1950 1292 1995 torum
1307 1949 1465 2010 provocant,
1481 1948 1508 1994 et
1523 1942 1658 1997 mandatis
1672 1942 1719 1996 Dei
1732 1941 1841 1997 obedire
1856 1944 1996 1999 mandant.

1203 2032 1399 2103 interpretatur
1412 2041 1501 2085 antem
1516 2031 1608 2086 Simon
1622 2048 1691 2103 pone
1704 2049 1848 2089 mmrorem
1860 2076 1867 2100 ‚
1881 2034 1996 2090 velandi

1166 2111 1190 2170 B
1205 2124 1353 2178 tristitiam.
1368 2124 1467 2179 ieram
1483 2124 1533 2178 iste
1546 2123 1640 2178 Simon
1654 2124 1782 2193 spiritalis
1796 2135 1918 2194 tempore
1929 2142 2000 2196 prte-

1204 2218 1289 2271 sentis
1309 2218 1372 2271 ritae
1389 2231 1514 2271 sermone
1533 2216 1662 2270 doetrinae
1682 2214 1800 2271 snlinleit
1820 2217 1930 2272 domum
1948 2218 2000 2272 Ec-

1204 2309 1311 2372 elesia,
1337 2317 1363 2362 ct
1386 2309 1543 2363 corroborat
1570 2307 1698 2377 templum
1719 2309 1753 2362 de
1774 2308 1844 2364 rivis
1866 2309 1999 2379 lapidibus

1204 2408 1407 2463 construetmn3
1427 2399 1517 2467 templi
1533 2400 1615 2453 etiam
1629 2400 1742 2455 altitudo
1759 2403 1794 2455 ab
1813 2402 1871 2471 ipso
1887 2402 1997 2457 lundata

1204 2500 1255 2545 est.
1273 2491 1374 2560 Duplex
1391 2492 1540 2552 adiliratia,
1558 2492 1657 2546 excelsi
1673 2493 1790 2562 parietes
1806 2494 1908 2563 templi.
1924 2494 2000 2549 Unde

1204 2597 1253 2651 pcr
1270 2582 1382 2635 Panlnm
1403 2583 1501 2636 dicitur
1523 2599 1529 2633 :
1551 2599 1559 2631 t
1582 2582 1628 2635 Dei
1649 2583 1721 2636 enim
1742 2598 1836 2637 sumus
1850 2582 1998 2651 adjutores,

1205 2671 1252 2726 bet
1268 2672 1432 2742 agricultura
1447 2672 1524 2735 estis,
1539 2671 1585 2725 liei
1600 2671 1742 2725 collidentia
1756 2673 1831 2726 estis.
1845 2670 1998 2726 Secttndam

1205 2761 1335 2830 gratiam,
1351 2778 1411 2831 aaran
1429 2762 1491 2815 data
1505 2769 1546 2815 cst
1562 2762 1645 2826 mibi,
1662 2771 1690 2814 nt
1710 2762 1817 2833 sapiens
1834 2762 2001 2816 architectus

1205 2848 1408 2904 laudamentum
1433 2852 1508 2920 pasni
1536 2869 1543 2905 ε
1572 2851 1641 2906 alins
1664 2861 1754 2907 antem
1781 2853 1998 2921 superandilieat;

1206 2941 1391 3011 nrrtrsqnisqne
1417 2950 1507 2996 antem
1532 2943 1623 2997 videat
1646 2943 1780 3012 quomodo
1803 2943 2002 3012 superaedificet

1206 3035 1238 3106 (l
1254 3036 1315 3090 Cor.
1337 3037 1395 3108 ιιι).
1416 3056 1427 3090 r
1447 3037 1663 3091 Fundamentum
1684 3046 1773 3092 auteur
1795 3036 1876 3105 brtjus
1894 3038 2001 3093 aedilicii

1205 3128 1284 3196 qtrale
1297 3129 1332 3182 sit
1347 3137 1512 3183 naernoratns
1527 3129 1664 3198 apostolas
1683 3129 1867 3199 subjungendo
1886 3130 2002 3185 manile·

1206 3227 1281 3273 stat:
1299 3236 1309 3269 ι
1332 3218 1546 3273 Fundamentum
1565 3220 1636 3273 enirn
1657 3219 1728 3272 alind
1748 3235 1828 3273 nemo
1843 3227 1932 3289 potest
1951 3236 2001 3290 po·

1205 3322 1280 3371 nere,
1295 3316 1394 3378 praeter
1407 3308 1433 3361 id
1448 3308 1519 3377 qnod
1533 3309 1650 3379 positam
1664 3317 1717 3371 est,
1731 3309 1802 3377 qaod
1817 3317 1859 3363 est
1875 3308 2000 3366 Christus

1205 3400 1294 3457 lesus.
1310 3420 1319 3454 ι
1334 3402 1463 3456 Doctores
1477 3418 1541 3472 ergo
1554 3401 1639 3455 sancti
1653 3401 1744 3470 templi
1758 3402 1927 3457 altitudinem
1937 3402 2001 3458 lan·

356 3498 383 3552 in
398 3496 554 3553 coelestibns
567 3509 648 3563 snpra
660 3504 767 3546 omnem
782 3485 974 3559 principatum.
989 3491 1016 3536 θῑ
1034 3490 1151 3552 limesia·
1166 3483 1189 3545 C
1205 3492 1285 3556 dard,
1312 3492 1420 3561 qnando
1435 3492 1535 3546 ctnisd
1556 3492 1785 3558 incarnationem,
1805 3494 1957 3562 passionem
1974 3504 2003 3551 et

357 3598 423 3655 tem,
438 3598 465 3644 et
481 3589 619 3649 virtutem,
634 3591 662 3637 ct
674 3582 896 3642 dominationem,
912 3586 1029 3635 etonrae
1040 3591 1151 3642 nornen,

357 3681 428 3751 quod
441 3679 604 3739 nominator,
619 3691 671 3728 nam
685 3673 771 3728 solnm
782 3673 808 3724 in
823 3671 874 3726 boe
887 3670 994 3733 sacculo,
1006 3669 1054 3724 sed
1069 3668 1152 3722 etiam

356 3775 385 3830 in
399 3774 501 3834 laturo,
513 3778 540 3824 et
552 3769 642 3823 otrrrria
655 3764 769 3833 subiecit
781 3765 831 3819 sub
846 3763 959 3835 pedibus
969 3763 1038 3834 ejus.

641 3879 754 3935 carot
774 3876 858 3933 xxx.
1153 3948 1156 3953 .

356 3980 397 4035 De
412 3978 516 4035 Simone
530 3975 586 4045 filia
607 3972 681 4027 Onia
695 3971 855 4034 sacerdotis,
877 3966 947 4039 qaod
961 3976 1082 4020 cariatone
1095 3963 1154 4032 [tte-

394 4052 428 4104 rt‘t
447 4050 474 4102 in
488 4050 581 4100 timore
597 4043 666 4108 bet,
686 4053 709 4096 et
723 4039 847 4112 tenrplnm
862 4037 969 4092 Datami
982 4035 1092 4103 mirifice
1104 4032 1153 4087 ad·

395 4119 536 4174 orrracerit.

394 4233 471 4307 (Cae.
487 4233 526 4303 a.)
543 4251 551 4281 ι
570 4229 662 4285 Simon
678 4227 753 4283 Ouiae
772 4226 858 4292 salias,
883 4222 1010 4279 sacerdos
1030 4235 1153 4292 magnus,

361 4348 370 4378 ι
391 4327 437 4397 qui
454 4325 481 4379 in
499 4324 553 4377 vita
568 4337 617 4376 sna
632 4318 748 4374 sullnlsit
763 4318 871 4372 domam
881 4355 889 4380 ,
901 4323 933 4369 et
949 4314 976 4367 in
991 4311 1085 4368 dicbus
1098 4308 1155 4364 suis

361 4415 577 4475 «corroboravit
596 4412 734 4482 templum.
757 4408 860 4477 Templi
884 4406 966 4462 etiam
984 4404 1097 4459 altitudo
1121 4401 1156 4456 ab

361 4530 370 4561 ι
389 4510 451 4579 ipso
465 4506 575 4561 lundata
590 4511 647 4567 est,
664 4502 763 4572 duplex
782 4497 943 4560 adilieatio,
958 4506 984 4551 et
997 4495 1095 4550 excelsi
1108 4509 1156 4563 pa-

361 4622 369 4651 ι
390 4602 474 4654 rietes
490 4595 591 4666 templi.
612 4613 621 4645 ι
639 4593 702 4646 Post
721 4592 825 4660 priores
838 4597 930 4658 patres
943 4587 1059 4656 scriptor
1072 4585 1156 4639 bisto-

358 4693 407 4746 rian
426 4690 459 4743 ad
480 4687 520 4742 sni
537 4684 666 4754 temporis
680 4681 803 4753 pervenit
821 4680 952 4734 homiues.
974 4677 1041 4731 llam
1063 4675 1155 4730 Simon

359 4783 412 4836 iste
429 4779 500 4832 itlius
512 4776 563 4830 luit
577 4774 668 4836 enta,
685 4770 731 4842 ιριί
746 4769 780 4824 de
792 4767 904 4823 Simone
918 4773 1096 4836 cognomento
1109 4763 1156 4818 Ju-

1207 3587 1433 3642 resnrreetionem
1453 3586 1479 3641 in
1495 3584 1547 3639 lade
1561 3585 1727 3639 credentiam
1744 3584 1892 3650 collocant,
1911 3593 1941 3639 ut
1957 3594 2000 3640 to·

1207 3680 1260 3736 tias
1275 3678 1381 3733 aedilicii
1396 3694 1514 3741 summa,
1529 3677 1579 3731 boc
1593 3686 1634 3730 est
1649 3676 1711 3730 boni
1726 3676 1815 3745 operis
1828 3674 1924 3741 lorma,
1941 3675 2002 3731 iude

1206 3779 1361 3839 consurgat.
1381 3770 1457 3824 liade
1478 3770 1507 3823 tit
1521 3770 1592 3841 (prod
1607 3767 1705 3837 duplex
1721 3767 1867 3822 aedificatio
1880 3768 2003 3823 excelsos

1205 3859 1323 3928 parietes
1344 3857 1435 3926 templi
1450 3857 1548 3922 iaciat,
1562 3856 1670 3925 qrraado
1685 3857 1767 3909 rerba
1779 3863 1808 3909 et
1824 3858 1949 3926 exemplo
1968 3857 2002 3911 (le

1205 3949 1305 4005 ludaeis
1322 3959 1350 4005 ct
1369 3950 1495 4019 gentibus
1509 3948 1639 4016 plurimos
1652 3947 1685 4000 ad
1702 3961 1792 4022 arcem
1806 3946 1936 4000 virtutum
1952 3947 2001 4001 do-

1206 4038 1291 4094 eeudo
1309 4046 1337 4092 et
1352 4036 1521 4092 eslrortando
1536 4037 1657 4105 erigmn3
1679 4035 1795 4103 parietes
1811 4035 1883 4089 caim
1904 4034 2002 4089 domus

1206 4129 1253 4183 Dei
1273 4128 1300 4182 ia
1316 4128 1484 4197 expositione
1498 4127 1691 4181 catholicorum
1712 4124 1823 4178 Patrnm
1837 4125 1904 4179 duos
1918 4139 2003 4192 popu·

1206 4219 1247 4274 los
1262 4218 1412 4274 intellectas
1424 4232 1485 4272 esse
1506 4216 1671 4287 reperimus,
1690 4223 1718 4269 ct
1736 4214 1848 4277 merito,
1864 4213 1927 4281 orda
1940 4213 2002 4266 inde

1207 4324 1371 4379 consurgens
1385 4316 1521 4362 structura
1534 4307 1631 4361 crescit
1644 4306 1670 4359 in
1689 4303 1817 4374 templum
1832 4310 1956 4357 sanctum
1973 4301 2001 4355 ia

1207 4402 1331 4457 ὓοιιιίιιο.

1246 4515 1255 4546 ι
1266 4494 1295 4548 ln
1307 4494 1401 4549 diebus
1414 4494 1497 4562 ipsias
1508 4498 1716 4547 remanaverunt
1730 4489 1801 4558 putei
1816 4501 1959 4558 aquarum,
1974 4493 2001 4541 et

1211 4608 1220 4640 ι
1238 4587 1313 4658 qrrasi
1328 4604 1404 4641 mare
1415 4587 1552 4656 adimpleti
1565 4594 1627 4639 sunt
1639 4599 1719 4654 snpra
1732 4583 1850 4637 modum.
1866 4599 1875 4632 ι
1889 4580 2002 4634 Puteum

1208 4695 1341 4749 aquarum
1354 4695 1407 4733 noa
1419 4678 1501 4731 aliam
1515 4677 1611 4732 melios
1622 4675 1744 4744 accipere
1757 4687 1908 4742 possumus,
1921 4684 2003 4739 quam

1208 4769 1417 4840 prolanditatem
1447 4768 1565 4822 scientiar
1592 4776 1747 4820 sanctarum
1778 4762 2002 4831 Scripturarum,

358 4884 402 4927 sto
418 4877 527 4940 propter
542 4866 684 4920 sollicitam
701 4866 726 4919 in
743 4864 828 4919 Deam
844 4862 1000 4932 religionem
1020 4866 1049 4914 ct
1070 4858 1095 4911 ia
1112 4857 1151 4912 ci·
1165 4853 1192 4914 D
1204 4879 1264 4934 qnae
1281 4862 1308 4915 in
1328 4860 1427 4914 divinis
1444 4858 1520 4912 libris
1534 4857 1610 4926 pransi
1630 4854 1757 4910 conclusa
1775 4852 1869 4923 liguris
1889 4849 2000 4915 latebat,

358 4980 407 5018 ves
423 4975 487 5016 snos
504 4973 616 5028 pronam
635 4956 808 5010 elementiam
832 4961 912 5006 natus
929 4958 996 5005 erat.
1019 4948 1043 5002 ls
1063 4954 1154 5000 autem

358 5057 461 5119 Onias,
477 5061 506 5106 nt
520 5049 653 5119 Iosephus
671 5046 769 5111 relert,
785 5043 914 5120 parrulos
927 5048 1018 5095 mente
1030 5047 1058 5093 et
1074 5052 1154 5109 pecu-

358 5151 414 5207 niis
430 5161 529 5201 avarns
541 5145 673 5209 existens,
685 5139 829 5195 Ptolemae
843 5137 899 5208 regi
915 5136 1015 5190 tributa
1029 5147 1080 5188 non
1098 5131 1157 5187 red·

357 5239 444 5303 dens,
464 5236 497 5290 ad
512 5236 579 5290 iram
593 5248 656 5289 eom
669 5229 784 5301 impulit.
797 5227 896 5283 ilerum
909 5226 1042 5296 loscpbas
1059 5225 1099 5278 vir
1111 5223 1154 5277 in-

359 5343 403 5386 ter
425 5341 490 5383 suos
513 5325 627 5390 nobilis,
647 5323 751 5394 legatus
770 5336 786 5375 a
808 5318 907 5374 iudeis
927 5318 960 5373 ad
979 5314 1155 5371 Ptolemaeum

357 5424 474 5488 missos,
485 5435 545 5475 enm
561 5416 771 5473 familiaritatem
787 5413 857 5484 regis
871 5412 906 5466 ob
923 5410 1038 5482 plurima
1053 5408 1080 5462 in
1094 5419 1154 5460 eom

358 5514 509 5571 meruisset
527 5508 671 5577 obsequia,
691 5506 744 5560 dtas
760 5501 859 5557 iudaeae
876 5510 903 5555 et
919 5499 1056 5569 regionam
1076 5494 1157 5549 finiti·

358 5618 471 5662 marum
491 5598 673 5657 constituitur.
695 5595 799 5650 llortuo
821 5600 909 5647 antem
929 5589 1057 5661 praedicto
1076 5586 1155 5652 Oula,

357 5694 546 5769 principatum
559 5688 703 5747 sacerdotii
718 5685 823 5741 Simoni
846 5684 900 5739 salio
924 5680 1086 5749 dereliquit:
1102 5692 1157 5747 quo

357 5788 448 5846 etiam
460 5797 566 5839 mortno
579 5782 649 5837 salins
662 5778 720 5849 ejas
730 5778 812 5834 Onias
822 5778 849 5832 in
859 5776 962 5830 honore
974 5770 1157 5837 successit,ad

356 5894 445 5951 quem
461 5891 507 5930 ren
522 5872 786 5929 Lacedaemoniorum
802 5869 897 5924 Darius
910 5867 1070 5938 legationem
1084 5864 1157 5918 dire·

356 5971 403 6029 xit
417 5977 446 6022 et
459 5965 595 6038 epistolas.
615 5962 677 6018 Fuit
695 5970 784 6016 autem
802 5960 847 6014 lrie
864 5959 959 6013 Simon
979 5954 1096 6028 pontifex
1111 5952 1158 6007 ln-

356 6065 484 6121 alaeortnn
496 6067 626 6132 terrrpurc,
642 6072 695 6126 qao
705 6054 865 6110 Ptolenncus
878 6052 1023 6122 Evcrgctes
1038 6050 1062 6103 in
1074 6046 1158 6129 ,Ἐρρ-

1206 4954 1253 5008 sed
1268 4961 1422 5008 sanctornm
1436 4950 1642 5019 praedicatorum
1657 4963 1705 5001 ore
1721 4946 1754 5000 ad
1768 4943 1947 5014 plurimorum
1959 4955 2003 4994 sa·

1207 5044 1327 5099 tietatem
1348 5043 1425 5113 qnasi
1449 5056 1524 5096 rnare
1542 5040 1726 5104 redundabat;
1747 5036 1819 5106 arrad
1839 5034 1912 5089 enim
1926 5033 2002 5103 prins

1207 5133 1283 5203 quasi
1306 5132 1451 5187 obscurum
1483 5131 1585 5184 latebat
1612 5130 1639 5183 iu
1661 5127 1795 5199 profando
1818 5123 1941 5196 mysterii
1955 5121 2002 5176 ad-

1208 5233 1330 5295 apertum
1346 5221 1481 5293 prolatam
1494 5228 1536 5277 est
1552 5235 1602 5291 per
1614 5219 1733 5274 laborem
1750 5214 1934 5287 predicatoris
1954 5226 2002 5268 or·

1209 5314 1330 5371 tbodaxi.

1248 5425 1258 5459 ι
1276 5405 1326 5473 Qui
1345 5405 1449 5461 curavit
1470 5410 1576 5475 gentem
1596 5416 1688 5464 snam,
1710 5407 1738 5455 et
1755 5398 1881 5453 liberavit
1900 5396 2002 5450 illama

1215 5518 1224 5551 ι
1239 5498 1368 5570 pernicie.
1384 5517 1393 5551 r
1414 5496 1551 5567 Evangelii
1567 5493 1671 5550 scilieet
1682 5492 1776 5555 verbo,
1792 5497 1819 5545 et
1830 5485 2003 5558 baptismatis

1211 5598 1397 5652 sacramento,
1417 5587 1543 5642 liberavit
1565 5585 1702 5639 auditores
1725 5597 1788 5637 snos
1805 5594 1820 5632 a
1840 5575 1958 5646 peccatis
1974 5583 2002 5629 et

1211 5678 1393 5734 dorniaatione
1406 5676 1522 5731 Satanae.

1251 5791 1260 5822 ι
1276 5771 1326 5837 Qui
1344 5770 1485 5841 praevaluit
1504 5767 1670 5838 amplificare
1691 5764 1842 5822 ciuitatem,
1864 5774 1874 5808 r
1895 5753 2002 5824 qnando

1209 5864 1382 5935 pergratiam
1393 5862 1492 5917 Christi
1504 5859 1710 5931 praedicatorum
1719 5852 1795 5907 labor
1804 5845 2002 5919 proiciebatur!

1210 5954 1387 6026 plurimorum
1400 5950 1524 6007 salntem.
1537 5950 1639 6004 Civitas
1648 5946 1719 6000 enim
1730 5942 1777 5996 Dei
1791 5946 1886 5994 saneta
1897 5943 1940 5991 est
1952 5936 2004 5990 Ee-

1210 6046 1302 6103 clcsia.
1316 6047 1353 6100 lic
1364 6059 1417 6113 qna
1432 6043 1457 6095 in
1470 6039 1574 6110 psalmo
1585 6037 1714 6107 seriptum
1725 6041 1767 6087 est
1782 6045 1789 6085 t
1804 6047 1814 6081 ι
1830 6026 1952 6085 Gloriosa
1962 6024 2005 6082 di-
