4709 6767
344 631 404 691 405
803 618 981 677 conuehi.
1001 616 1035 672 ΙΝ
1054 611 1333 671 rhhahiibtihtih.
1352 641 1388 654 -
1406 611 1471 668 titi.
1489 609 1521 665 ll.
1932 614 1983 671 506

387 741 475 810 Super
484 734 595 791 candos
607 749 667 789 reso
684 711 931 798 libii-ismahelites,
950 741 975 786 et
994 746 1073 801 seper
1084 729 1138 784 osi·
1151 727 1176 785 Α
1189 740 1238 797 per
1252 725 1436 781 conversionis
1454 721 1642 780 rectitudinem
1666 722 1852 780 efficiebantur
1875 730 1984 797 requies

351 847 399 887 asos
420 826 533 883 lodoico
560 821 759 878 Neronotiritss.
784 821 837 877 Por
854 820 973 877 camelos
993 829 1021 875 et
1039 820 1139 886 asinos,
1192 818 1249 873 hei.
1267 818 1343 874 Unde
1354 817 1483 873 Dominus
1500 829 1548 885 per
1564 815 1723 885 prophetam
1737 816 1776 870 ait
1789 830 1797 870 ι
1811 814 1895 886 Super
1906 834 1983 887 paens

354 935 413 993 quae
430 914 562 973 deformia
581 920 609 967 et
629 912 768 967 immunda
788 919 852 966 sunt
872 910 1008 976 animalia,
1028 916 1142 980 possunt
1192 910 1333 980 requiescet
1346 907 1461 977 Spiritus
1475 921 1557 969 mear,
1573 905 1624 959 sisi
1641 920 1720 975 snper
1732 903 1857 960 bomilcar
1872 915 1897 960 et
1911 908 1972 971 grie

355 1008 467 1081 gentiles
478 1003 594 1075 exprimi
610 1020 617 1056 :
631 1002 676 1073 qui
690 1001 826 1071 quondam
846 999 1003 1055 fortitudine
1017 1008 1143 1070 peccato
1192 1011 1258 1069 torn,
1273 1012 1298 1056 et
1310 1009 1461 1055 trementem
1468 1013 1598 1053 senrmnes
1613 996 1705 1051 sneosl
1718 994 1797 1067 (isai.
1813 996 1983 1067 uxuriQuod

354 1114 414 1157 rum
429 1096 579 1167 deprarari,
600 1109 656 1149 sure
674 1100 856 1147 exercuerunt
872 1091 1068 1146 immunditiam
1083 1089 1143 1144 libi·
1192 1102 1282 1147 autcm
1296 1088 1480 1161 subiungitur:
1490 1086 1526 1142 iii
1538 1095 1612 1142 erant
1625 1102 1685 1140 cans
1699 1085 1763 1155 filiis
1776 1087 1855 1156 repis,
1865 1090 1985 1143 ostendit

356 1189 435 1253 dinis,
454 1188 502 1243 sed
515 1184 752 1255 inpossessioncm
768 1198 801 1239 ao
818 1197 930 1250 regnum
949 1183 1033 1238 iiarid
1057 1182 1143 1237 nostri
1192 1180 1319 1236 doctores
1335 1186 1445 1234 sanctos
1459 1176 1578 1232 ildeiium
1592 1174 1731 1239 custodes,
1745 1175 1791 1244 oui
1805 1189 1884 1230 sacris
1896 1176 1986 1247 bapti·

355 1280 494 1335 venientes
508 1282 672 1345 acceperunt
684 1288 765 1344 super
783 1288 812 1329 se
826 1273 969 1343 magistros
981 1272 1042 1327 libii
1055 1279 1082 1326 et
1095 1269 1141 1327 ia·
1193 1279 1280 1326 emate
1303 1268 1455 1341 regenerati
1477 1281 1527 1338 pcc
1549 1264 1668 1337 Spiritus
1687 1265 1775 1320 sancti
1797 1265 1913 1335 gratiam
1933 1265 1983 1323 liei

355 1369 455 1433 daiam,
478 1366 526 1437 gui
550 1371 707 1435 spernentes
725 1361 920 1433 philosophiam
944 1363 1091 1417 humanam
1116 1368 1144 1417 et
1193 1367 1431 1416 essemeruemnt.

356 1461 464 1515 inanem
490 1456 624 1511 iallaciam
646 1455 757 1520 mundi,
785 1454 921 1523 clegerunt
945 1453 1143 1523 simplicitatem
1228 1448 1380 1521 ,lebitopisei
1391 1449 1470 1503 etiam
1482 1444 1649 1502 consolantes
1663 1446 1740 1517 regis.
1754 1444 1823 1514 Quid
1838 1461 1887 1517 per
1898 1446 1982 1502 Achi-

357 1545 492 1618 Evangelii
501 1545 613 1609 Christi,
632 1559 684 1599 non
700 1559 730 1599 se
747 1558 858 1614 magnos
869 1544 997 1598 aestimari
1011 1543 1141 1608 roicntcs,
1194 1543 1295 1615 tophel,
1309 1542 1355 1613 qui
1379 1541 1514 1612 quondam
1529 1537 1612 1594 liarid
1630 1537 1801 1595 consiiiarius
1812 1538 1873 1605 luit,
1894 1549 1922 1595 et
1933 1555 1982 1610 po-

358 1635 528 1691 sedhomihse
541 1643 570 1688 et
583 1634 724 1704 despectos
743 1631 812 1704 (Coi.
833 1632 874 1704 ιι).
887 1632 962 1700 Quod
976 1648 1070 1689 eorum
1092 1649 1142 1691 no-
1194 1643 1263 1700 stes,
1280 1633 1428 1704 cupiditate
1451 1631 1622 1701 depravatus,
1646 1644 1708 1685 com
1721 1628 1840 1685 Absaion
1859 1631 1893 1685 de
1917 1647 1983 1687 nece

358 1725 429 1779 mina
448 1732 542 1794 aperte
559 1723 757 1777 demonstrant.
779 1721 846 1776 iiam
867 1720 928 1777 Ubii
952 1723 1144 1792 interpretatur
1195 1728 1279 1799 ipsius
1290 1724 1436 1788 tractabat,
1459 1720 1606 1777 nisiiudas
1619 1718 1755 1786 Scarioth,
1773 1720 1819 1790 qui
1832 1719 1866 1773 de
1878 1728 1984 1789 aposto

358 1813 452 1868 nelias
466 1813 508 1869 rei
522 1812 662 1883 insipiens,
682 1819 710 1867 et
721 1810 829 1866 ladaias
839 1812 979 1867 dimidians
992 1813 1053 1882 [sit.
1069 1813 1144 1869 Unde
1193 1817 1264 1873 latus
1283 1815 1401 1870 cuimine
1425 1813 1452 1867 in
1476 1810 1636 1883 proditionis
1658 1808 1764 1864 ioreanr
1785 1807 1891 1875 occidit,
1919 1810 1986 1864 insi-

359 1916 385 1961 et
397 1906 496 1961 hoctor
513 1905 632 1975 gentium
644 1904 791 1960 Corinthiis
808 1904 922 1975 superbe
939 1906 974 1961 de
985 1921 1014 1961 se
1028 1907 1145 1962 sentien-
1195 1907 1311 1964 nuasnri
1324 1905 1401 1974 Quod
1415 1905 1484 1960 bene
1498 1899 1659 1959 vocabulum
1667 1899 1828 1970 achitophel
1840 1900 1983 1970 exprimit;

359 1998 429 2052 tibus
440 1997 560 2052 scribens
578 1996 633 2051 ait:
655 1994 743 2050 i'idete
757 1998 825 2051 enirn
845 1998 1002 2052 reensionem
1020 2008 1144 2063 nestram,
1197 2000 1392 2069 interpretatur
1408 1994 1480 2050 enim
1496 1993 1579 2061 [rotor
1592 2007 1665 2046 atses
1676 1989 1783 2056 rodens,
1797 1990 1855 2045 sive
1868 1989 1984 2055 irruens,

360 2085 462 2154 fratres,
477 2086 540 2151 osio
562 2101 614 2140 non
629 2084 704 2138 molti
726 2086 853 2155 sopiemes
866 2086 1009 2140 secandam
1024 2102 1140 2153 earnem,
1155 2078 1180 2137 Β
1193 2105 1241 2146 sou
1256 2095 1381 2142 tractans.
1398 2083 1448 2140 llio
1461 2084 1533 2140 enim
1548 2083 1619 2138 inter
1632 2088 1745 2137 eeteros
1760 2080 1896 2150 apostolos
1910 2079 1986 2135 iami-

360 2192 409 2229 ooo
422 2174 498 2229 nuos
513 2184 637 2245 paeones,
652 2176 790 2230 nonnoni·
811 2177 919 2242 nostres,
935 2177 980 2232 od
993 2178 1142 2248 querceto
1192 2183 1319 2240 iteritatis
1331 2181 1419 2237 locum
1448 2193 1510 2235 cum
1538 2176 1596 2247 ipso
1623 2172 1764 2230 salvatore
1794 2172 1908 2239 bobum
1937 2172 1985 2227 seo

359 2264 521 2320 sustinendi
536 2264 610 2335 elegit
625 2263 703 2327 Deus,
718 2275 746 2318 ot
764 2266 907 2335 confundat
918 2266 1014 2337 sortio,·
1033 2276 1057 2320 et
1068 2268 1142 2337 igno-
1192 2282 1285 2345 possea
1306 2287 1367 2328 eum
1391 2269 1490 2325 Judaeis
1509 2266 1623 2322 avarius
1638 2265 1774 2330 seductus,
1794 2269 1907 2318 monem
1931 2262 1985 2319 po.

359 2355 418 2409 bilio
433 2356 534 2420 mansii,
545 2364 569 2408 et
583 2354 782 2425 contemptibilia
797 2355 873 2427 elegit
890 2357 971 2421 Deus,
984 2366 1008 2411 et
1020 2372 1079 2429 qao
1091 2373 1143 2411 non
1194 2365 1259 2421 mini
1285 2362 1450 2426 meditando,
1465 2366 1595 2430 perpetuo
1620 2355 1716 2412 mortis
1737 2353 1789 2411 sihi
1812 2354 1919 2410 ruinam
1942 2369 1986 2409 as-

359 2455 427 2511 tent,
441 2455 469 2500 ⁸⁸
480 2462 510 2500 θα
521 2462 580 2517 <1¹⁸oe
592 2456 651 2500 ⁸⁸²²!
662 2447 805 2501 destrueret
817 2461 827 2499 ·'
839 2456 867 2500 at
883 2464 935 2502 noo
949 2448 1075 2518 olorieittr
1088 2464 1144 2502 om·
1193 2453 1267 2509 civit.
1285 2452 1361 2509 Unde
1375 2458 1403 2506 et
1417 2446 1579 2518 achitophel
1591 2444 1676 2517 (sicut
1687 2443 1715 2499 in
1728 2441 1797 2498 libro
1808 2441 1911 2512 Regum
1922 2458 1984 2496 nar-

360 2538 398 2592 ii*
420 2553 483 2591 ΜΝ
501 2537 529 2590 ὓ·
547 2546 682 2606 ⁶⁰i¹⁸i²⁶⁶¹¹⁴
705 2538 762 2606 eim
786 2535 824 2608 (1
843 2535 903 2592 Cvr-
928 2554 936 2592 ¹
950 2540 970 2611 i·
998 2538 1032 2593 Ei
1055 2539 1141 2593 irem:
1194 2555 1270 2601 ratur
1281 2542 1330 2615 [ii
1343 2541 1408 2613 Reg.
1423 2538 1501 2613 xvsti)
1513 2539 1608 2595 sidens
1620 2550 1700 2592 suum
1711 2533 1853 2589 consilium
1866 2530 1985 2587 iniatua·

361 2626 453 2692 Nenso,
475 2626 572 2696 inquit,
596 2643 623 2681 se
641 2628 757 2681 retinent.
774 2626 805 2682 Si
818 2630 876 2697 qais
898 2629 999 2684 ridetur
1013 2629 1081 2683 inser
1099 2646 1143 2684 nos
1195 2646 1261 2699 sum,
1279 2635 1305 2690 in
1320 2635 1399 2690 domo
1414 2632 1523 2703 propria
1536 2629 1634 2699 laqueo
1651 2627 1736 2682 sitam
1749 2625 1827 2681 inire
1841 2623 1931 2697 clegit.
1945 2623 1986 2680 Si·
2097 2640 2104 2652 ·

361 2720 462 2789 sapim
473 2735 529 2773 esse
540 2720 567 2771 irs
580 2719 628 2772 boo
640 2719 746 2785 suenio,
758 2719 854 2774 steriles
866 2720 924 2788 fiat,
941 2730 969 2773 at
982 2722 1016 2774 sit
1029 2722 1142 2791 sopiens.
1194 2728 1295 2783 militer
1309 2734 1337 2781 ei
1359 2725 1452 2791 iudas,
1472 2722 1617 2795 Evangelio
1642 2729 1769 2785 testante,
1795 2719 1891 2775 ridens
1914 2717 1985 2787 quod

361 2806 495 2876 &olentia
511 2807 668 2876 ‘dimittito
685 2807 775 2861 mendi
787 2808 899 2862 stultitia
912 2818 949 2863 est
962 2810 1032 2879 antid
1047 2809 1141 2864 Deum·
1193 2817 1272 2873 iesus
1284 2817 1318 2872 ad
1329 2825 1443 2871 mortem
1455 2815 1598 2870 damnatus
1620 2818 1702 2873 essct,
1717 2810 1876 2881 pmnitentla
1892 2810 1988 2864 duetus

362 2897 492 2969 Scrinium
504 2908 542 2953 en
551 2899 640 2954 oa‘m:
655 2898 876 2968 Comprehendere
890 2902 1020 2971 sapientes
1034 2902 1062 2955 io
1074 2911 1145 2956 asso·
1195 2909 1288 2965 resntn
1303 2907 1412 2979 triginta
1425 2914 1569 2978 argenteos
1590 2902 1758 2975 principibus
1777 2900 1988 2957 memororum

360 2989 395 3043 tia
405 3005 496 3043 eoram
506 2990 539 3061 (i
554 2988 615 3045 Cor.
631 2991 683 3061 ssi).
699 2991 731 3044 Et
745 2992 861 3045 iterum:
882 2991 1007 3046 llorsinns
1022 2995 1091 3047 nouit
1103 3011 1145 3049 co·
1195 2999 1360 3063 senioribus,
1379 2996 1472 3053 dicens
1487 3014 1494 3051 ι
1508 2993 1619 3049 Perconi
1639 2992 1745 3048 tradens
1766 2991 1920 3062 torpuissent
1927 2989 1989 3060 jes·

361 3077 495 3147 piatiorms
506 3081 672 3149 sapientium,
686 3083 809 3152 qnoniam
823 3092 967 3138 oonoessnt
979 3083 1052 3155 (ibid
1064 3086 1084 3157 i.
1195 3099 1261 3143 tuns.
1281 3086 1367 3141 Atilii
1387 3087 1510 3141 dixerant
1526 3098 1535 3137 .·
1556 3084 1626 3150 bats
1645 3082 1680 3137 od
1693 3082 1762 3136 noel
1783 3090 1811 3135 iss
1831 3080 1937 3136 sideris.
1953 3078 1988 3133 Et

394 3168 480 3239 Super
499 3187 557 3225 ores
570 3188 670 3242 quoqne
681 3171 760 3226 Josiz
778 3172 904 3243 rigoroso.
923 3174 1019 3230 Ovium
1037 3180 1145 3236 nomine
1195 3178 1317 3249 projectis
1330 3176 1458 3248 argenteis
1471 3175 1499 3230 in
1514 3171 1608 3245 templo
1626 3172 1741 3237 recessit,
1756 3180 1780 3225 et
1793 3170 1883 3225 obiens
1895 3169 1989 3240 ingesto

360 3259 494 3329 simplices
503 3268 529 3315 et
540 3263 670 3318 mausueti
683 3263 795 3335 intelligi
807 3273 928 3334 possunt.
944 3266 994 3333 Qui
1004 3268 1075 3323 enim
1090 3269 1144 3327 iio·
1195 3283 1223 3321 ss
1234 3266 1368 3337 suspendit
1390 3263 1509 3337 (Hortis.
1524 3262 1620 3337 ιιιιι).
1639 3261 1757 3319 Possunt
1772 3275 1827 3318 non
1842 3261 1990 3331 incongrue

361 3348 489 3404 minioam
503 3352 665 3406 sententiam
683 3352 787 3409 actibus
802 3355 983 3425 prosequitur,
999 3373 1079 3427 quam
1093 3358 1146 3417 bo-
1196 3370 1246 3427 pet·
1256 3354 1415 3425 Acisitophei
1427 3354 1479 3425 ipsi
1492 3350 1577 3409 ludaei
1590 3351 1712 3424 intelligi,
1730 3352 1777 3423 qui
1796 3358 1904 3423 lilium
1918 3364 1989 3421 iim·

361 3437 449 3493 minus
473 3436 552 3495 lesus
572 3440 599 3494 in
622 3441 766 3511 Evangelio
789 3442 822 3495 ad
839 3444 984 3516 discipulos
1005 3420 1182 3517 proierenaC
1199 3446 1319 3515 rogatira
1344 3444 1488 3515 aliquando
1511 3450 1590 3499 erant
1614 3441 1769 3499 charissimi
1786 3440 1877 3515 (llorn.
1893 3439 1943 3512 rr).
1958 3454 1991 3495 ²⁶

361 3526 419 3581 ait:
438 3525 533 3582 Tollite
549 3531 645 3601 jugum
663 3547 749 3587 meane
768 3549 846 3604 snper
864 3552 918 3600 ons,
934 3537 1147 3597 etdiseiteonre
1198 3534 1377 3591 collocutione
1411 3533 1457 3589 liei
1483 3532 1645 3599 oariotmit
1671 3532 1719 3588 Μ
1744 3530 1932 3587 lssfflffl²¹i⁰¹¹⁰
1956 3544 1990 3585 ³⁰

360 3618 419 3688 gusia
441 3619 512 3672 mitis
520 3636 579 3674 sors
588 3630 612 3675 et
626 3620 732 3677 bomilia
746 3623 834 3689 eorde,
847 3635 870 3679 et
881 3626 1015 3682 inuenietis
1034 3632 1147 3700 requiem
1197 3625 1322 3695 passione
1344 3621 1534 3687 scandalllalis
1554 3620 1647 3678 ¹¹⁰⁸iiiii
1669 3618 1758 3677 ‘Mi
1781 3626 1844 3676 ΝΜ
1861 3618 1990 3674 crudeli*

361 3705 498 3761 ominales
513 3709 600 3764 sostris
614 3708 727 3781 (hatti.
739 3711 789 3782 ιι),
804 3712 847 3767 hic
861 3713 957 3769 merito
968 3716 1027 3771 ovis
1041 3717 1146 3774 homini
1198 3715 1281 3771 simi:
1305 3715 1375 3770 unde
1401 3713 1563 3784 condignam
1581 3724 1690 3782 poenam
1709 3710 1819 3766 'meritis
1843 3709 1899 3766 suis
1921 3708 1992 3765 rcci-

362 3806 539 3866 uuncupatur.
553 3798 607 3854 Sed
620 3802 715 3856 ovibus
732 3802 797 3856 Aris
810 3801 932 3875 Agareus
945 3808 1148 3876 pastorconsti-
1197 3807 1304 3877 pientes
1325 3820 1374 3876 per
1394 3806 1530 3861 itomanos
1556 3805 1693 3877 principes
1714 3804 1742 3860 iu
1763 3806 1844 3861 domo
1867 3803 1989 3875 proptia,

362 3887 453 3953 tuitur,
477 3889 542 3959 quia
557 3890 602 3945 iile
615 3892 661 3962 gui
684 3900 739 3947 tota
764 3901 855 3950 mente
873 3903 982 3968 totaque
998 3898 1098 3954 uirtute
1114 3900 1148 3954 ad
1199 3901 1251 3957 hoo
1262 3908 1313 3964 cst,
1327 3900 1355 3955 in
1367 3896 1518 3955 ierusalem
1535 3898 1623 3954 necati
1635 3906 1707 3954 sunt.

363 3975 466 4032 liomini
479 3980 620 4036 servitium
640 3996 671 4037 se
682 3984 825 4050 eonrertit,
844 3984 918 4039 etad
931 3983 1050 4042 loturam
1063 3988 1148 4043 sitam
1235 3991 1269 4046 iit
1282 3990 1380 4047 Cisosoi
1390 3990 1527 4045 Arachnes
1546 3990 1648 4046 ansius
1661 3989 1739 4060 regis.
1761 3988 1870 4053 chusai,
1885 3988 1932 4058 qui
1948 3987 1990 4041 in·

362 4072 415 4122 tota
434 4068 583 4125 intentione
598 4071 736 4137 anhelans,
750 4072 881 4128 soronam
894 4090 924 4130 se
936 4079 1148 4148 et‘pcregrinum
1200 4090 1364 4152 terpretatur
1376 4080 1510 4150 AEtbiops,
1525 4089 1553 4137 et
1567 4080 1650 4136 ilarid
1664 4080 1692 4135 in
1702 4079 1828 4135 omnihus
1840 4077 1991 4146 mmuansit

363 4154 388 4208 in
399 4154 453 4211 boo
465 4160 565 4214 mundo
578 4162 707 4231 agnoseit,
723 4163 780 4232 ipse
791 4172 864 4219 recte
878 4179 893 4219 a
907 4166 1020 4221 Domino
1034 4168 1148 4224 auxilia·
1198 4171 1296 4238 ildelis,
1321 4172 1442 4243 gentium
1464 4170 1591 4241 populum
1610 4169 1754 4242 signillcat,
1778 4168 1823 4238 gui
1845 4177 1989 4238 postquam

363 4253 414 4312 tus,
425 4250 515 4319 gregis
527 4249 660 4307 dominici
676 4254 824 4308 custodiam
837 4254 917 4326 digne
926 4255 1054 4324 explebit.
1199 4263 1234 4318 ad
1255 4261 1335 4318 iidem
1350 4262 1435 4326 venit,
1449 4275 1534 4330 usque
1551 4261 1578 4315 in
1597 4261 1677 4316 inem
1697 4259 1783 4316 ildeiis
1796 4259 1988 4331 perseveravit.

395 4341 531 4397 imiimi
545 4353 645 4411 tillim,
669 4356 778 4416 tuimet
795 4346 886 4411 David,
909 4348 1088 4426 conditoriis,
1112 4351 1150 4405 tr'r
1200 4354 1277 4412 Unde
1297 4356 1331 4411 de
1350 4364 1466 4423 utroque
1483 4353 1581 4424 populo
1594 4351 1803 4423 disjunctionem
1822 4351 1925 4408 iaciens
1938 4350 1991 4406 lio

363 4430 475 4497 prodens
485 4439 509 4485 st
519 4430 659 4498 litteratas,
674 4434 728 4504 ipse
739 4444 763 4488 et
774 4434 863 4490 loiris!
873 4434 945 4505 filias
957 4438 1110 4505 Achomoni,
1123 4440 1150 4495 isi
1199 4448 1289 4503 minus
1303 4462 1353 4517 pcr
1365 4444 1535 4501 Psalmistam
1550 4444 1608 4499 ait:
1625 4440 1754 4515 Populus,
1774 4461 1850 4515 qoem
1874 4460 1926 4499 nors
1949 4458 1992 4496 co·

363 4527 436 4571 erant
447 4535 506 4572 earn
518 4521 582 4590 filiis
604 4524 681 4594 repis.
697 4523 765 4591 Quid
775 4538 826 4594 per
839 4523 987 4594 Jonaiban,
1010 4529 1054 4598 qui
1068 4528 1151 4584 inter·
1199 4537 1286 4609 paoni,
1301 4535 1404 4590 seruicit
1427 4534 1491 4589 mibi
1508 4548 1518 4587 :
1534 4534 1566 4588 ab
1578 4533 1672 4588 ondin
1691 4534 1764 4589 oaris
1785 4534 1895 4589 obedivit
1915 4534 1990 4587 stibi.

364 4618 485 4679 pretatur
510 4612 616 4667 ilomini
639 4614 758 4680 dorsum,
780 4617 823 4671 vei
846 4618 966 4673 columbo
989 4620 1070 4686 dedit,
1098 4620 1150 4675 nisi
1200 4625 1358 4681 Filiioiieni
1378 4625 1479 4679 mentiti
1502 4633 1561 4678 sont
1582 4623 1656 4688 nsiiri,
1672 4622 1722 4691 titii
1737 4622 1816 4678 alieni
1833 4623 1990 4676 inveteresc-

364 4702 477 4771 apostoli
489 4703 670 4774 etpropbeiso
684 4706 730 4774 qui
742 4721 774 4759 cs
784 4708 873 4776 priore
884 4708 980 4778 populo
993 4724 1025 4765 ac
1037 4710 1151 4779 patriar·
1203 4725 1263 4772 rant
1278 4724 1302 4770 et
1312 4714 1523 4769 claudicaverunt
1534 4732 1551 4768 o
1565 4713 1663 4767 sensitis
1678 4712 1732 4767 seis
1745 4710 1831 4783 (Psoi
1850 4709 1928 4781 xvir).

364 4790 474 4846 ώιιιιιιι
489 4793 573 4860 stirpe
588 4793 791 4861 descenderant,
812 4795 979 4865 ligurantur?
993 4798 1025 4854 iii
1039 4816 1092 4855 non
1107 4818 1151 4858 so-
1240 4807 1301 4862 Post
1315 4805 1466 4876 Acisitopirei
1477 4804 1643 4861 consiiiarius
1660 4805 1828 4876 isodomon,
1847 4803 1919 4873 filias
1935 4802 1990 4857 iio·

364 4884 417 4939 lum
432 4883 522 4939 littera
538 4882 614 4956 tegis,
634 4886 681 4940 sod
696 4886 831 4956 spirituaii
845 4889 988 4957 prodentia
1002 4890 1072 4946 dono
1088 4892 1150 4964 Spi-
1202 4899 1271 4953 nnio
1285 4908 1309 4952 et
1322 4897 1460 4953 Abiotlsnr.
1483 4896 1559 4964 Quod
1580 4896 1607 4952 in
1621 4896 1709 4952 locum
1725 4895 1884 4965 Acbitophoi
1897 4893 1992 4949 loinda

364 4976 431 5032 ritus
447 4977 535 5046 sancti
554 4977 632 5047 piene
654 4978 790 5042 instructi,
815 4989 981 5036 secretorum
994 4984 1050 5038 s'eri
1068 4984 1151 5040 barini
1201 4989 1385 5053 substituitur,
1410 4986 1545 5059 significat
1565 4986 1637 5057 quod
1662 4985 1730 5042 larda
1752 4985 1945 5057 prevaricante
1959 4998 1991 5036 ac

365 5065 464 5120 conscii
475 5080 537 5121 esse
552 5076 716 5122 moruerunt.
732 5066 808 5123 Unde
823 5069 879 5140 ipsa
895 5072 1003 5127 Veritas
1016 5074 1042 5128 in
1063 5075 1151 5130 Eran-
1201 5080 1341 5136 decidente
1360 5077 1395 5132 de
1413 5075 1575 5147 apostolatu,
1597 5090 1651 5129 non
1674 5074 1803 5130 renransit
1818 5060 1992 5127 duodecimus

365 5155 430 5223 gelio
440 5157 541 5212 eisdem
554 5159 682 5229 apostolis
692 5160 729 5214 ait
742 5179 748 5213 :
760 5161 821 5216 Jnns
836 5179 887 5217 nors
900 5163 986 5217 dicans
1000 5182 1042 5219 uos
1053 5184 1149 5231 sessor,
1201 5173 1275 5230 loeus
1295 5182 1409 5234 vacuus,
1432 5167 1479 5223 sed
1499 5166 1527 5221 in
1552 5166 1638 5221 locum
1659 5164 1883 5237 praevaricatoris,
1911 5162 1992 5218 Petro

364 5250 525 5317 gsiosersns
540 5256 619 5304 nescit
634 5252 696 5321 qnid
710 5251 789 5320 sociat
808 5254 936 5309 Dominus
948 5256 1016 5326 ejus.
1039 5255 1089 5312 Vos
1102 5276 1150 5312 nn·
1202 5261 1362 5328 cariosisque
1384 5256 1513 5329 apostolis
1532 5257 1729 5322 ortiinoutibuss
1748 5255 1876 5311 successu
1893 5268 1991 5325 ⁰08⁰&

366 5346 414 5390 ren
427 5339 484 5392 disi
496 5341 604 5403 amieos,
617 5342 679 5412 quio
690 5342 778 5396 omorio
791 5360 951 5416 quoeunque
962 5346 1052 5400 andini
1066 5346 1150 5403 oPo·
1202 5367 1281 5408 scens
1302 5349 1419 5421 gratiam
1441 5348 1488 5404 liei
1511 5348 1636 5404 iiattbias
1658 5348 1768 5403 humilis
1792 5354 1873 5417 alque
1895 5345 1990 5408 fidelis,

367 5434 480 5494 irenses,
495 5438 558 5482 noto
572 5430 622 5499 [eei
640 5431 711 5485 nobis
724 5432 814 5504 (loon.
828 5434 884 5503 ιιι).
1202 5446 1248 5515 qui
1259 5445 1385 5516 gratiam,
1396 5458 1477 5513 guam
1490 5443 1561 5497 dono
1573 5440 1619 5496 hei
1634 5439 1763 5510 percepit,
1784 5438 1923 5493 humiliter
1935 5450 1992 5490 ser·

398 5514 467 5571 ilino
479 5519 598 5572 sociatus
616 5520 643 5574 in
661 5523 825 5578 consortium
849 5524 952 5580 consilii
972 5524 1059 5581 Jahici
1081 5525 1151 5581 lilius
1205 5535 1286 5589 rasit.
1302 5533 1378 5600 Quod
1397 5533 1465 5588 bene
1479 5532 1536 5602 ipsa
1549 5530 1657 5586 nomina
1669 5527 1771 5584 loiadm
1786 5535 1814 5582 ot
1828 5526 1991 5581 ilonaimsua

367 5601 520 5670 hehamnni,
539 5607 589 5662 hbe
608 5617 660 5674 est,
676 5610 712 5664 iili
734 5612 922 5681 predicatores
936 5613 1083 5685 Evangelii,
1103 5618 1149 5686 qui
1203 5622 1425 5692 interpretatione
1438 5620 1592 5678 ostendunt.
1600 5620 1793 5688 iuterpretatur
1808 5617 1879 5673 enim
1898 5614 1992 5668 loiada

369 5692 535 5765 degentibus
555 5700 589 5753 ad
603 5699 681 5755 iidem
700 5713 892 5759 consueuerant.
907 5704 984 5772 Quod
1003 5707 1071 5762 benc
1091 5709 1149 5780 ipsa
1203 5711 1349 5775 sciens,ch
1369 5727 1535 5782 cognoscens,
1547 5718 1576 5765 ct
1594 5708 1693 5765 Berroia
1718 5708 1863 5775 edificator
1876 5701 1990 5757 llotrdttt'·

370 5786 472 5840 stamina
498 5788 652 5857 exprimunt
670 5810 677 5843 :
694 5792 756 5861 quoia
779 5792 865 5849 Jalricl
891 5795 1084 5866 interpretatur
1110 5816 1151 5853 re·
1240 5803 1323 5868 Quieta
1339 5804 1410 5861 crrirn
1424 5802 1510 5873 gratia
1536 5800 1581 5856 ilci
1596 5800 1623 5856 in
1647 5798 1826 5870 apostolatum
1845 5792 1992 5864 preelegit,

370 5874 504 5942 guiesiici,
517 5886 545 5932 ct
558 5879 704 5935 ricitasnoni
726 5883 870 5951 spinnrnsn.
887 5885 938 5951 Qui
957 5902 1022 5955 crgo
1045 5887 1151 5943 lucrant
1205 5892 1275 5947 burste
1296 5892 1397 5963 agnitio
1417 5907 1489 5947 saum
1509 5890 1569 5945 bilei
1593 5890 1619 5950 ln
1639 5889 1696 5959 ipsa
1711 5886 1841 5957 dignitate
1860 5884 1994 5940 servando

371 5968 521 6030 geritiiitatis
533 5986 627 6026 errore
639 5980 666 6027 ct
677 5973 788 6029 sotacus
806 5975 931 6031 uitiorum
947 5979 1098 6047 moriemimi,
1122 5981 1149 6038 bi
1204 5982 1388 6037 consolidavit.
1401 5982 1477 6053 Quod
1490 5981 1676 6054 subjungitur:
1691 5978 1725 6033 br
1736 5977 1873 6044 noimlnr,
1885 5978 1995 6035 denton-
