4709 6767
367 582 420 646 ,δρψ
830 567 1007 632 COhlllEll'l'.
1025 565 1058 624 lii
1077 563 1356 623 Panallhotlmlh.
1376 595 1412 607 -
1430 564 1495 622 ue.
1515 562 1546 622 ll.
1947 561 2001 626 890

373 687 736 766 xsxrttr),ctcmn1tpnstolo
752 686 850 741 arando
860 685 1002 753 crucifixas
1018 682 1091 749 (Gal.
1107 680 1156 752 vt).
1172 678 1198 739 Α
1211 688 1294 734 rentes
1307 679 1454 734 ministrate
1467 679 1495 732 in
1505 677 1558 747 fide
1572 687 1656 730 restra
1669 675 1835 747 uirtutemstn
1845 686 1938 734 nnete
1950 698 2000 737 uu·

369 787 473 849 oetan
497 782 671 843 mortalitatis
693 779 882 837 discretionem
902 781 929 832 ln
957 774 1162 832 conversatione
1212 772 1263 823 tem
1282 768 1438 833 scientiam,
1467 767 1621 822 inscientia
1643 776 1729 821 autem
1743 768 1949 836 abstinentiam,
1972 771 2002 826 in

372 879 598 942 meminere,
612 884 640 931 et
659 879 777 943 quatuor
790 871 921 926 virtutum
934 866 1064 939 quadriga
1078 866 1162 921 sitam
1211 859 1368 915 abstinentia
1389 869 1476 915 autem
1503 858 1678 931 patientiam,
1705 860 1733 914 in
1754 859 1882 929 patientia
1913 870 2001 915 autem

373 973 575 1032 mmmmm
596 967 707 1031 ducere,
729 973 811 1034 atque
832 963 865 1019 ad
879 961 999 1018 coelegqa
1013 951 1189 1031 provehere„
1211 952 1383 1020 pietatem,in
1404 952 1499 1023 pietate
1512 959 1598 1005 autem
1622 967 1737 1005 amorem
1762 950 1952 1021 fraternitatis,
1975 954 2003 1007 in

374 1068 501 1126 decemp,
518 1060 547 1116 ip
572 1065 626 1122 est,
651 1055 804 1127 prudentia,
817 1053 934 1124 jusum,
957 1050 1116 1106 fortitudine
1135 1056 1163 1103 et
1212 1056 1300 1094 amare
1323 1050 1410 1095 autent
1427 1038 1601 1111 fraternitatis
1631 1042 1794 1094 ebaritatem.
1826 1039 1891 1095 licre
1915 1052 2003 1096 aretem

375 1153 550 1227 [emperantia
567 1168 575 1213 ;
601 1149 792 1222 patienterque
808 1149 922 1203 adversa
935 1153 1033 1201 cuncta
1053 1143 1160 1209 toleret,
1212 1132 1301 1185 omnia
1318 1132 1342 1185 si
1361 1132 1490 1187 nobiseum
1502 1132 1590 1186 adsint
1611 1140 1636 1185 et
1647 1139 1779 1201 superent,
1794 1147 1844 1185 non
1865 1146 1960 1186 uacuos
1977 1138 2003 1185 et

374 1249 461 1305 m
484 1259 514 1300 se
529 1250 634 1299 cmm
649 1238 937 1308 mefoedempwhoe,
960 1232 1162 1304 55901511250111
1212 1222 1267 1275 sine
1292 1222 1380 1291 fructu
1397 1240 1441 1277 cos
1466 1224 1623 1278 constituent
1645 1224 1673 1277 in
1702 1222 1807 1277 Domini
1831 1223 1914 1277 nostri
1934 1221 2000 1277 Iesu

373 1348 399 1396 ec
408 1331 639 1410 percusseserit,
665 1330 693 1385 in
718 1326 809 1382 t'nturo
824 1335 1006 1395 accepturam.
1021 1322 1162 1379 Postremo
1212 1307 1310 1363 Christi
1323 1311 1478 1381 capnitione.
1500 1308 1549 1365 Cui
1564 1312 1632 1365 enim
1650 1328 1702 1365 raon
1724 1324 1820 1382 presto
1845 1319 1906 1367 sunt
1931 1313 2003 1378 brec,

374 1444 435 1486 eum
457 1425 581 1481 terrama
604 1421 696 1476 animo
723 1417 812 1473 discat
837 1424 963 1486 appetere
988 1413 1119 1480 caelestia,
1135 1420 1163 1467 et
1212 1415 1347 1460 racasest
1371 1415 1395 1459 et
1411 1417 1607 1473 manutentans,
1620 1408 1772 1463 obliuionem
1787 1411 1917 1481 accipiens
1937 1428 2003 1481 pan·-

373 1514 518 1588 poesentia
546 1518 644 1567 concta
669 1508 732 1563 vilia
758 1506 875 1562 aestimet
901 1513 930 1561 ct
960 1519 1061 1559 amara.
1091 1502 1163 1558 lloc-
1212 1496 1325 1565 potionis
1359 1507 1471 1551 aeterum
1497 1514 1604 1552 suorum
1628 1497 1791 1554 delictorum.
1818 1499 2001 1573 Quapropter,

374 1622 425 1677 qtae
452 1603 532 1661 modo
562 1601 659 1673 dignas
685 1598 812 1654 minister
829 1595 936 1651 Domini
951 1596 979 1650 in
1006 1610 1070 1651 voro
1095 1602 1161 1649 tent·
1213 1586 1415 1658 tratresnapn
1429 1589 1551 1658 satagite,
1573 1599 1600 1642 ut
1614 1606 1662 1659 per
1676 1589 1742 1644 botta
1757 1601 1943 1661 operacertam
1958 1609 2001 1646 ce-

373 1699 418 1769 pln
442 1697 491 1752 liei
506 1694 589 1768 (quod
612 1700 654 1748 ost
666 1688 796 1763 Ecclesia)
819 1697 847 1745 et
859 1685 934 1744 otilis'
946 1688 1095 1758 apparebit.
1214 1686 1294 1731 stram
1308 1678 1469 1733 occationem
1487 1679 1602 1748 [amotis.
1619 1680 1685 1736 Huc
1710 1683 1778 1736 enirn
1805 1682 1930 1751 iacientes
1952 1701 2005 1739 ran

408 1788 603 1855 mmmm
621 1793 660 1838 m
675 1783 764 1836 Aaron
786 1788 814 1835 ,p
840 1780 999 1835 mmmmm
1020 1779 1048 1833 ρ,
1070 1788 1162 1836 ,ancia
1212 1768 1351 1839 peccabitis
1367 1770 1509 1841 aliquanda
1521 1770 1655 1830 :Sisenim
1669 1773 1834 1827 abundanter
1845 1775 2004 1829 retinistrabi·

374 1889 536 1942 mmmm,
560 1886 585 1930 α
607 1874 729 1944 fimes„
749 1874 776 1926 p„
797 1870 1163 1942 ,emppgpmgm‚ppad012m
1213 1868 1258 1911 tur
1268 1859 1337 1913 nobis
1352 1860 1475 1914 introitus
1492 1861 1519 1914 in
1533 1871 1658 1915 aternum
1681 1879 1789 1932 requam
1803 1862 1910 1917 Domini
1923 1863 2005 1917 ttostri

370 1973 510 2025 incensans
527 1967 642 2021 Domino
657 1965 800 2020 secundum
818 1964 898 2016 ritum
918 1978 994 2015 suunt
1011 1979 1042 2014 ac
1054 1960 1161 2015 benedi·
1216 1948 1362 2006 Salvssitifi'i
1376 1951 1440 2006 lesu
1451 1949 1549 2006 Chiliit'
1565 1951 1607 2023 (Π
1621 1949 1693 2006 Pell*-
1706 1952 1736 2023 ¹)·

369 2069 443 2115 reret
459 2057 558 2113 martini
572 2056 630 2125 ejus
647 2055 676 2109 in
693 2063 854 2125 perpetuant.
878 2051 947 2118 Quid
960 2066 1008 2122 per
1026 2050 1117 2105 Aaron
1131 2024 1202 2103 acB
1250 2040 1324 2097 Dicit
1344 2045 1413 2098 enim
1433 2044 1542 2099 Dauid:
1561 2043 1683 2116 Requiem
1698 2046 1769 2100 dedit
1793 2047 1919 2102 Dominus
1935 2048 2005 2104 Deus

371 2152 444 2208 quon
455 2149 514 2220 ejus
527 2148 625 2204 malins
638 2162 718 2219 quam
734 2145 858 2201 Christus
871 2153 898 2200 et
914 2142 1035 2198 membra
1049 2140 1108 2211 ejas
1122 2142 1164 2196 in·
1214 2133 1299 2189 Issaei
1310 2135 1406 2205 populo
1423 2153 1482 2202 suo,
1499 2145 1523 2190 et
1545 2135 1732 2191 habitationem
1747 2135 1914 2193 hierusalem
1924 2155 2007 2210 usqae

371 2240 459 2312 ,effigi
469 2245 595 2313 possum,
613 2238 691 2308 cujus
705 2243 747 2291 esp
760 2235 943 2291 memmium
967 2232 1163 2301 sempiternum
1213 2222 1241 2278 in
1254 2232 1381 2278 eternum
1392 2237 1402 2277 :
1415 2242 1461 2279 nec
1477 2226 1525 2279 erit
1540 2227 1616 2295 officii
1639 2224 1797 2291 leniturum,
1814 2236 1841 2281 ut
1854 2227 1924 2282 ultra
1941 2244 2005 2299 por-

374 2331 461 2403 (pwp.
471 2329 552 2401 mm
567 2328 617 2385 ffio
630 2342 695 2394 ergo
713 2334 853 2397 separatus
867 2333 919 2380 esi,
945 2331 976 2377 uc
996 2309 1164 2377 minist'rarec
1213 2324 1266 2369 tent
1278 2315 1476 2399 tabernaculum
1497 2326 1521 2371 et
1535 2317 1623 2371 omnin
1642 2334 1705 2372 nasa
1727 2314 1835 2388 eiusad
1850 2320 2005 2375 ministran-

370 2422 397 2477 in
414 2428 512 2476 sancto
525 2426 702 2480 sanctorum,
723 2414 785 2485 quia
804 2412 877 2468 solus
901 2412 959 2466 sine
973 2410 1078 2482 peccati
1103 2426 1162 2465 ma·
1213 2406 1286 2459 dunt.
1299 2406 1422 2482 Quamdiu
1436 2422 1501 2478 ergo
1514 2405 1562 2461 dlii
1573 2406 1655 2463 lsrael
1672 2408 1698 2461 in
1714 2409 1822 2465 deserto
1843 2409 1963 2477 luerunt,
1979 2420 2007 2467 ct

372 2510 432 2567 cula
446 2510 584 2568 inventus,
601 2504 753 2561 caelestium
772 2511 938 2559 secretorum
949 2500 1101 2572 penetrarit
1116 2516 1161 2554 ar·
1213 2496 1322 2565 quaudo
1335 2505 1435 2551 terram
1458 2496 1586 2552 Chanaan
1600 2497 1677 2552 bellis
1695 2498 1833 2567 possidere
1848 2510 2005 2569 amporam,

373 2617 455 2667 esna,
480 2609 506 2655 et
521 2598 608 2671 (justa
622 2596 698 2651 Pauli
715 2591 911 2664 testimonium)
934 2591 981 2646 alii
995 2591 1163 2664 quidemsine
1214 2584 1418 2640 tabernaculum
1443 2586 1548 2639 Dotnim
1567 2601 1614 2656 per
1638 2587 1742 2642 diversa
1771 2588 1829 2643 loca
1857 2589 2004 2647 ferebatur.

369 2689 549 2764 jerejurando
575 2687 723 2743 sacerdotes
749 2685 813 2755 sueti
828 2694 898 2750 sunt
925 2683 967 2737 bic
991 2692 1079 2737 autent
1104 2697 1163 2735 curn
1214 2675 1359 2747 Postquam
1371 2686 1461 2731 autem
1474 2676 1602 2747 templum
1621 2679 1855 2747 aedibcatumcst,
1879 2698 1931 2737 non
1954 2682 2005 2738 init

369 2780 546 2854 jerejurando
559 2795 605 2851 per
620 2794 678 2834 eum
690 2778 735 2849 qai
747 2777 815 2831 dicit
826 2776 860 2830 ed
872 2774 948 2828 illum
961 2789 971 2829 .·
988 2774 1094 2829 Jureoit
1106 2773 1162 2827 Do·
1213 2767 1367 2822 necessaria
1382 2767 1439 2822 haec
1451 2765 1571 2821 locorum
1586 2768 1714 2833 mutatio;
1734 2768 1820 2824 sedin
1836 2772 1893 2841 ipso
1904 2772 2003 2841 templo

370 2872 458 2928 ninus
474 2879 499 2925 et
510 2885 563 2923 nan
585 2867 714 2939 penitebit
727 2879 810 2921 eum:
829 2864 868 2919 Tu
883 2862 1037 2919 essacerdos
1049 2864 1076 2916 in
1088 2870 1163 2917 etet·
1213 2856 1320 2913 Dounm
1336 2855 1514 2912 sanctificatio
1527 2856 1633 2911 Domini
1647 2866 1689 2912 est
1712 2858 1819 2924 collata,
1835 2860 1949 2931 mjsllce
1970 2863 2007 2916 si-

374 2981 445 3019 nans.
466 2961 503 3015 ln
525 2970 626 3015 tantum
644 2959 760 3013 melioris
782 2958 930 3013 testamenti
945 2972 1055 3026 sponsor
1077 2954 1163 3025 {actus
1214 2946 1346 3019 sssslfifflns
1359 2950 1429 3016 ‘l¹¹⁰d
1443 2946 1531 3002 Ofilius
1546 2957 1626 3015 atque
1646 2948 1818 3004 ⁰bSl³iV³¹¹²i³
1833 2949 1940 3007 veleris
1954 2951 2006 3007 Τθ·

373 3061 407 3108 est
424 3050 518 3107 Iesus.
537 3048 572 3103 m
586 3048 631 3103 alii
650 3048 754 3119 quidem
765 3049 852 3118 plures
867 3047 931 3117 [acti
945 3054 1005 3100 sunt
1016 3044 1163 3099 sacerdotes
1214 3039 1340 3094 statuenti
1354 3038 1439 3093 variis
1456 3038 1550 3108 figuris
1573 3039 1712 3094 imitabilis
1732 3056 1764 3096 ac
1790 3041 1896 3097 diversa
1912 3043 1939 3097 in
1964 3059 2007 3101 sc-

372 3141 470 3196 idoirco
494 3138 564 3210 qaod
588 3148 669 3192 morte
695 3138 895 3208 prohiberentur
922 3148 1099 3207 permanere:
1121 3134 1163 3188 bic
1215 3127 1329 3199 metipso
1343 3144 1450 3199 semper
1462 3127 1521 3182 luit.
1535 3128 1602 3183 Cum
1614 3138 1704 3184 autem
1724 3132 1759 3186 ad
1772 3131 1946 3204 Evangelium
1961 3151 2007 3191 ac-

373 3239 469 3295 astem,
488 3229 559 3299 qaod
576 3236 680 3282 nmneut
693 3229 721 3281 in
736 3221 861 3282 aternum
873 3227 1059 3298 sempiternum
1081 3226 1162 3280 isabel
1214 3221 1308 3284 cessit,
1318 3216 1377 3287 jam
1399 3218 1498 3273 ibidem
1513 3218 1686 3273 stabilitatem
1713 3230 1802 3276 motus
1816 3222 1858 3278 sui
1883 3224 2004 3281 irrvcnit:

370 3322 561 3378 sacerdotium.
590 3317 664 3374 Unde
687 3330 711 3374 et
732 3320 833 3374 salvare
854 3319 881 3371 in
905 3328 1060 3388 perpetuum
1080 3324 1163 3388 potest
1214 3313 1277 3381 quia
1291 3311 1334 3366 lea
1346 3329 1393 3382 per
1406 3311 1513 3382 llopsen
1535 3313 1599 3366 data
1620 3322 1676 3380 est,
1698 3315 1784 3385 qratia
1804 3326 1828 3371 et
1845 3320 1938 3374 teritm
1961 3337 2007 3381 aer

362 3411 733 3481 amsanspersenadpsnn
745 3409 779 3463 ad
795 3407 891 3472 Deum,
909 3423 1010 3478 semper
1024 3408 1109 3462 cicens
1128 3407 1163 3460 ud
1215 3402 1306 3457 imum
1321 3403 1453 3458 Christum
1467 3404 1538 3473 [acta
1557 3415 1594 3460 est
1613 3405 1703 3477 (toan.
1723 3412 1754 3479 ι).
1775 3406 1855 3492 quta
1869 3422 2005 3485 praecepta

365 3499 594 3571 interpellandum
611 3516 659 3570 pro
673 3499 746 3553 nobis
760 3496 839 3569 (Deb.
852 3496 911 3566 vti).
935 3495 1011 3552 Unde
1024 3496 1164 3552 incensum
1215 3511 1322 3566 qnoque
1332 3496 1417 3552 David
1432 3496 1579 3553 norissima
1594 3500 1781 3569 supputabitur
1793 3518 1922 3561 numerus
1935 3505 2005 3563 lilia-

365 3592 506 3649 credonis
517 3590 576 3662 ejus
595 3590 885 3662 semperplacabilecst
896 3589 1073 3660 apndDeum.
1086 3589 1163 3656 Quod
1215 3602 1275 3642 rum
1290 3588 1354 3644 Levi
1381 3604 1397 3643 a
1412 3588 1507 3659 viginti
1529 3592 1624 3657 annis,
1649 3600 1677 3647 et
1698 3608 1794 3663 supra;
1815 3605 1842 3650 et
1858 3604 1937 3651 erunt
1955 3600 2007 3655 sub

362 3695 437 3741 vm
455 3684 601 3753 nequitur:
1215 3697 1296 3737 manu
1311 3681 1427 3736 illiorum
1447 3681 1538 3738 Aaron
1565 3683 1592 3738 in
1615 3684 1717 3739 cultum
1736 3685 1833 3742 domus
1851 3688 1956 3745 Domini
1977 3692 2006 3747 in

402 3773 497 3844 lapsi
515 3789 615 3844 quaque
632 3771 744 3826 bominis
757 3769 822 3837 Dei,
846 3769 896 3839 filii
913 3771 1079 3824 annumerati
1103 3778 1163 3823 sant
1215 3768 1364 3837 vestibulis,
1377 3781 1405 3826 et
1419 3772 1446 3826 in
1467 3773 1585 3836 exedris,
1599 3782 1627 3828 et
1644 3775 1671 3828 iu
1683 3775 1743 3830 loco
1756 3778 1963 3848 purificationis,
1977 3790 2006 3837 et

357 3862 393 3919 ι’»
408 3863 485 3917 tribu
499 3861 578 3927 leci,
598 3870 650 3916 etc.
671 3859 820 3931 Significat,
835 3874 887 3914 non
910 3874 1011 3929 pancos
1025 3858 1059 3913 de
1080 3858 1164 3928 priori
1215 3863 1418 3928 insanctnarlo,
1434 3872 1461 3918 et
1478 3864 1612 3919 universis
1633 3867 1760 3935 operibns
1780 3870 1921 3925 ministerii
1939 3881 2006 3927 tem-

357 3950 470 4025 pnpulo
485 3951 519 4005 ad
534 3950 746 4006 ecclesiasticum
760 3946 940 4004 sacerdotium
956 3947 1107 4017 pertinere,
1130 3946 1165 4001 Si·
1214 3956 1251 4026 pli
1266 3956 1383 4011 Domim.
1398 3953 1582 4011 Distrlhnente
1599 3955 1682 4013 David
1695 3958 1823 4015 Levitaea
1843 3962 1937 4033 viginti
1957 3979 2007 4020 an-

356 4050 414 4098 cst
428 4038 576 4095 manifeste
598 4039 625 4094 in
638 4038 750 4094 Actibus
772 4036 955 4108 apostolorum
970 4037 1003 4091 de
1027 4036 1164 4107 primitiva
1215 4046 1257 4101 nis
1268 4044 1347 4116 juxta
1360 4055 1522 4116 praeceptum
1536 4046 1602 4117 legis
1615 4047 1664 4102 snb
1678 4064 1760 4104 manu
1776 4049 1891 4104 liliorum
1901 4050 2005 4119 haram

354 4129 393 4187 in
410 4129 585 4185 Hierusalem
604 4128 805 4184 demonstratur
821 4126 950 4191 Ecclesia,
964 4126 1010 4181 uhi
1035 4127 1164 4196 scriptum
1215 4136 1267 4191 ρος
1280 4144 1333 4201 est,
1347 4138 1516 4193 wenedorum
1535 4137 1677 4193 incultum
1696 4138 1791 4193 domus
1814 4140 1921 4197 pomini
1933 4142 2008 4198 ordi.

355 4232 411 4280 est
425 4236 435 4277 t
458 4220 571 4275 Verbum
585 4230 672 4274 autem
685 4218 791 4272 Domini
815 4217 956 4283 crescebat,
969 4227 994 4270 et
1005 4214 1164 4286 multiplica·
1215 4228 1357 4292 papanem,
1372 4239 1402 4282 ut
1426 4229 1544 4283 minores
1558 4229 1694 4285 discerent
1707 4229 1857 4298 majoribus
1875 4233 2007 4303 obedire,

356 4313 454 4368 §aar
476 4327 600 4365 numerus
621 4308 809 4381 discipulorum
831 4310 859 4363 in
885 4307 1052 4362 Hierusalem
1077 4306 1163 4363 ualde.
1214 4324 1243 4371 et
1259 4316 1375 4385 maiores
1389 4333 1405 4372 a
1419 4320 1568 4375 nrinoribus
1582 4318 1665 4391 adjuti
1680 4322 1785 4391 dignius
1796 4322 1913 4380 eudon
1926 4343 2007 4383 snum

360 4399 462 4456 1th
483 4400 553 4453 enim
568 4398 644 4453 lttrbtt
671 4399 835 4453 sacerdotum
850 4394 984 4453 obediebat
1006 4396 1071 4466 fidei
1093 4398 1162 4470 (dot.
1215 4408 1242 4463 in
1257 4409 1407 4465 ministerio
1418 4410 1514 4466 domus
1527 4410 1633 4467 Domini
1652 4423 1762 4483 possent
1776 4414 1896 4485 explere.
1913 4417 1959 4473 Sic
1978 4426 2007 4473 et

357 4492 419 4560 nr).
438 4489 506 4545 Post
520 4490 572 4545 hoc
587 4504 704 4560 quoquc,
715 4489 880 4545 enumeratis
900 4488 1066 4559 principibus
1085 4489 1119 4544 de
1131 4488 1164 4543 h·
1215 4498 1241 4551 in
1260 4497 1380 4553 Ecclesia
1403 4500 1529 4569 prasenti
1554 4502 1673 4565 minares
1684 4504 1784 4572 gradus
1797 4501 1944 4573 majoribus
1957 4522 2008 4577 per

357 4578 414 4637 liis
431 4580 513 4647 Levi,
530 4581 704 4650 subsequitur
719 4579 859 4652 Scriptura
873 4581 985 4636 dicens:
1215 4587 1393 4643 humilitatem
1408 4605 1515 4659 semper
1527 4591 1627 4646 debent
1639 4593 1763 4658 subesse,
1778 4603 1807 4649 et
1819 4595 1935 4666 majores
1957 4613 2007 4666 por

407 4670 449 4725 Di
461 4668 513 4740 pilii
531 4669 593 4726 leui
606 4671 840 4741 ineoqnationibus
853 4680 878 4726 et
900 4672 1008 4743 familiis
1022 4673 1077 4728 suis
1089 4675 1164 4745 prin·
1217 4679 1374 4735 charitatem
1395 4682 1544 4737 minoribus
1559 4682 1611 4738 rite
1633 4699 1763 4754 praesse,
1782 4695 1810 4741 et
1831 4687 1868 4741 ita
1885 4689 2006 4745 omnium

361 4768 443 4837 cipes
455 4777 503 4835 per
515 4764 581 4819 uices
598 4772 622 4818 et
636 4780 773 4819 numerum
795 4766 909 4836 capitum
924 4765 1103 4836 singulorum,
1119 4736 1204 4847 quin
1219 4771 1338 4826 membra
1353 4780 1432 4826 erant
1443 4772 1469 4826 in
1488 4786 1563 4842 pace.
1582 4772 1658 4841 Quod
1676 4783 1765 4829 numm
1779 4775 1865 4831 dicit:

362 4854 507 4922 faciebant
522 4869 600 4923 spera
612 4853 750 4906 ministerii
760 4853 854 4909 domas
865 4853 972 4908 Domini
986 4872 1002 4908 a
1016 4855 1105 4925 uipinti
1116 4872 1164 4910 an·
1254 4864 1287 4919 ln
1300 4862 1432 4919 uestibulis
1445 4874 1469 4919 et
1485 4865 1599 4919 exedris.
1614 4865 1783 4921 Vestibulum
1799 4874 1842 4923 est
1855 4866 1930 4925 locus
1944 4877 2007 4927 anta

364 4947 450 5001 siser
460 4961 552 5015 supra
567 4943 636 5012 Quid
646 4941 703 5008 est,'
710 4945 781 5015 quod
793 4959 808 4998 a
820 4945 914 5016 viginti
928 4947 1006 5001 annis
1030 4955 1057 5003 et
1070 4963 1162 5017 supra,
1217 4955 1301 5021 loros,
1317 4957 1389 5028 quod
1409 4957 1506 5012 dicitur
1524 4957 1646 5028 porticus
1668 4956 1708 5011 vel
1727 4957 1816 5013 aditus
1830 4958 1924 5016 domus
1950 4961 2007 5031 pri·

363 5034 440 5091 slicit
465 5034 603 5090 ministros
631 5035 726 5091 domus
749 5035 854 5092 Domini
879 5047 1087 5105 annumeratos,
1111 5041 1163 5097 nisi
1217 5052 1297 5110 ratae,
1309 5044 1350 5099 rel
1360 5045 1492 5115 spatium:
1508 5045 1569 5100 inde
1590 5046 1703 5111 dictum,
1716 5044 1787 5115 quod
1800 5060 1833 5103 eo
1855 5046 2006 5104 vestiuntur

365 5125 446 5198 qam
462 5126 590 5191 uendit,
606 5142 700 5183 omnes
725 5128 771 5198 aui
797 5128 946 5184 ministerio
962 5130 1068 5185 Domini
1090 5130 1165 5203 lunai
1217 5137 1290 5194 rores
1314 5138 1404 5207 aaran
1426 5138 1468 5192 ver
1487 5137 1667 5205 quorumtibet
1689 5138 1873 5194 astuciarum.
1895 5139 2007 5197 maara

370 5218 520 5284 soluerint,
534 5217 652 5290 decalogi
679 5218 876 5274 observantiam
897 5219 924 5275 in
942 5219 1046 5276 duobus
1065 5236 1167 5291 praecc-
1217 5227 1324 5300 quaque
1341 5237 1403 5283 sunt
1415 5227 1524 5282 thalami
1546 5227 1586 5282 vel
1612 5225 1744 5292 cubicula,
1757 5243 1818 5297 quae
1844 5229 2006 5286 habitationi

369 5312 427 5381 ptis
439 5313 583 5369 charitalis
605 5329 715 5370 servare
734 5315 842 5382 debere,
856 5324 884 5372 et
905 5319 1052 5374 secundum
1071 5296 1173 5376 aarum'
1216 5320 1371 5376 Latiarum
1390 5325 1471 5388 atque
1491 5316 1779 5374 sacerdotnmlucrant
1791 5328 1957 5390 praparata;
1976 5322 2005 5378 in

371 5402 433 5470 iura
447 5404 629 5461 ministerium
646 5406 859 5463 ecclesiasticum
871 5404 986 5480 general
1001 5410 1063 5480 quia
1077 5412 1105 5466 in
1123 5413 1165 5467 bis
1216 5412 1333 5482 biserga
1346 5410 1446 5466 Levita
1469 5408 1654 5463 ministrantes
1669 5409 1856 5476 ascribebant,
1872 5423 2007 5482 quatenus

374 5496 475 5553 duabus
493 5499 638 5568 preceptis,
653 5499 706 5554 hoc
719 5506 773 5564 est,
786 5498 814 5555 in
828 5499 970 5556 dilectione
992 5501 1038 5557 Dei
1060 5512 1088 5557 et
1100 5517 1164 5572 pro-
1216 5503 1343 5558 dooercnt
1354 5501 1413 5556 reri
1431 5500 1522 5568 templi
1537 5499 1642 5555 Domini
1657 5498 1794 5555 ministros
1806 5501 1908 5557 aditam
1921 5504 2006 5573 ipsius

376 5586 452 5653 simi,
467 5587 589 5642 uniuersa
604 5588 696 5660 pendet
710 5587 753 5643 lea
774 5595 799 5643 et
813 5589 944 5659 propbeta
960 5589 1068 5661 (daath.
1083 5592 1162 5664 xxti).
1216 5594 1357 5663 diligenter
1368 5594 1522 5656 obsessam,
1534 5599 1561 5645 et
1573 5590 1667 5660 dignos
1678 5605 1799 5661 quosque
1813 5591 2003 5657 intromittere,

378 5675 517 5734 Plenitudo
527 5697 588 5751 erpo
608 5680 682 5753 legis,
691 5680 768 5751 juxta
792 5680 868 5737 Pauli
881 5684 1058 5750 sententiam,
1070 5694 1108 5739 est
1122 5685 1164 5739 di-
1217 5685 1340 5755 indignos
1358 5699 1424 5739 sero
1447 5682 1509 5737 inde
1528 5681 1645 5752 alrjieere
1663 5691 1745 5752 atque
1768 5681 1918 5752 repellere,
1941 5681 2004 5753 quia

378 5766 449 5826 lectio
463 5769 550 5839 (Rom.
564 5777 636 5844 1111).
653 5771 729 5828 Unde
752 5772 876 5844 princeps
893 5774 1086 5844 apostolomm,
1100 5792 1164 5846 quo
1215 5774 1333 5847 claviger
1347 5773 1466 5829 coelestis
1483 5772 1596 5844 pervigil
1617 5785 1724 5842 semper
1735 5786 1795 5827 esse
1806 5770 1887 5826 debet
1899 5777 1928 5825 et
1940 5785 2005 5826 eau-

380 5864 455 5920 taodo
466 5863 494 5919 in
508 5864 567 5936 ipss
580 5864 712 5921 charitate
731 5866 912 5922 serviendium
929 5867 965 5922 sit
984 5866 1051 5933 Deo,
1065 5868 1161 5934 docet,
1215 5864 1294 5921 tasin
1307 5864 1443 5919 omnibus.
1910 5931 1917 5945 ο

380 5950 486 6009 doetts:
510 5951 560 6009 l'as
571 5962 668 6021 autem,
683 5954 796 6025 fratres,
818 5970 909 6009 curans
926 5972 1027 6010 omnem
1051 5957 1164 6012 subinie-
1251 5954 1404 6015 Sacerdotes
1421 5964 1508 6010 autem
1525 5969 1694 6023 superpones
1715 5948 1909 6022 propositionis,
1923 5960 1948 6007 et
1968 5950 2004 6006 ati
2054 5961 2058 5969 “
2082 6011 2088 6030 ⁸
