4709 6767
351 703 356 709 .
387 673 422 728 55
705 675 735 730 B.
755 673 879 730 haeddi
900 674 1008 731 haunt
1028 675 1188 731 ARCthl’·
1209 678 1365 734 meunt.
1381 683 1523 739 ot¹titlttlt
1543 685 1631 745 etus
1651 691 1670 745 l.
1970 704 2006 758 le

385 789 495 860 paulatus
515 798 557 845 cst
572 787 728 862 synagogae.
745 787 881 858 Scriptum
896 799 938 843 est
959 788 1050 844 euim:
1069 808 1078 839 ι
1094 787 1170 843 Post·
1184 792 1207 850 Α
1222 789 1313 853 sionis,
1327 800 1452 863 tanquam
1468 796 1494 851 in
1516 808 1643 868 statuam,
1660 814 1686 858 er.
1702 805 1794 862 herlus
1806 808 1846 865 nis
1858 811 1932 867 vicus
1947 828 2007 870 pm

386 896 467 950 quam
491 879 633 936 intraverit
656 877 794 951 plenitudo
824 878 959 948 gentium,
989 889 1054 934 tunc
1079 879 1168 934 omnis
1220 895 1323 952 agnus:
1339 884 1401 952 quia
1415 885 1507 958 inquo
1520 901 1660 961 percitum
1674 910 1726 950 non
1743 884 1913 967 invenerunt,
1927 909 2006 975 quasi

385 968 466 1024 lsrael
486 970 576 1026 salvus
592 969 652 1026 erit.
672 967 896 1039 illiminantem,
922 968 973 1025 hoe
985 978 1034 1035 est,
1054 969 1168 1025 ducenta
1218 982 1385 1042 peccatorem
1400 978 1533 1044 persecuti
1551 992 1623 1036 sum.
1976 969 1986 982 “

384 1059 514 1129 praeputia
528 1059 634 1125 obtulit,
648 1058 705 1113 sire
716 1074 765 1129 pro
776 1057 886 1123 ludaeis,
899 1066 927 1114 el
941 1059 1065 1130 pentibus
1078 1060 1168 1130 aequi·
1257 1082 1266 1114 ι
1283 1063 1439 1120 Nuntiatum
1460 1077 1503 1123 est
1520 1080 1610 1125 autem
1626 1071 1698 1128 Sauli
1713 1091 1728 1127 a
1749 1075 1900 1135 dicentibus
1915 1099 1921 1133 ς
1936 1081 2006 1138 Ecce

383 1148 454 1214 sitis,
476 1148 533 1204 siue
545 1147 607 1220 quia
619 1146 705 1216 major
718 1157 760 1204 est
774 1163 902 1203 nutrieras
919 1148 1105 1220 acquisitionis
1120 1165 1167 1220 po
1221 1171 1230 1202 ι
1244 1151 1326 1208 Dauid
1349 1154 1488 1227 lehaiath
1512 1159 1542 1215 in
1567 1161 1709 1228 llaruatha,
1727 1186 1735 1215 ι
1753 1176 1807 1221 etc.
1821 1167 1881 1237 (h'r
1908 1171 2003 1227 lliero-

383 1235 438 1308 puli
461 1238 591 1309 gentium,
615 1253 696 1308 qoam
709 1239 875 1294 credentiam
897 1238 1060 1295 luclzeornm.
1085 1241 1167 1295 detuit
1217 1242 1323 1314 upum.)
1341 1244 1436 1316 Najoth
1451 1246 1526 1303 locus
1544 1260 1585 1303 est
1600 1251 1626 1305 in
1642 1251 1782 1318 llamatha,
1801 1258 1845 1312 uhi
1860 1259 1943 1313 David
1959 1279 2002 1316 se-

382 1327 478 1385 cleinde
499 1327 591 1383 odium
613 1327 678 1384 Saul
701 1327 828 1384 adversus
852 1328 935 1384 llarid
951 1330 977 1384 in
996 1337 1112 1392 tantrtm,
1138 1337 1167 1383 ut
1218 1329 1265 1385 dit.
1280 1331 1364 1388 Rama
1380 1350 1444 1390 reru
1457 1337 1483 1391 in
1500 1339 1570 1392 trihu
1592 1339 1730 1411 Benjauriu
1750 1345 1845 1400 ciuitas
1856 1359 1898 1403 est
1914 1348 2004 1407 Saulis

382 1436 429 1475 res
441 1420 476 1475 ob
489 1419 622 1475 medelam
640 1419 680 1476 sui
694 1420 804 1489 spiritus
817 1419 900 1475 David
912 1421 945 1476 de
962 1437 1036 1476 more
1051 1423 1166 1492 psalten·
1217 1419 1243 1473 iu
1260 1431 1336 1476 serto
1352 1423 1476 1480 milliario
1490 1426 1523 1481 ah
1535 1427 1620 1493 llclia,
1643 1430 1678 1485 ad
1696 1436 1934 1502 septentrionalem
1947 1440 2003 1508 pla-

381 1520 435 1567 tena
444 1509 534 1581 jaculo
547 1517 691 1567 conaretur
703 1509 848 1582 conligere.
1084 1593 1087 1598 .
1216 1528 1277 1583 gam
1292 1525 1385 1571 contra
1398 1516 1500 1575 liethel.
1516 1521 1638 1577 ilenriuit
1652 1523 1731 1592 huius
1745 1535 1772 1582 et
1785 1526 1926 1585 ieremias.
1943 1533 2003 1590 dha

668 1644 781 1702 CAPUT
801 1646 870 1702 m
1216 1612 1306 1659 nartem
1327 1605 1411 1661 harim
1425 1619 1466 1664 est
1486 1610 1510 1665 io
1525 1611 1595 1666 tribu
1612 1615 1687 1678 Aser,
1704 1615 1814 1684 dajoth,
1834 1621 2001 1690 peleth-inmo

380 1737 457 1803 om
482 1733 549 1792 sm
570 1734 655 1791 David
673 1736 826 1806 'mmm
848 1737 949 1791 dmm
971 1737 1050 1791 volun
1073 1737 1164 1791 hm
1216 1694 1423 1796 interpretatum
1440 1698 1573 1765 etRama,
1588 1702 2001 1780 excelsum.Beneerqocmn'e-

414 1807 550 1876 comm,
562 1805 601 1860 p,
614 1805 735 1862 mmm
748 1804 832 1870 Sani,
845 1807 974 1876 quomod„
988 1824 1033 1875 pe,
1050 1816 1164 1861 „mam
1215 1794 1293 1838 rrront
1312 1784 1371 1841 hauc
1391 1787 1500 1842 nomina
1519 1788 1638 1847 looonrm
1662 1783 1744 1850 tellus¹
1763 1796 1789 1849 in
1812 1797 1854 1852 his
1876 1802 2001 1870 expletis,

414 1876 442 1929 in
466 1877 532 1929 lecto
553 1875 665 1946 positum
679 1884 704 1929 et
755 1874 813 1928 ilem
834 1876 945 1957 pilorum
968 1893 1108 1946 capraram
1131 1875 1164 1930 il·
1214 1874 1277 1945 quia
1307 1879 1499 1947 prophetarum
1526 1882 1597 1936 dicta
1626 1893 1654 1939 et
1685 1886 1869 1946 celsitudinem
1902 1889 2002 1947 haheat

411 1945 487 2000 lusus
501 1954 548 2010 ⁶⁸¹2
563 1961 623 2000 111111
634 1961 708 2015 W
738 1953 766 1998 “¹
780 1944 866 1999 ΒΜ
879 1945 1005 1999 ‘’mdis‘-
1214 1963 1332 2020 scientiae
1346 1982 1378 2021 ac
1392 1950 1559 2025 ienrnutem
1574 1972 1716 2029 locutionis

412 2057 466 2113 Sed
480 2057 598 2129 quidest
611 2058 683 2128 quod
697 2058 760 2113 dum
780 2056 887 2112 Saulem
902 2057 1013 2127 spiritus
1034 2059 1163 2114 adversus
1250 2054 1324 2127 (Cre.
1343 2057 1401 2127 xx.)
1415 2078 1424 2110 ι
1439 2058 1511 2116 liisit
1524 2076 1589 2133 ergo
1609 2061 1674 2117 Saul
1696 2064 1814 2131 lictores,
1828 2077 1856 2122 ut
1870 2083 1999 2140 caperent

377 2147 525 2213 invaderet,
537 2149 703 2220 apprehensa
726 2145 1198 2217 harictcithara,cjusvesamam13
1215 2166 1224 2198 ι
1239 2145 1332 2202 Dauid.
1355 2148 1405 2217 Qui
1428 2165 1490 2205 cum
1511 2151 1639 2207 vidissent
1665 2170 1780 2210 cuneum
1806 2160 1998 2228 prophetarum

376 2235 533 2306 mitigabat?
552 2235 606 2293 Per
618 2235 728 2291 sanem
742 2236 814 2292 enim
828 2234 980 2290 ludaeorum
995 2236 1092 2303 elatio,
1112 2254 1162 2308 per
1213 2257 1223 2291 ι
1239 2239 1453 2304 vaticinanhum,
1462 2250 1490 2298 et
1499 2240 1609 2299 Sanruel
1623 2253 1736 2300 stantem
1747 2261 1828 2317 super
1839 2264 1898 2315 eos,
1912 2250 2000 2306 lacten

375 2325 460 2382 llarid
486 2333 577 2381 autem
599 2325 741 2381 humilitas
764 2324 864 2380 Christi
890 2323 1066 2395 signideetnr.
1092 2326 1159 2382 Cum
1213 2338 1281 2384 rest
1294 2328 1377 2385 etiam
1399 2330 1511 2400 spiritus
1525 2331 1631 2388 homiui
1652 2350 1734 2406 super
1751 2352 1809 2404 eos,
1834 2347 1862 2393 et
1882 2342 1998 2412 prophe·

374 2422 484 2496 ergoab
498 2419 636 2477 immundo
654 2420 750 2492 spiritu
773 2418 838 2476 Saul
853 2419 993 2490 arripitur,
1016 2417 1102 2474 hacid
1114 2435 1160 2474 ca·
1213 2438 1222 2468 ι
1241 2426 1298 2473 erre
1316 2430 1458 2490 ceperunt
1480 2421 1561 2476 etiam
1581 2423 1643 2494 ipsi,
1662 2443 1671 2476 ι
1690 2434 1744 2480 ete.
1771 2425 1780 2498 (
1791 2427 1833 2481 Ex
1856 2428 1998 2500 isidoro.)

374 2526 453 2574 nente
475 2517 534 2589 eius
556 2516 666 2571 vesania
689 2523 879 2585 temperatur:
905 2512 967 2583 quia
984 2527 1046 2567 cum
1064 2526 1159 2567 sensus
1209 2508 1293 2581 lgrtur
1307 2510 1390 2566 Dauid
1404 2512 1484 2583 regie
1508 2529 1603 2569 manus
1619 2516 1700 2570 ictum
1715 2516 1857 2582 devitans,
1883 2518 1996 2590 ejusque

372 2606 525 2664 ludaeorum
551 2622 601 2679 per
622 2603 816 2676 blasphemiam
839 2603 867 2659 in
890 2603 1010 2660 furorem
1032 2603 1158 2669 vertitur,
1208 2600 1410 2669 persecutiones
1429 2601 1575 2667 declinans,
1595 2603 1663 2676 fugit
1687 2606 1811 2677 uenitque
1833 2609 1866 2663 ad
1884 2609 1997 2665 Samae

372 2701 482 2773 ,smum
499 2707 543 2756 ρει
556 2705 587 2754 [η
601 2699 634 2754 ,q
647 2697 761 2754 saputem
774 2704 878 2752 menies
890 2710 995 2760 nomm,
1011 2694 1087 2768 quasi
1100 2695 1159 2749 dut.
1209 2686 1274 2751 lem,
1290 2693 1317 2741 et
1328 2688 1401 2743 misit
1417 2687 1481 2744 Saul
1496 2691 1616 2758 nuntios,
1636 2693 1681 2763 qui
1695 2696 1926 2764 apprehenderent
1940 2700 1994 2753 lla·

371 2789 467 2847 oedioe
486 2788 608 2854 cithare,
626 2780 769 2844 locutionis
781 2786 941 2858 evangelicae
963 2785 1158 2857 tranquillitate
1208 2776 1263 2832 riu.
1278 2777 1328 2845 Qut
1346 2794 1407 2834 cum
1432 2780 1561 2836 uidissent
1581 2781 1689 2840 Samuel
1704 2785 1773 2840 inter
1791 2788 1946 2857 prophetas,
1966 2801 1995 2845 et

372 2876 640 2936 recommandises
661 2885 703 2933 est
721 2875 785 2933 Saul
799 2877 883 2932 llavid
895 2875 1052 2947 psallentem
1071 2875 1154 2933 contl-
1207 2878 1307 2924 coetom
1322 2871 1514 2941 prophetarum
1537 2874 1584 2943 qui
1602 2873 1629 2928 in
1649 2875 1694 2930 illo
1712 2883 1831 2947 tempore
1846 2882 1992 2950 propheta—

372 2983 436 3040 qere
446 2967 540 3024 lancea
554 2965 580 3022 in
598 2967 738 3038 parietem,
754 2975 781 3022 et
799 2967 943 3022 declinarit
960 2967 1043 3022 hacid
1058 2983 1073 3021 a
1089 2966 1157 3022 sanie
1207 2959 1283 3025 haut,
1298 2959 1385 3015 nuntii
1399 2961 1444 3031 qui
1460 2962 1534 3019 missi
1555 2972 1625 3029 sunt,
1643 2968 1754 3038 accepto
1775 2969 1868 3024 euclem
1883 2974 1995 3042 spirim,

372 3057 447 3115 Saul.
473 3057 583 3115 Lancea
605 3065 693 3113 autem
708 3072 785 3114 eosso
804 3058 915 3113 vulnere
936 3058 1040 3127 perlata
1064 3066 1106 3112 cst
1128 3058 1156 3112 tn
1207 3052 1445 3119 pmphetareruut.
1457 3051 1601 3123 liissisquo
1611 3054 1670 3111 aliis
1691 3057 1743 3112 hoc
1759 3060 1881 3131 corrrigit,
1897 3072 1925 3116 et
1940 3072 1993 3118 ter-

370 3149 511 3218 porietem.
541 3145 588 3203 Sle
609 3155 638 3203 et
659 3147 822 3217 predicante
841 3145 949 3203 Christo
971 3147 1153 3220 Evangelium,
1206 3141 1253 3198 tiis
1267 3142 1450 3200 nibilominus
1475 3143 1571 3200 Postea
1586 3161 1650 3202 uero
1671 3163 1732 3202 cum
1751 3150 1850 3220 etipse
1872 3153 1994 3210 Saulre-

370 3237 454 3295 Judaei
468 3238 698 3295 neminemnam
711 3246 828 3294 mortem
841 3237 952 3296 inferre,
968 3237 1097 3295 &ndum
1110 3237 1155 3295 ille
1206 3231 1301 3295 nisset,
1327 3231 1414 3289 iactus
1435 3243 1477 3290 cst
1497 3241 1579 3305 super
1602 3250 1664 3291 cum
1691 3235 1808 3309 Spiritus
1831 3239 1946 3308 Domini,
1966 3253 1994 3300 et

370 3329 403 3384 ah
417 3329 457 3384 eis
472 3328 505 3383 ad
523 3328 636 3386 salutem
648 3329 766 3399 gentium
781 3327 858 3384 vium
873 3333 992 3393 secessit,
1009 3328 1094 3386 setam
1106 3329 1154 3385 du·
1207 3322 1360 3382 ambulabat
1377 3323 1539 3398 ingrediens.
1555 3333 1583 3380 et
1597 3326 1784 3397 prophetabat·

371 3419 568 3475 ritlamurentis
582 3419 690 3475 illorum
704 3418 806 3473 malitia
822 3433 915 3474 eourm
926 3418 1006 3474 hesit.
1241 3413 1296 3487 (lis
1317 3413 1451 3486 hebreo.)
1474 3413 1592 3482 (prestio
1607 3432 1702 3489 magna
1717 3418 1762 3473 hic
1772 3419 1869 3487 oritur,
1887 3438 1948 3477 cum
1964 3424 1990 3477 in

403 3507 468 3573 Car.
481 3508 550 3581 ιιι.)
566 3528 575 3561 ι
593 3508 666 3563 llisit
678 3523 743 3580 crgo
757 3508 820 3565 Saul
840 3508 970 3565 satellites
983 3525 1047 3568 suos
1063 3511 1089 3566 in
1102 3512 1151 3567 do-
1167 3521 1190 3585 c
1205 3505 1419 3574 precedentibus
1440 3504 1545 3576 legator
1561 3524 1567 3559 :
1582 3527 1591 3558 ι
1606 3506 1640 3564 Et
1650 3523 1702 3563 non
1722 3509 1786 3564 cidit
1800 3509 1908 3566 Samuel
1923 3511 1990 3568 Sau-

372 3615 471 3657 rmum
494 3600 590 3667 David,
606 3607 635 3655 ut
656 3601 910 3668 cristodlrenteum,
929 3609 957 3657 ct
974 3601 1156 3659 intersseercnt
1207 3597 1260 3651 lem
1272 3611 1358 3668 11111111
1375 3598 1402 3652 111
1419 3598 1490 3653 dit-’¹¹1
1505 3600 1601 3655 111011ῑὸ
1615 3615 1679 3665 slah
1698 3605 1856 3671 »quomode
1870 3604 1989 3677 hicpro-

371 3714 380 3745 ι
399 3705 489 3748 mane.
508 3690 646 3747 discessit
659 3697 748 3750 autem
766 3690 958 3757 Davidnoete,
975 3689 1092 3763 elingit,
1114 3701 1156 3748 at·
1205 3690 1331 3760 phetasse
1345 3704 1435 3745 eoram
1447 3690 1572 3747 Samuele
1584 3692 1705 3747 dieamr?
1717 3692 1801 3761 Quam
1815 3695 1989 3765 quaestionem

371 3796 449 3854 «que
472 3781 655 3844 salvatusert.
679 3781 799 3852 Cumque
815 3783 953 3839 venissent
966 3784 1054 3838 nuntii
1078 3782 1153 3848 Saol,
1206 3779 1310 3836 llehraei
1332 3780 1374 3835 his
1395 3779 1498 3837 duobus
1522 3783 1609 3838 modis
1630 3784 1746 3838 solvunt.
1771 3784 1825 3840 ,lut
1844 3801 1897 3840 non
1920 3788 1987 3841 uidit

369 3894 379 3926 r
397 3871 559 3928 invenerunt
580 3871 697 3926 statuam
718 3870 746 3926 iu
771 3870 839 3927 lecto
855 3872 981 3942 positam,
1005 3881 1033 3927 et
1055 3871 1154 3943 pellem
1203 3885 1277 3937 eum,
1302 3873 1365 3941 quia
1380 3871 1487 3942 quando
1506 3872 1616 3943 junctus
1632 3881 1675 3929 est
1693 3873 1757 3929 Saul
1772 3890 1858 3930 cuneo
1871 3878 1988 3947 prophe·

369 3983 379 4017 ι
396 3962 510 4035 pilosam
524 3977 666 4033 capramm
680 3961 713 4016 ad
730 3970 812 4032 eaput
824 3961 891 4033 rjrrs,
910 3983 919 4015 ι
936 3971 989 4019 ete.
1006 3961 1154 4018 Audiamus
1205 3968 1304 4025 tarum,
1320 3960 1460 4017 abscondit
1476 3977 1506 4018 se
1518 3960 1626 4017 Samuel
1637 3976 1671 4017 ne
1685 3963 1819 4019 rideretur
1830 3964 1865 4018 ab
1877 3979 1924 4030 eo;
1942 3976 1989 4020 aut

365 4069 430 4127 erpo
443 4056 568 4128 quidhoc
587 4054 721 4127 signifieat
734 4056 806 4125 quod
820 4057 925 4112 miserit
939 4056 1004 4113 Saul
1017 4056 1153 4113 adcusan-
1203 4065 1256 4105 rrou
1279 4050 1346 4106 riclit
1368 4067 1430 4108 eum
1448 4052 1570 4107 indutum
1590 4053 1683 4108 babitu
1705 4054 1779 4125 regio
1801 4069 1854 4124 quo
1878 4054 1988 4111 inlutus

365 4148 490 4204 dlcmlam
505 4143 614 4204 domum
629 4146 727 4212 David,
749 4153 779 4203 ut
792 4147 1004 4203 interficeretur?
1025 4145 1081 4204 lloc
1098 4162 1151 4202 non
1202 4151 1262 4198 erat
1281 4143 1389 4213 quando
1401 4145 1502 4200 dictum
1516 4150 1578 4199 est:
1595 4164 1604 4196 ι
1622 4143 1679 4198 lion
1694 4144 1760 4198 vidit
1781 4160 1840 4199 erim
1857 4162 1942 4218 usque
1961 4149 1987 4202 iu

365 4237 399 4291 ad
418 4251 526 4294 erucem
547 4235 663 4301 homini,
680 4237 727 4292 sed
747 4245 837 4292 tamen
862 4236 894 4291 ad
916 4238 1070 4308 passionem
1094 4235 1153 4307 ejus
1202 4234 1273 4291 diem
1287 4235 1383 4293 mortis
1405 4251 1475 4301 sua,
1495 4256 1504 4286 ι
1522 4235 1698 4301 subauditur,
1725 4255 1734 4286 ι
1751 4236 1872 4291 indutum
1894 4237 1986 4292 habitu

364 4328 490 4398 pertinet.
507 4326 659 4383 Crocillrus
673 4328 744 4383 enim
767 4326 904 4395 Christus,
920 4335 948 4384 et
963 4337 1084 4385 mortuus
1098 4342 1150 4397 est,
1202 4326 1285 4398 regio.
1303 4345 1312 4378 ι
1326 4325 1498 4396 Exspoliassc
1512 4342 1577 4381 uero
1593 4342 1622 4381 se
1635 4342 1688 4382 non
1705 4326 1831 4381 omnihus
1843 4327 1986 4382 uestimen-

364 4431 396 4470 ιο
409 4416 537 4486 sepultus.
559 4416 627 4472 Erat
647 4431 712 4490 ergo
732 4415 777 4471 illa
800 4417 937 4486 sepultura
958 4427 1085 4490 tanquam
1104 4420 1151 4476 dn
1201 4415 1246 4481 tis,
1273 4414 1320 4470 sed
1337 4415 1473 4484 regalibus
1487 4415 1687 4487 intelligendum
1712 4424 1763 4470 est.
1782 4414 1841 4488 (lix
1857 4415 1986 4485 Isidoro.)

365 4519 435 4568 utris,
447 4504 480 4558 ad
498 4519 579 4573 quam
596 4506 797 4562 custodiendam
821 4507 895 4563 misit
911 4522 1022 4581 regnum
1046 4509 1150 4566 Judaeo.
1201 4502 1266 4558 item
1283 4503 1413 4574 quaeritur
1434 4504 1568 4573 ‹prromozlo
1584 4513 1611 4558 ct
1633 4504 1670 4559 illi
1691 4505 1776 4559 neritii
1790 4506 1835 4575 qui
1851 4506 1924 4560 missi
1942 4522 1984 4561 es·-

364 4609 433 4658 rmn,
459 4593 566 4663 quando
580 4596 705 4651 custodes
719 4595 831 4652 adhibiti
850 4605 914 4653 sunt
931 4597 1054 4668 sepulcro
1068 4598 1148 4655 Chri·
1200 4604 1260 4651 seat
1269 4594 1303 4650 ad
1315 4596 1460 4650 tenendum
1474 4595 1610 4651 homiuem
1625 4603 1652 4650 ct
1666 4594 1698 4648 ad
1713 4609 1806 4651 necem
1818 4595 1980 4660 duremhun,

364 4684 408 4740 sti.
432 4685 571 4752 Quomodo
588 4700 654 4758 ergo
674 4687 807 4743 crisconius
829 4696 871 4744 est
892 4689 999 4755 domus,
1024 4690 1047 4745 si
1064 4689 1148 4748 [savin
1199 4684 1260 4737 talis
1283 4683 1394 4753 spiritus
1417 4683 1562 4753 participes
1585 4682 1653 4737 ellici
1673 4684 1839 4741 meruerint?
1861 4684 1894 4736 Et
1918 4683 1982 4740 Smd

363 4777 495 4848 ligurabat
512 4777 659 4839 Christum,
675 4785 706 4831 ut
722 4776 847 4834 Christus
860 4778 1068 4843 interficeretur,
1083 4779 1146 4833 dma
1197 4776 1266 4846 ipse,
1289 4775 1335 4845 qui
1353 4776 1473 4840 miserat,
1487 4775 1607 4842 ueniens,
1623 4776 1721 4846 etipse
1734 4777 1890 4848 sanguinem
1905 4778 1984 4831 inuo-

360 4869 483 4924 Christus
497 4884 552 4924 non
566 4867 592 4923 in
606 4869 755 4939 sepultura,
774 4869 861 4924 sedin
881 4883 962 4926 emec
980 4871 1015 4925 sit
1034 4864 1184 4924 interle-,ll
1196 4871 1302 4921 centem
1325 4880 1448 4934 quaereus
1465 4863 1613 4930 effundere,
1639 4867 1761 4936 accipere
1782 4865 1880 4920 meruit
1903 4867 1982 4936 spiri-

359 4961 439 5015 ctusi
455 4959 581 5015 lielertur
598 4959 650 5014 boc
668 4960 702 5014 ad
722 4973 820 5028 eorpus
833 4957 945 5024 Christi,
967 4960 1030 5029 quia
1044 4959 1145 5016 interb-
1198 4964 1254 5010 tum
1269 4955 1342 5011 illum
1357 4964 1385 5010 et
1397 4955 1568 5027 prophetare.
1581 4956 1714 5024 erantum
1732 4959 1803 5013 enim
1814 4959 1847 5013 ad
1861 4959 1983 5022 litteram

359 5066 420 5105 cere
440 5050 577 5105 Christum
599 5057 658 5105 erat
685 5048 780 5104 tollere
799 5063 896 5104 nomen
916 5048 1015 5103 Christi
1034 5063 1145 5117 :necque
1198 5047 1303 5110 attinet,
1328 5061 1381 5101 non
1395 5056 1437 5101 est
1453 5048 1552 5101 mirum
1567 5047 1703 5102 hominem
1716 5050 1858 5117 reprobum
1874 5050 1907 5102 ad
1923 5066 1980 5104 mo-

358 5140 430 5195 cnim
444 5142 601 5197 crederetur
615 5140 640 5193 iu
655 5136 803 5203 Christum,
819 5139 841 5194 si
856 5139 1024 5194 ruendacium
1041 5153 1144 5208 preva-
1197 5144 1315 5190 ruentum
1329 5136 1482 5190 transitorie
1494 5136 1679 5205 prophetasse,
1703 5136 1765 5190 dum
1778 5138 1858 5191 ctiam
1878 5139 1980 5192 similes

358 5230 426 5286 leret
451 5230 591 5285 custodum
619 5229 665 5298 qui
696 5229 816 5297 corrupti
839 5237 915 5295 sunt,
947 5237 977 5284 ut
1002 5229 1141 5284 dicerent:
1196 5227 1272 5281 multi
1293 5227 1439 5297 prophetie
1454 5227 1553 5283 donum
1570 5228 1695 5300 leguntur
1710 5228 1930 5292 hahuisse,sicut
1952 5243 1979 5284 ct

360 5320 467 5387 «Quia,
482 5319 677 5375 dormientibus
703 5318 790 5383 uobis,
816 5330 948 5375 uenerunt
970 5322 1092 5390 discipuli
1117 5330 1145 5377 et
1196 5315 1302 5372 Balaam
1323 5315 1367 5371 ille
1390 5316 1536 5387 1091111111,
1559 5331 1639 5386 quem
1665 5331 1718 5372 11011
1742 5325 1812 5371 111101
1837 5317 1976 5387 Scriptum

358 5407 529 5463 abstulerunt
550 5421 612 5462 eum
627 5407 737 5478 (llutth.
761 5409 871 5478 xxmn).
890 5408 972 5466 illoc
991 5420 1034 5466 est
1054 5413 1144 5482 itaque
1188 5405 1291 5475 judicio
1304 5407 1395 5462 diuino
1411 5421 1472 5461 csse
1490 5407 1645 5461 danrnatom
1659 5406 1761 5478 (Num.
1780 5423 1850 5472 xrrr,
1866 5424 1931 5462 rxm
1953 5422 1976 5461 rt

357 5496 426 5552 uelle
437 5495 576 5552 Christum
595 5495 757 5563 interlicere,
780 5513 876 5554 nomeu
893 5499 952 5569 eis
967 5501 1144 5556 resurrectio·
1190 5497 1269 5570 aare)
1286 5517 1292 5551 :
1309 5499 1356 5553 sed
1376 5507 1467 5552 tannen
1490 5498 1659 5567 prophetiam
1685 5499 1833 5553 habebant.
1858 5498 1912 5552 Nec
1932 5499 1978 5553 illa

357 5587 400 5641 nis
414 5585 596 5657 exstinquere,
621 5595 651 5641 ut
664 5589 831 5645 nrcndacium
845 5589 989 5662 Evangelio
1001 5590 1142 5661 praeferre·
1189 5590 1270 5644 rerba
1281 5601 1374 5657 parum
1385 5595 1520 5643 testantur
1534 5588 1597 5644 huic
1610 5590 1759 5650 sententia,
1775 5605 1834 5657 qum
1849 5590 1875 5643 ln
1887 5589 1976 5644 Euan,

355 5671 477 5732 sunsei
495 5674 566 5729 sicut
585 5675 650 5731 illud
668 5691 721 5732 uon
742 5677 825 5733 valuit
849 5677 913 5734 Saul
927 5687 958 5734 ut
975 5680 1141 5736 interflueret
1191 5679 1260 5750 pelio
1277 5680 1377 5749 scripta
1391 5691 1466 5742 sunt,
1477 5677 1575 5733 multos
1586 5679 1705 5734 dicturos
1720 5680 1745 5733 in
1758 5678 1802 5733 illa
1815 5680 1859 5734 die
1877 5698 1883 5733 :
1899 5700 1908 5731 ι
1924 5681 1975 5733 ltu

352 5761 566 5827 bertunense
581 5766 791 5836 potuitregnmn
805 5766 957 5823 ludaeorum
972 5770 1087 5835 etheere,
1109 5780 1139 5825 ut
1191 5770 1274 5835 rnlne,
1289 5771 1410 5832 bomine,
1437 5771 1463 5824 in
1487 5770 1594 5825 nomine
1616 5779 1673 5832 too,
1698 5770 1926 5830 manducavimus.
1947 5782 1975 5827 et

353 5853 512 5914 numeriam
534 5853 635 5909 Christi
656 5855 765 5910 deleret.
781 5856 826 5911 lsti
843 5866 932 5913 autem
952 5859 997 5929 qni
1016 5860 1049 5913 de
1073 5860 1137 5914 Saul
1190 5859 1305 5915 hibimus
1327 5858 1569 5930 [prophetavimus
1590 5867 1617 5914 et
1637 5859 1767 5913 damonia
1786 5857 1932 5930 eiecimusi
1947 5870 1974 5916 ct

353 5944 461 6009 rirttue,
486 5945 582 6009 idest,
601 5945 635 6001 de
659 5961 741 6015 reguo
763 5946 927 6011 lurlaeorum,
951 5951 978 6003 in
998 5949 1135 6004 Christum
1190 5950 1216 6004 in
1232 5949 1340 6003 trunrino
1354 5959 1400 6002 tuo
1413 5947 1632 6002 uirhrtesmaltas
1645 5947 1757 6002 lceiums
1774 5948 1969 6020 (liutdurnir

352 6051 513 6113 proserpere
527 6038 678 6103 rutuemm,
703 6036 872 6093 ollendmunt
885 6039 911 6092 in
926 6038 1039 6111 lapidem
1052 6037 1136 6094 olien-
1189 6040 1291 6109 Quihus
1301 6049 1392 6095 tarnen
1405 6040 1527 6094 dicturus
1537 6046 1613 6092 estzr
1629 6036 1686 6092 Non
1700 6038 1761 6092 riori
1772 6053 1818 6096 ros
1828 6055 1969 6113 uuquam:
