4709 6767
359 651 416 710 m
824 635 998 694 communi.
1018 634 1052 692 tit
1070 633 1344 692 Pnnuiirottetm.
1358 661 1393 675 -
1410 631 1475 689 utu.
1495 631 1515 686 l.
1935 636 1989 692 iai

360 755 570 818 occidentalem,
582 757 637 808 ete.
648 748 798 818 Descriptis
808 747 988 818 principibus.
1003 746 1049 815 qui
1063 754 1152 802 trans·
1166 748 1194 806 Α
1206 744 1412 802 inveniebantur
1425 744 1551 802 delectari
1569 746 1596 801 in
1609 747 1690 803 rebus
1704 749 1846 806 mundanis
1859 764 1891 806 ac
1903 765 1988 806 saecu·

359 849 488 920 ingerunt
502 842 536 898 de
551 840 623 910 tribu
635 837 693 895 Gad
704 838 738 894 ud
751 837 846 903 David,
859 852 921 892 mos
934 837 1051 908 scriptor
1070 836 1154 892 bisto-
1205 834 1307 890 laribus
1320 834 1471 900 desideriis,
1485 843 1514 889 et
1524 834 1651 892 nolebant
1663 836 1698 891 ad
1711 852 1802 892 amm
1819 839 1948 894 virtutum
1963 848 1990 894 ct

358 938 410 994 ria
429 931 586 1002 arbjuurit,
607 929 720 984 dicens:
740 926 906 982 Nouissimas
921 934 1023 981 centum
1043 934 1153 997 preerat
1195 922 1343 994 ¹sapientiae
1369 921 1478 978 culmen
1501 926 1665 992 ascendere,
1688 941 1780 982 coram
1800 927 1991 1000 predicatione

358 1025 498 1088 niiititm,
512 1016 767 1077 etmaaimusmilie.
781 1016 902 1088 Duod(ni
917 1014 1006 1087 fallor)
1021 1014 1154 1086 potestati
1204 1012 1342 1084 Evangelii
1364 1011 1500 1084 ingerunt,
1520 1015 1582 1084 quia
1602 1014 1728 1072 resistcre
1747 1015 1880 1087 llajestati
1894 1018 1991 1078 divinae

358 1113 522 1187 mysterium
534 1109 696 1168 transferri:
716 1108 779 1179 quia
801 1108 926 1177 princeps
942 1107 1078 1162 exercitus
1098 1107 1152 1162 Do-
1205 1100 1278 1158 nttllo
1300 1102 1379 1158 modo
1395 1111 1550 1172 potuerunt.
1574 1103 1650 1161 Unde
1672 1105 1806 1176 Propheta
1822 1122 1857 1163 ex
1874 1123 1989 1178 persona

360 1205 438 1271 uiui,
451 1202 505 1260 boc
523 1209 581 1265 est,
603 1200 699 1256 doctor
711 1198 823 1267 quilibet
835 1196 1002 1264 catholicus,
1023 1195 1069 1266 qui
1091 1195 1154 1252 iicet
1205 1191 1865 1264 ipsiusSabmtorisadDominumuit:lnimieorum
1873 1216 1990 1255 meomm

352 1292 526 1356 ,missimus
537 1289 590 1345 diei
603 1295 695 1358 posset
708 1298 818 1357 propter
829 1284 1029 1341 observantiam
1043 1284 1153 1340 humili·
1203 1283 1298 1338 dedisti
1304 1286 1368 1339 milti
1378 1285 1495 1352 dorsum,
1506 1294 1530 1340 et
1542 1287 1655 1341 odientes
1667 1304 1707 1342 me
1718 1289 1895 1359 disperdidisti
1902 1289 1989 1362 (Ptol.

360 1382 437 1449 tatis,
443 1390 534 1438 tamen
548 1386 657 1434 centum
671 1377 812 1443 militibus,
820 1376 866 1446 qui
880 1376 907 1430 in
919 1374 1016 1431 eastris
1027 1374 1154 1432 Ecclesia
1202 1373 1281 1447 xvui.
1291 1376 1325 1430 Et
1338 1374 1485 1432 ieremias:
1499 1378 1550 1442 Qui
1560 1378 1656 1443 tarint,
1665 1379 1852 1449 inquit,marc‚
1861 1391 1884 1436 et
1896 1392 1991 1438 sonant

360 1470 475 1544 supplici
500 1467 642 1526 devotione
664 1466 764 1522 Christi
786 1465 910 1520 militiam
934 1471 1032 1535 agunt,
1056 1464 1154 1522 merito
1203 1464 1988 1543 pactusejus,·Dominusesrercituumnomeniiiiidcr.snt).

359 1561 514 1635 prefertur,
528 1558 591 1628 quia
601 1557 759 1627 perfectioni
769 1556 900 1611 uirtutum
911 1556 1010 1612 studet.
1022 1554 1056 1610 Et
1069 1555 1154 1610 maai-
1244 1555 1375 1611 Venerunt
1387 1567 1473 1612 autem
1483 1566 1508 1611 et
1518 1557 1550 1611 de
1559 1556 1701 1628 Beniamin
1712 1568 1737 1614 et
1750 1560 1781 1614 de
1791 1559 1863 1615 luda
1874 1562 1908 1614 ad
1921 1578 1990 1631 pru·

360 1671 419 1712 rsus
433 1652 516 1709 mille.
531 1650 664 1706 llaximus
673 1647 780 1704 illedici
790 1655 887 1718 potest,
900 1646 946 1717 qui
957 1647 1154 1716 seientiaeprae·
1203 1645 1299 1700 sidium
1313 1647 1341 1701 in
1356 1663 1407 1718 quo
1418 1656 1475 1701 erat
1488 1646 1583 1700 Dauid.
1601 1646 1777 1720 Egressusque
1792 1659 1831 1703 est
1850 1649 1934 1704 Duu‘d
1950 1651 1993 1705 oi-

360 1742 430 1800 sidio
441 1741 527 1797 luitus
543 1738 663 1794 laborem
684 1736 727 1808 pic
748 1743 857 1791 exercet
875 1735 1074 1806 predicationis
1091 1751 1153 1791 cum
1203 1737 1272 1791 uiam
1282 1738 1330 1803 eis,
1343 1746 1367 1792 et
1378 1738 1435 1791 ait:
1451 1734 1480 1791 Si
1491 1738 1599 1808 pacifice
1610 1739 1714 1795 venistis
1729 1741 1763 1794 ad
1777 1757 1825 1806 me,
1839 1751 1867 1794 ut
1878 1742 1992 1796 auaiiie-

359 1832 439 1890 bouis
449 1828 592 1900 exemplis,
606 1842 666 1883 cum
690 1827 718 1882 id
741 1826 812 1896 quod
825 1825 914 1881 verbis
928 1824 1008 1882 docet
1017 1826 1154 1896 operando
1204 1826 1269 1881 mini
1282 1826 1355 1890 mitri,
1366 1843 1411 1880 eor
1420 1842 1504 1881 means
1510 1825 1643 1897 jungatur
1652 1827 1731 1883 robis.
1743 1827 1775 1884 Si
1786 1839 1872 1888 autem
1883 1830 1994 1884 insidia-

360 1919 520 1984 couiirmst,
539 1927 620 1988 atque
641 1915 676 1971 ob
697 1915 749 1970 hoc
769 1924 868 1971 {eterna
889 1914 1070 1979 beatitudine,
1093 1930 1154 1986 quac
1203 1916 1268 1971 mini
1280 1917 1344 1970 milvi
1356 1933 1403 1987 pro
1422 1918 1579 1972 aduersariis
1594 1919 1659 1973 meis
1675 1920 1752 1990 (cum
1766 1937 1813 1992 ego
1829 1921 1992 1994 iniquitatem

359 2009 634 2068 millenariorumero
644 2005 810 2077 designatur,
822 2005 918 2076 dignus
927 2006 1078 2077 apparebit.
1091 2004 1154 2062 iiaee
1203 2004 1231 2059 is
1244 2006 1364 2060 mumius
1377 2021 1429 2060 non
1440 2006 1571 2078 babeam),
1584 2008 1668 2071 rideat
1683 2007 1754 2064 Deus
1768 2020 1873 2081 petram
1890 2020 1993 2066 nostro-

359 2098 434 2155 euim
450 2096 561 2168 augelus
583 2094 612 2151 iu
633 2094 737 2150 visione
753 2092 871 2150 Danielis
885 2093 919 2148 ad
938 2093 1100 2166 Prophetam
1113 2088 1190 2152 lo-B
1205 2112 1262 2152 rum
1283 2106 1307 2150 et
1319 2097 1432 2167 judicet.
1456 2095 1571 2167 Spiritus
1592 2115 1650 2153 cere
1672 2100 1779 2154 Domini
1798 2100 1883 2156 induit
1902 2101 1993 2155 eliisei

359 2205 457 2264 quens,
471 2190 510 2246 ita
524 2187 691 2258 distinguere
702 2187 818 2254 videtur,
830 2184 961 2242 interulis
975 2187 1085 2244 dicem:
1100 2188 1151 2254 Qui
1202 2187 1345 2259 principem
1357 2187 1424 2243 inter
1435 2189 1553 2257 triginta,
1567 2198 1592 2243 et
1610 2190 1668 2244 ait:
1687 2189 1736 2245 Tui
1749 2208 1850 2258 sumus,
1861 2208 1876 2245 o
1887 2191 1992 2257 Dauid,

358 2283 431 2338 docti
444 2281 543 2351 [ueniret
555 2280 690 2352 fulgebunt
704 2281 779 2351 quasi
793 2279 916 2352 splendor
929 2279 1110 2350 firmamenti5
1127 2287 1152 2334 et
1203 2286 1228 2332 et
1239 2287 1335 2346 tecum,
1346 2278 1386 2347 pili
1398 2277 1475 2344 lsai;
1491 2296 1554 2349 par,
1574 2296 1627 2351 pua
1636 2281 1684 2335 tiii
1691 2322 1699 2347 ,
1717 2291 1741 2337 et
1757 2299 1811 2353 pau
1826 2282 1993 2353 adjutoribus

357 2373 404 2446 gui
415 2372 592 2444 adjustitiam
603 2372 725 2426 erudiunt
740 2369 848 2435 multos,
864 2370 941 2441 quusi
957 2370 1039 2426 stella
1055 2370 1083 2423 in
1094 2385 1153 2439 per·
1203 2370 1266 2423 tuis.
1283 2367 1318 2424 Tc
1338 2370 1407 2423 enim
1425 2369 1534 2440 adinum
1547 2370 1619 2428 Deus
1638 2380 1708 2426 tuus.
1729 2369 1849 2443 Suscepit
1869 2389 1929 2444 erpo
1949 2389 1993 2429 eos

356 2471 450 2534 petuas
463 2461 621 2516 eternitates
633 2458 713 2533 (Dan.
730 2458 769 2532 s).
785 2458 871 2526 Quam
884 2460 1045 2516 senteutiam
1057 2461 1153 2516 beatus
1202 2457 1301 2526 Dauid,
1316 2467 1340 2514 et
1351 2461 1481 2514 constituit
1495 2461 1623 2532 principes
1639 2471 1743 2516 turnroe.
1762 2460 1829 2528 Quid
1844 2478 1893 2533 per
1909 2461 1992 2518 adre-

358 2551 541 2626 llierongmus
552 2552 581 2606 in
595 2557 710 2608 tractatu
722 2547 842 2605 Danielis
856 2549 894 2604 ita
911 2549 1028 2619 exponit,
1043 2549 1150 2605 dicens:
1203 2549 1309 2614 nieutes
1323 2549 1424 2607 milites
1442 2551 1475 2608 de
1489 2551 1560 2608 tribu
1577 2551 1645 2609 luda
1661 2537 1743 2625 atque
1759 2555 1792 2610 de
1810 2555 1880 2610 tribu
1894 2554 1993 2626 Benia-

360 2662 369 2696 s
389 2640 514 2714 iisgistri
527 2640 664 2696 habebunt
680 2638 883 2694 similitudinem
900 2637 984 2704 coeli;
1003 2646 1032 2696 et
1043 2638 1088 2708 qni
1103 2637 1153 2692 ali·
1202 2641 1260 2698 min
1275 2642 1309 2697 ad
1322 2641 1419 2707 David,
1430 2657 1498 2712 quos
1510 2643 1576 2714 ipse,
1589 2643 1640 2700 lide
1650 2660 1744 2702 eorum
1757 2645 1904 2716 explorata,
1916 2647 1992 2716 prin-

357 2747 428 2804 quos
437 2731 574 2797 erudiunt,
586 2730 724 2786 stellarum
737 2726 833 2801 iulgori
845 2729 1081 2800 comparabuntur.
1094 2725 1152 2783 Non
1203 2732 1278 2803 cipes
1291 2733 1523 2804 eonstituitsuper
1537 2743 1652 2801 turmas,
1671 2735 1722 2792 uisi
1744 2737 1869 2793 dectores
1887 2736 1992 2795 iudum

357 2821 432 2886 errius
446 2817 544 2876 sutiieit
557 2820 628 2876 seire
642 2818 817 2890 sapientiam,
836 2819 887 2875 nisi
902 2828 930 2874 et
941 2818 1009 2874 alios
1022 2818 1150 2884 erudias3
1204 2836 1264 2877 rum
1279 2829 1360 2892 atque
1371 2823 1491 2892 gentium
1505 2823 1701 2894 designantur?
1718 2824 1756 2880 De
1770 2826 1867 2896 quibus
1882 2825 1990 2894 Paulus,

359 2909 498 2982 tacitoque
520 2924 645 2968 sermone
668 2909 798 2965 doctrinm
819 2909 902 2966 alium
921 2925 975 2966 uon
998 2908 1151 2974 edificans,
1203 2912 1250 2984 qui
1268 2926 1302 2967 eu
1317 2911 1387 2968 tribu
1407 2910 1546 2981 Denjamiu
1565 2922 1676 2969 exortus
1690 2922 1748 2981 est,
1763 2915 1790 2970 iu
1810 2915 1928 2985 Epistola
1943 2932 1992 2972 sua

358 2999 513 3058 mercedem
537 3001 639 3056 otiosus
657 3002 776 3073 recipcre
795 3017 849 3058 non
870 3010 956 3074 potes.
992 2997 1104 3069 »Quem
1125 2989 1153 3058 et
1204 3011 1327 3069 testatur,
1342 3004 1453 3061 diceus:
1474 3003 1570 3061 Petrus
1584 3017 1608 3061 et
1622 3005 1738 3062 lacobus
1759 3016 1835 3079 atque
1857 3007 1990 3074 ioannes,

359 3087 456 3146 Mada
477 3088 564 3145 locum
579 3091 727 3148 Theodotio
748 3093 786 3148 ita
809 3093 960 3164 expressit:
979 3110 989 3144 ι
1007 3091 1041 3148 Et
1055 3092 1154 3156 inteili-
1202 3093 1247 3163 qui
1260 3091 1414 3148 uidebamur
1426 3093 1552 3147 columne
1569 3109 1640 3161 esse,
1655 3093 1761 3148 dextras
1782 3094 1847 3148 mibi
1864 3095 1992 3149 dederunt

358 3187 453 3250 gentes
466 3177 618 3252 fulgebunt,
632 3179 708 3250 quasi
722 3182 849 3253 splendor
859 3181 1037 3250 ilrmameuti;
1053 3190 1091 3249 et,
1107 3175 1153 3238 de·
1202 3191 1228 3237 et
1241 3180 1372 3240 Bersabe
1385 3183 1536 3248 societatis,·
1556 3192 1583 3236 ut
1599 3198 1645 3237 nos
1658 3182 1791 3254 ingentes,
1803 3183 1854 3255 ipsi
1867 3194 1954 3239 autem
1964 3186 1993 3239 in

359 3269 440 3328 victis
453 3270 585 3342 plurimis,
599 3273 676 3342 quasi
691 3273 718 3328 in
732 3284 863 3330 aeternum
880 3283 909 3332 ot
928 3273 1007 3332 ultra.
1027 3295 1037 3328 s
1060 3271 1153 3330 Solent
1197 3272 1427 3340 ¹circumcisionem
1443 3271 1548 3326 uerbum
1562 3270 1611 3326 Dei
1621 3273 1777 3328 seminarent
1789 3269 1887 3344 (Galat.
1904 3273 1944 3346 n).
1958 3271 1991 3330 lli

358 3360 481 3418 uonnmli
496 3377 618 3434 quaerere
633 3371 723 3419 utrum
746 3364 842 3420 doctus
861 3374 971 3422 sanctus
987 3374 1015 3420 et
1038 3363 1151 3436 simplex
1203 3377 1268 3436 ergo
1281 3362 1313 3418 ad
1324 3361 1529 3434 liedemptorem
1541 3370 1663 3416 nostrum
1675 3363 1812 3420 vernentes
1821 3364 1854 3420 de
1865 3364 1925 3418 ibici
1937 3381 1993 3421 sum

359 3461 472 3534 sauctus
484 3451 606 3508 eamdem
621 3455 772 3512 mercedem
791 3455 920 3522 babeant,
934 3466 960 3511 et
978 3470 1059 3511 unam
1079 3466 1108 3513 et
1124 3455 1151 3511 in
1165 3433 1188 3494 C
1203 3451 1303 3508 virtute
1327 3449 1362 3506 ab
1384 3451 1504 3508 omnium
1526 3450 1659 3507 cedrorum
1684 3452 1836 3525 cognitione
1860 3453 1992 3525 explorati

359 3541 516 3599 scelestibus
527 3542 693 3600 mansionem
704 3543 795 3615 (ioan.
808 3543 896 3614 xviri).
908 3543 985 3601 Unde
995 3560 1067 3602 nunc
1076 3543 1152 3616 jutta
1203 3550 1276 3598 sunt.
1290 3541 1365 3599 Unde
1378 3550 1422 3598 cst
1441 3541 1520 3608 illud,
1536 3543 1609 3612 quod
1624 3542 1752 3612 Dominus
1766 3545 1912 3616 discipulos
1929 3562 1992 3602 suos

360 3627 575 3688 i'lieodotionem
589 3631 655 3688 dicit
674 3632 747 3703 qued
769 3633 840 3688 docti
864 3631 1067 3691 similitudinem
1090 3635 1152 3691 coeli
1204 3634 1233 3690 in
1243 3633 1390 3706 Evangelio
1401 3630 1571 3706 interrogans
1581 3650 1661 3705 quom
1672 3651 1734 3692 cnm
1746 3635 1868 3694 homines
1878 3653 1939 3696 esse
1953 3637 1994 3704 di·

359 3721 653 3792 tabennensesque
675 3720 796 3778 doctrina
820 3719 871 3777 viri
893 3723 1032 3780 stellarum
1056 3723 1153 3796 iulgori
1190 3715 1317 3792 ¹cerent,
1343 3742 1404 3783 cum
1418 3727 1539 3783 diversus
1556 3728 1697 3797 opiniones
1710 3727 1849 3784 bominum
1862 3730 1895 3785 de
1916 3746 1945 3785 sc
1958 3732 1992 3785 ab

361 3821 575 3884 comparantur;
596 3822 754 3884 tantumque
767 3814 803 3869 sit
820 3813 890 3870 inter
901 3815 1037 3872 eruditum
1052 3817 1152 3872 sancti·
1204 3822 1245 3879 eis
1261 3821 1391 3887 audisset,
1407 3820 1553 3876 notissime
1568 3809 1662 3876 corum
1677 3819 1757 3875 iidcm
1777 3819 1935 3902 requisivit,
1951 3821 1993 3877 di·

361 3911 445 3960 tatem
457 3911 486 3958 et
499 3912 621 3960 sanctam
635 3904 824 3971 rusticitatem,
845 3914 975 3976 quioniam
994 3906 1094 3963 calum
1111 3904 1153 3964 di-
1205 3927 1287 3970 cens:
1310 3909 1359 3967 i'os
1374 3920 1460 3966 autem
1474 3927 1548 3982 quem
1562 3927 1669 3966 measse
1684 3909 1797 3965 dicitis?
1812 3909 1953 3982 Respondit
1967 3912 1994 3965 ei

362 4002 454 4052 sistet
464 3993 560 4051 steiiae.
572 3993 640 4050 ilinc
651 4010 759 4068 quoque
773 3995 871 4053 Paulus
883 3997 1021 4069 apostolus
1031 3997 1063 4054 ad
1073 3999 1154 4055 disci·
1204 4001 1297 4060 Abisai
1320 4009 1428 4067 noster,
1447 3998 1542 4056 Petrus
1554 4001 1677 4057 uidelicet
1690 4000 1837 4073 apostolus,
1857 4016 1927 4055 unus
1944 4015 1993 4070 pro

361 4084 454 4156 pulum
473 4086 604 4152 scribens,
627 4086 681 4140 ait:
704 4085 755 4154 Qui
777 4087 840 4142 bene
859 4097 975 4159 presunt
995 4089 1152 4160 presbyteri,
1205 4090 1340 4156 omnibus,
1358 4081 1466 4144 dicens':
1479 4087 1517 4143 Tu
1530 4107 1557 4145 cs
1570 4087 1689 4145 Cleristus
1702 4089 1788 4144 Filias
1804 4087 1852 4142 Dei
1865 4088 1924 4142 uiri.
1944 4087 1993 4142 Cui

362 4175 462 4246 duplici
473 4167 573 4229 bonore
587 4175 659 4250 digni
673 4174 800 4255 dolentur
808 4217 816 4244 ,
836 4178 950 4231 maxime
967 4178 1013 4250 qui
1034 4176 1154 4231 laborant
1206 4180 1337 4252 respondit
1348 4179 1442 4235 lesus:
1452 4178 1550 4234 Beatus
1562 4197 1597 4242 es,
1613 4171 1706 4235 Simon
1717 4177 1844 4250 Barjortu,
1858 4179 1919 4251 quiu
1931 4196 1993 4233 caro

362 4267 388 4324 ist
398 4268 478 4324 serito
490 4277 513 4321 ct
525 4266 644 4322 doctrina
656 4266 682 4341 (1
696 4267 764 4324 Tim.
779 4268 818 4342 v).
836 4268 905 4325 ilinc
926 4269 960 4325 ad
981 4267 1154 4324 inassatam-
1205 4278 1229 4324 ct
1241 4267 1348 4338 sanguis
1363 4283 1414 4320 nun
1429 4267 1548 4321 revelarit
1564 4267 1610 4321 tibi
1619 4308 1627 4332 ,
1642 4266 1688 4320 sed
1701 4265 1782 4321 Pater
1793 4283 1882 4334 meus,
1897 4268 1942 4339 qui
1955 4278 1993 4322 cst

363 4371 462 4414 censes
476 4397 485 4422 ,
499 4355 582 4412 dicit:
599 4355 730 4428 lioqnmus
740 4368 826 4414 autem
838 4375 899 4426 uos,
915 4359 1019 4434 fratres,
1033 4368 1062 4413 srt
1078 4375 1154 4414 noue·
1205 4358 1232 4413 in
1244 4355 1322 4412 coeiis.
1337 4355 1370 4410 Et
1383 4373 1429 4428 cqc
1440 4355 1498 4411 dico
1515 4357 1562 4411 tibi
1581 4355 1643 4428 qrsia
1662 4366 1691 4411 tu
1712 4373 1739 4412 es
1758 4354 1862 4423 Petras,
1876 4368 1900 4414 et
1916 4374 1994 4434 super

364 4451 421 4506 ritis
432 4448 505 4514 illos,
514 4465 605 4519 pacem
617 4449 711 4504 babere
721 4467 781 4504 cum
793 4451 831 4505 eis
842 4449 869 4524 (i
881 4450 970 4506 Tisess.
983 4450 1021 4521 r).
1033 4448 1083 4505 isti
1093 4458 1154 4505 sunt
1205 4447 1273 4501 bane
1287 4455 1388 4516 petram
1400 4445 1534 4515 aedificabo
1546 4444 1691 4501 Ecclesiam
1705 4463 1808 4512 menmg
1825 4459 1849 4502 et
1859 4458 1942 4519 portic
1952 4452 1994 4502 in·

365 4538 475 4612 sinquit)
482 4539 527 4609 qui
535 4538 694 4593 transierunt
701 4535 845 4594 dordancm
853 4556 939 4595 mense
945 4537 1154 4610 primo,quarsde
1206 4537 1256 4609 ieri
1268 4554 1320 4592 nou
1333 4535 1509 4608 prumalebunt
1524 4536 1647 4592 aduersus
1661 4554 1729 4592 eam.
1745 4537 1779 4591 Et
1794 4538 1841 4592 tibi
1854 4536 1922 4592 dubo
1936 4537 1993 4593 cla-

365 4628 495 4683 irmrrdure
504 4628 634 4682 consessit
647 4644 726 4698 super
736 4628 807 4698 ripas
820 4646 891 4683 suas.
911 4628 981 4696 Quid
995 4642 1044 4699 per
1057 4623 1154 4683 iorda—
1206 4643 1249 4684 nes
1263 4627 1335 4699 regni
1345 4624 1489 4692 coelorum·
1506 4635 1530 4680 et
1542 4625 1713 4697 quodeunque
1726 4626 1832 4681 mineris
1851 4643 1929 4698 super
1939 4637 1994 4682 ter-

367 4733 427 4775 teut
449 4714 579 4785 durium,
595 4717 622 4771 iu
638 4731 691 4787 quo
709 4715 838 4773 Dominus
851 4718 1003 4788 baptizatus
1023 4725 1079 4782 est,
1103 4716 1155 4771 nisi
1207 4735 1274 4784 ram,
1290 4718 1339 4773 erit
1353 4716 1467 4773 solutum
1481 4727 1505 4772 et
1516 4717 1544 4771 in
1556 4715 1645 4782 coeiis;
1656 4717 1860 4789 etquodcunquc
1874 4716 1993 4790 ligareris

367 4823 435 4880 aqua
450 4808 623 4879 baptismatis
635 4807 811 4884 designatur?
828 4809 1004 4865 Transierunt
1022 4821 1087 4879 ergo
1105 4807 1155 4862 do-
1207 4818 1416 4880 superterram,
1438 4806 1486 4865 erit
1505 4806 1614 4878 ligatum
1627 4817 1651 4862 et
1670 4805 1697 4861 in
1715 4805 1784 4862 celis
1804 4805 1911 4880 (lintri.
1926 4811 1992 4879 xm).

368 4909 455 4956 ctorcs
470 4899 557 4954 sancti
572 4897 718 4955 Iordanem
732 4914 826 4956 mense
841 4901 940 4972 primo,
954 4899 1061 4970 quando
1078 4898 1156 4954 inun-
1208 4897 1339 4971 llocergo
1350 4900 1430 4954 modo
1440 4912 1489 4968 pro
1499 4893 1560 4951 lidei
1570 4911 1625 4953 suae
1636 4895 1716 4952 laude
1726 4912 1778 4952 rron
1789 4896 1874 4953 solum
1885 4895 1991 4958 Petrus,

369 4987 432 5042 aare
450 4986 593 5042 armeris
613 4987 687 5058 ripas
702 5003 775 5053 suas,
790 4988 854 5058 auia
873 4995 1017 5058 apparente
1032 4987 1060 5041 tn
1074 5001 1156 5042 carue
1208 4993 1255 5050 seu
1268 5000 1297 5048 er
1307 4990 1353 5046 atii
1365 4987 1488 5061 apostoli,
1504 5003 1553 5044 nec
1565 5003 1618 5043 non
1630 4988 1756 5043 eicerent
1771 4989 1894 5044 emtores
1909 4988 1994 5043 sance

368 5073 435 5132 Filio
454 5075 520 5142 Dei,
539 5084 567 5131 et
580 5091 679 5130 annum
693 5076 768 5131 ilium
783 5077 959 5143 consecrarit,
978 5091 1058 5147 quem
1071 5074 1157 5131 isaias
1209 5079 1371 5138 remunerati
1386 5086 1458 5144 sunt,
1478 5078 1540 5149 quia
1553 5064 1702 5149 principes,
1724 5077 1870 5133 secundum
1887 5087 1995 5132 senten·

369 5167 499 5238 propbeta
513 5166 638 5235 praedixit
656 5166 847 5236 acceptabilem
870 5182 931 5223 esse
953 5166 1068 5221 Domino
1081 5164 1154 5239 (isa.
1208 5170 1275 5225 tiam
1288 5168 1339 5224 viri
1352 5166 1447 5232 DaviD,
1461 5180 1659 5236 superomncm
1672 5175 1772 5221 terram
1784 5167 1817 5221 ab
1831 5165 1888 5236 ipso
1898 5167 1996 5221 eonsti-

371 5257 543 5328 lapsuum
554 5267 583 5311 ut
592 5255 719 5327 baptismi
730 5266 926 5312 sacramentum
937 5271 985 5312 suo
996 5255 1160 5328 baptismate
1210 5259 1261 5314 tuti
1279 5263 1439 5329 potestatem
1455 5257 1555 5312 habent
1567 5253 1667 5327 ligandi
1688 5263 1769 5325 atque
1782 5253 1900 5309 solvendi
1915 5263 1995 5325 pmnt

373 5347 556 5414 musccrarit,
571 5347 755 5417 copiosissime
777 5349 861 5418 ipsius
878 5347 1039 5403 sacramenti
1061 5361 1160 5402 munus
1211 5365 1293 5406 causa
1311 5348 1423 5419 jusitia
1443 5347 1484 5403 eis
1503 5347 1655 5404 dictaverit.
1676 5347 1744 5404 llnic
1764 5363 1871 5419 quoquc
1890 5349 1952 5403 alibi
1967 5347 1993 5403 in

373 5441 541 5510 predicando
558 5449 640 5512 atque
662 5442 822 5512 baptizando
842 5443 869 5497 in
884 5450 940 5498 toto
953 5441 1019 5497 orbe
1031 5441 1160 5497 dilatave·
1211 5436 1354 5512 Evangelio
1368 5437 1424 5507 ipsa
1439 5437 1556 5502 Veritas,
1575 5437 1703 5492 ordinans
1713 5437 1903 5507 praedicatores
1915 5453 1993 5501 suos,

375 5540 452 5600 runt;
471 5541 500 5588 ct
520 5548 614 5589 omues
636 5533 796 5607 fugaverunt
812 5535 857 5604 qui
875 5534 1050 5590 morabantur
1063 5532 1091 5588 in
1104 5532 1161 5586 val·
1211 5534 1248 5590 ait
1270 5533 1341 5589 illis:
1361 5533 1443 5588 Amen
1464 5534 1522 5588 dico
1537 5534 1623 5590 nobis:
1646 5514 1995 5607 Qua’cunque⁰aiiiqateritis

372 5621 441 5680 'libus
454 5624 488 5680 ad
510 5623 673 5682 Drientalem
692 5625 797 5697 plagam
814 5634 841 5681 ct
859 5623 1072 5687 occidentalem
1096 5620 1159 5692 quia
1210 5642 1288 5696 super
1305 5634 1412 5689 terram,
1427 5633 1503 5678 erunt
1517 5624 1598 5695 lipara
1615 5633 1639 5678 et
1654 5625 1682 5678 in
1695 5625 1777 5690 celo,
1796 5634 1821 5678 et
1836 5638 1995 5696 quincunque

377 5727 465 5772 ornnes
479 5717 525 5788 qui
538 5732 571 5771 ex
585 5715 700 5781 ludaeis,
720 5732 788 5787 quus
804 5715 949 5772 Drientalis
961 5714 1037 5786 plaga
1051 5721 1160 5784 proptor
1209 5713 1338 5770 solveritis
1350 5730 1427 5783 super
1439 5724 1545 5780 terram,
1554 5725 1630 5769 crunt
1644 5715 1729 5770 soluta
1739 5725 1762 5770 et
1774 5717 1802 5770 in
1814 5712 1993 5786 emlo(liattir.

378 5813 460 5862 ortum
471 5803 565 5878 legalis
578 5807 695 5863 scientius
706 5807 835 5879 designat,
852 5806 893 5860 vel
909 5822 941 5862 es
955 5805 1080 5878 gentihus
1092 5818 1160 5873 quas
1211 5805 1299 5879 svm).
1324 5804 1392 5861 ilinc
1411 5815 1439 5861 et
1451 5816 1513 5878 post
1525 5811 1749 5865 resurrectionem
1764 5823 1895 5878 apparens
1908 5804 1994 5860 insui-

379 5891 525 5954 Dccidentis
539 5897 617 5954 elima
630 5909 740 5970 propter
758 5914 883 5956 occasum
900 5898 1031 5954 naturalis
1044 5898 1160 5967 prudcn·
1211 5893 1284 5950 navis
1298 5896 1324 5950 in
1342 5910 1404 5963 eos,
1426 5905 1452 5952 et
1475 5897 1558 5952 dixit:
1577 5898 1689 5970 Accipite
1708 5897 1834 5970 Spiritum
1855 5904 1994 5951 sanctum:

380 5984 418 6043 tia
428 5989 566 6064 exprimit,
577 6004 658 6061 quum
673 5989 721 6055 illi,
738 5990 807 6046 idola
826 5990 953 6054 colendo,
967 5987 1157 6059 prodiderunt,
1211 6002 1320 6058 quorum
1342 5987 1490 6040 rerrrircritr's
1503 6000 1620 6056 precenta,
1636 5988 1801 6042 remittuntur
1814 5986 1873 6052 cis5
1891 5994 1916 6040 ct
1932 5997 1997 6059 quu-
