4709 6767
385 671 439 731 253
711 666 742 721 lt.
762 664 889 722 halmal
904 663 1014 721 ltlhld
1031 661 1192 721 another.
1212 660 1368 721 dodum.
1387 658 1530 718 orbabat
1561 661 1650 719 PARS
1669 663 1689 719 l.
1963 665 2020 725 Μ

385 788 572 845 nominantur.
602 784 704 855 ilcgma
732 779 1021 838 reroetSahatbaclra
1048 780 1176 852 paulatim
1191 782 1215 842 A
1230 793 1295 834 num
1317 778 1475 834 reservavit.
1489 778 1582 834 dradii
1605 784 1680 843 srvat,
1701 776 1748 849 qui
1762 776 1883 833 Ατιιιιι
1905 778 2028 838 inulam

385 879 497 948 antiqua
514 875 623 931 uomina
643 874 773 930 vocabola
790 874 942 944 perdidere,
967 882 996 929 et
1022 888 1082 943 qaum
1106 886 1177 928 nune
1229 870 1407 940 possederunt
1420 876 1535 940 angusto
1557 867 1629 923 fretu
1649 881 1665 922 a
1683 865 1820 924 Phoenicis
1837 867 1932 926 littore
1945 884 2028 941 sepa·

385 981 436 1039 pro
453 966 589 1022 veteribus
604 965 730 1029 haneant,
744 965 893 1034 ignoratur.
1230 969 1290 1016 rata
1314 959 1448 1015 Samaria.
1477 959 1583 1014 Emissa
1606 958 1706 1016 nobilis
1729 958 1884 1031 Coelesyriae
1901 960 2025 1030 civitas3

416 1058 501 1112 Porro
515 1055 565 1123 filii
582 1054 678 1124 doymo
692 1054 764 1108 Soio
775 1063 799 1108 et
810 1051 1037 1124 Dodonldcnn).
1047 1053 1096 1108 liic
1107 1052 1179 1108 Saba
1229 1053 1415 1122 amathusque
1428 1052 1463 1107 ad
1481 1059 1604 1107 nostrum
1622 1060 1728 1121 tempus
1741 1058 1796 1106 tam
1809 1066 1825 1107 a
1838 1051 1917 1123 Syris
1939 1068 2028 1125 quam

387 1162 437 1218 per
455 1146 495 1198 ein
507 1144 625 1198 litteram
638 1142 783 1207 scribitor;
798 1157 879 1213 supra
894 1158 959 1197 vero
969 1157 1019 1213 per
1032 1143 1146 1205 aomccb,
1163 1156 1179 1196 a
1229 1143 1265 1199 ah
1275 1142 1405 1208 Hebraeis,
1420 1141 1458 1196 ita
1472 1150 1502 1196 ιι
1517 1140 1589 1211 apud
1600 1148 1707 1196 veteres
1724 1140 1797 1196 dieta
1812 1138 1911 1207 iuerat,
1932 1142 2029 1214 eppei·

386 1250 441 1306 quo
454 1234 572 1289 diximus
595 1232 743 1303 appellatos
762 1231 881 1288 Sabaeos.
904 1231 1099 1301 interpretatur
1113 1246 1180 1303 ergo
1229 1232 1312 1288 latur.
1333 1232 1409 1288 Hane
1430 1231 1605 1296 Macedones,
1629 1229 1677 1300 qui
1701 1238 1763 1299 post
1782 1228 1968 1287 Alexandrum
1996 1230 2030 1287 iu

386 1339 459 1379 nuuc
483 1322 553 1378 Saba
577 1323 687 1377 Arabia.
716 1321 784 1376 Nam
812 1322 839 1376 in
870 1323 1068 1393 septuagesimo
1093 1324 1180 1390 primo
1231 1323 1347 1380 Oriente
1374 1331 1545 1395 regnarunt,
1579 1320 1757 1392 Epiphaniam
1783 1327 2027 1391 nuncupaverunt.

386 1414 503 1485 psalmo,
519 1410 565 1467 ubi
592 1428 642 1467 nos
663 1412 794 1468 habemns
809 1427 816 1467 :
832 1411 911 1482 lieyea
933 1412 1051 1468 Arabum
1065 1422 1089 1466 et
1107 1412 1180 1468 sior
1229 1416 1356 1473 Nonnulli
1373 1414 1545 1471 Antiochiam
1561 1413 1598 1468 itu
1614 1411 1775 1483 appellatam
1789 1418 1896 1482 putant
1911 1410 1978 1478 Alii,
1990 1410 2029 1467 li-

369 1539 372 1546 .
386 1521 498 1561 munera
512 1505 621 1574 offerent
628 1503 714 1576 (Psoi.
727 1502 814 1574 erar),
822 1504 848 1557 in
856 1503 970 1558 liehraeo
983 1504 1178 1574 scriptumest:
1232 1517 1277 1566 eet
1290 1523 1343 1563 noo
1357 1520 1432 1572 vere,
1456 1513 1547 1560 tamen
1570 1503 1726 1574 opinionem
1735 1516 1818 1558 ‘suam
1829 1501 1908 1573 quasi
1929 1501 2030 1557 ιιι-ἱει-

387 1597 467 1669 lieyca
482 1598 553 1653 Soio
568 1608 592 1652 et
604 1595 674 1652 Saia
687 1610 696 1647 .·
708 1596 825 1667 primumi
844 1610 943 1649 nomen
955 1609 1005 1665 per
1015 1595 1068 1661 rin,
1084 1610 1180 1650 secun
1231 1599 1288 1653 mili
1296 1595 1429 1653 vocabulo
1441 1593 1645 1659 coudrmantes,
1654 1592 1756 1649 Emeum
1767 1592 1884 1663 primam
1891 1589 2030 1647 ahhutio-

387 1690 450 1745 dum
467 1689 641 1760 persumeeh.
657 1687 749 1741 Dedan
763 1701 829 1757 gens
843 1693 885 1740 est
899 1684 1046 1756 AEtlriopior
1061 1685 1089 1740 in
1104 1684 1180 1740 0cci·
1229 1689 1292 1744 chia
1329 1688 1497 1743 mansionem
1526 1683 1665 1740 AEdissatu
1691 1683 1869 1755 pergentibus
1894 1681 2030 1753 appellari

387 1779 489 1837 deutali
500 1779 590 1849 plaga.
1230 1790 1325 1854 putant
1338 1780 1503 1838 eteamdem
1521 1791 1654 1850 essequae
1671 1776 1742 1849 apud
1766 1784 1875 1833 veteres
1896 1774 1969 1832 dicta
1992 1774 2035 1831 sit

422 1868 494 1923 Circo
506 1877 594 1940 uatem
615 1868 705 1938 petiuit
721 1866 838 1921 Nentrod
850 1880 857 1919 :
873 1866 920 1922 iste
933 1866 1007 1938 coepit
1020 1884 1075 1922 csse
1088 1876 1180 1938 potens
1230 1872 1353 1930 AEmath.

387 1960 414 2014 in
427 1970 498 2015 terro
516 1958 592 2031 (Gen.
606 1947 646 2030 x).
661 1958 803 2013 Potentem
814 1958 881 2013 dicit
891 1956 1010 2014 Nemrod
1022 1965 1177 2029 propterea,
1266 1963 1331 2018 Filii
1350 1961 1421 2028 Sem,
1437 1962 1529 2017 AEInm
1543 1970 1567 2017 et
1587 1961 1672 2016 Astur
1685 1968 1710 2014 et
1728 1957 1871 2030 Arphucutl
1889 1967 1914 2013 ct
1929 1956 1991 2012 hed
2004 1967 2038 2013 et·

387 2051 451 2120 quia
474 2050 607 2104 insuetam
623 2048 794 2120 tyrannidem
812 2048 957 2118 primasio
979 2048 1086 2118 populis
1109 2048 1181 2103 arri·
1231 2054 1313 2109 Arum
1327 2051 1404 2126 (Gen.
1417 2052 1457 2126 ι).
1473 2051 1505 2107 lli
1525 2051 1560 2108 ab
1571 2050 1711 2122 Euphrate
1726 2048 1807 2104 lluvio
1824 2055 1931 2120 partem
1943 2047 2031 2114 Asiae,

386 2140 455 2210 puit.
468 2138 506 2194 [te
530 2155 583 2210 quo
608 2140 636 2195 in
660 2137 799 2195 Geneseos
817 2138 950 2208 scripmm
964 2146 1008 2195 est
1024 2138 1117 2209 :quod
1139 2155 1182 2193 re-
1195 2133 1220 2196 B
1233 2158 1320 2214 nsque
1345 2142 1379 2198 ad
1403 2142 1533 2198 indicium
1559 2136 1697 2197 Oceanum
1731 2147 1834 2195 tenent.
1864 2139 1913 2194 Est
1936 2146 2035 2194 auteur

388 2230 479 2286 bustris
498 2240 605 2284 ueneror
619 2238 691 2285 esset
704 2245 793 2284 coram
807 2229 862 2283 ileo
882 2228 959 2300 (Gen.
985 2228 1031 2303 x),
1054 2229 1118 2300 quia
1134 2229 1183 2286 hu·
1231 2232 1307 2288 Elam
1326 2247 1408 2303 aquo
1428 2230 1550 2286 Elantia
1570 2229 1707 2302 principes
1732 2226 1862 2283 Persidis.
1882 2226 1922 2283 lie
1941 2225 2034 2284 saur

387 2324 474 2378 mines
491 2338 506 2376 a
521 2322 569 2377 hei
585 2322 688 2376 cultura
710 2321 819 2377 avertit.
837 2321 915 2376 Unde
939 2319 1073 2390 Iosephus
1093 2321 1127 2376 de
1149 2336 1183 2377 eo
1232 2333 1295 2380 ante
1310 2323 1367 2395 jam
1397 2321 1498 2378 dictum
1517 2330 1569 2386 cst,
1585 2319 1658 2390 quod
1682 2318 1797 2374 Niniren
1813 2318 1909 2374 urbem
1931 2319 2033 2375 condi·

387 2423 492 2478 narrat,
504 2414 620 2469 dicens:
640 2431 649 2465 r
663 2413 740 2469 Fecit
753 2421 843 2468 autem
857 2428 904 2469 eos
919 2414 1077 2470 esseelatos
1091 2413 1182 2471 adia·
1232 2416 1314 2474 derit.
1338 2414 1493 2486 Arphaxad,
1516 2429 1532 2468 a
1549 2428 1604 2484 quo
1629 2411 1759 2468 Chaldaei.
1782 2411 1849 2478 Lud,
1865 2426 1881 2466 a
1899 2425 1954 2483 que
1978 2410 2035 2484 Ly-

384 2505 486 2577 juriam
510 2507 558 2562 bei
573 2514 655 2576 atque
668 2514 852 2578 contemptum
871 2506 990 2563 Nemrod
1013 2507 1084 2563 lilius
1097 2494 1183 2563 Cheru
1233 2513 1287 2578 dia,
1304 2512 1404 2576 Aram,
1425 2525 1440 2563 a
1459 2523 1513 2579 quo
1528 2507 1599 2579 Syri,
1613 2520 1731 2577 qrrorum
1745 2504 1903 2577 metropolis
1921 2512 1964 2561 est
1977 2503 2036 2560 be·

389 2596 436 2651 olii
456 2596 522 2652 Noe.
538 2597 589 2665 Qui
606 2612 668 2652 curu
683 2604 755 2651 esset
775 2596 905 2652 audacior
928 2604 956 2652 et
971 2612 1052 2653 mann
1067 2595 1185 2654 lortissi·
1233 2618 1352 2660 museus.

388 2695 466 2752 thus,
484 2687 616 2743 suadebat
625 2688 721 2754 eis,ut
738 2703 793 2742 non
806 2687 863 2742 Deo
877 2688 1048 2744 ascriberent
1058 2688 1121 2760 quia
1135 2690 1184 2744 ho-
1269 2691 1324 2747 Fili
1342 2692 1424 2745 Arum
1448 2688 1507 2745 ilar
1528 2698 1553 2743 ct
1570 2684 1811 2743 HaletGetireret
1826 2683 1974 2758 hermen.
1991 2684 2033 2758 x).

384 2778 508 2835 'minibus
528 2793 578 2847 per
590 2777 664 2832 ilium
685 2776 800 2833 felicitas
821 2777 954 2845 eveniret,
979 2778 1027 2833 sed
1047 2778 1119 2848 quod
1132 2780 1185 2834 huc
1234 2783 1291 2841 llus
1305 2781 1487 2840 draconitidis
1499 2788 1527 2836 et
1539 2779 1664 2835 Damasei
1682 2777 1806 2835 eoue‘ttor
1820 2778 1894 2834 iuter
1909 2776 2035 2834 Palaesti-

389 2867 430 2924 eis
443 2868 552 2937 propria
567 2867 668 2923 virtute
680 2867 862 2937 praelreretur3
886 2878 914 2923 et
927 2877 1056 2940 cognatos
1077 2869 1185 2941 generis
1235 2890 1298 2929 nam
1324 2881 1352 2928 et
1378 2871 1554 2942 Coelesyriam
1583 2869 1671 2930 tenuit
1697 2866 1944 2939 principatum,a
1977 2881 2035 2937 quio
2107 2854 2112 2862 ’

390 2956 432 3013 sui
456 2957 491 3011 ad
513 2972 624 3013 eausam
642 2957 792 3029 tyrannidis
808 2956 930 3025 adduxit,
946 2958 1021 3015 solus
1044 2960 1102 3029 ipse
1116 2975 1186 3031 prte-
1236 2965 1414 3036 Septnaginta
1434 2962 1599 3032 interpretes
1616 2961 1644 3017 in
1665 2960 1713 3016 lih.
1727 2957 1789 3026 lob,
1803 2960 1850 3016 uhi
1864 2959 1895 3015 iu
1917 2958 2035 3016 hebraeo

390 3062 501 3103 sumens
529 3047 681 3103 hominesa
702 3049 750 3104 liei
770 3048 868 3104 timore
892 3064 1035 3113 revocare,
1063 3058 1091 3105 et
1109 3064 1185 3120 spem
1235 3058 1373 3123 scribitur,
1388 3054 1470 3110 Terre
1484 3053 1536 3120 lle,
1551 3052 1681 3124 repicnem
1698 3050 1862 3119 desilierat,
1878 3051 1956 3122 quari
1966 3047 2033 3107 Uti·

390 3154 467 3196 snam
481 3139 508 3194 in
522 3138 632 3209 propriu
651 3140 750 3194 virtute
777 3154 924 3210 reponere,
947 3139 1097 3211 ulciscique
1123 3154 1185 3197 esse
1236 3148 1332 3213 tidem,
1352 3144 1549 3200 transtulerunt
1565 3141 1658 3208 liuba
1678 3155 1733 3211 quo
1759 3139 1893 3196 Armenii.
1916 3138 2035 3207 (lether,

392 3233 532 3288 dementes
545 3228 573 3284 in
585 3228 641 3285 beo
655 3230 788 3299 putabant
806 3230 1024 3287 interminantem
1044 3230 1102 3287 lere
1116 3230 1186 3285 diiu-
1236 3252 1323 3307 ,qno
1342 3235 1478 3292 Acerrani
1492 3234 1549 3289 sive
1564 3232 1648 3288 Curii.
1663 3232 1748 3287 Porro
1761 3244 1811 3300 pro
1827 3229 1884 3285 Her
1903 3228 1977 3287 Lxx
1991 3228 2037 3285 lu-

391 3322 465 3377 viem
484 3329 575 3377 terrac.
591 3321 725 3392 thuam
748 3334 859 3377 causam
877 3321 972 3376 turrim
996 3320 1184 3378 aedificandam
1237 3335 1370 3399 terpretes
1401 3323 1511 3382 liotoch
1544 3322 1693 3389 dixerunt,
1722 3321 1769 3392 qui
1795 3334 1870 3378 nuuc
1899 3325 2037 3376 ιιιιιιιιι

391 3411 514 3480 altiorem
527 3412 687 3478 suadebant,
701 3412 747 3467 ubi
762 3426 831 3483 aqua
843 3426 897 3465 non
911 3419 1004 3481 posset
1027 3414 1184 3468 ascendere.
1238 3418 1358 3476 meones.

391 3502 535 3557 blultitudo
545 3512 636 3558 autem
648 3516 735 3573 prona
750 3508 818 3567 erat,
827 3508 857 3555 ut
869 3500 986 3557 Ncmrod
996 3501 1186 3573 praeecpcioni-
1200 3488 1223 3553 C
1274 3508 1419 3580 Apprime
1432 3516 1520 3561 norm
1529 3505 1617 3575 qenais
1632 3502 1761 3575 soleya
1775 3512 1800 3558 er
1809 3503 1866 3574 ipre
1875 3502 1964 3574 mee
1979 3499 2037 3557 lla-

379 3591 442 3650 'hus
465 3595 618 3661 obedirent,
640 3608 722 3666 grave
743 3602 869 3664 putantes
895 3594 1054 3661 servilium,
1073 3595 1186 3666 Obsequi
1237 3589 2038 3664 her.Porrol1ebcrnutiaentduofitiisncmnlirriPlrekq

385 3685 582 3742 ·1teo:turrim
605 3682 776 3740 edificabant
798 3683 826 3739 in
840 3683 915 3740 nullo
936 3699 986 3741 sua
999 3686 1089 3742 studia
1108 3686 1187 3744 dese·
1236 3692 1441 3767 qotoindieiua
1456 3689 1513 3759 ey’ar
1526 3688 1612 3742 diuise
1623 3695 1662 3741 cst
1680 3695 1768 3751 term
1788 3692 1813 3739 et
1830 3699 1925 3739 umen
1938 3682 2037 3753 tranis

384 3783 493 3831 rentes.
513 3794 523 3828 r
544 3774 678 3846 Regnavit
699 3782 789 3829 autem
802 3772 920 3831 Nemrod
943 3774 971 3829 in
996 3775 1134 3848 Babylone
1158 3785 1187 3834 et
1236 3786 1294 3855 eye,
1315 3783 1409 3838 lerion
1428 3777 1505 3854 (Gerr.
1521 3780 1560 3849 x).
1587 3777 1687 3844 lieber,
1710 3790 1795 3847 aquo
1817 3773 1924 3832 liebrrui
1941 3776 2038 3832 uocati

390 3865 512 3934 llareeh,
525 3867 577 3922 hoc
590 3874 643 3933 est,
658 3873 686 3921 et
696 3866 722 3921 in
738 3865 855 3921 Ederam
865 3873 892 3922 et
903 3864 1027 3932 blachad,
1039 3882 1100 3937 qum
1114 3883 1187 3924 nunc
1236 3882 1310 3940 sunt,
1328 3872 1456 3928 vaticinio
1468 3870 1585 3940 quodam
1606 3867 1726 3924 liliosae
1748 3865 1959 3938 Pboleqnornen
1981 3864 2037 3922 in.

393 3962 490 4019 dieitur
514 3960 626 4029 Nisibis,
639 3969 668 4017 et
683 3962 710 4016 in
730 3960 888 4027 chalamie,
911 3976 971 4030 qnae
990 3968 1083 4030 postca
1106 3977 1187 4018 uerso
1236 3964 1336 4034 posuit,
1352 3963 1398 4032 qni
1421 3957 1732 4030 iuterpretaturdieirio,
1745 3956 1821 4011 abeo
1833 3955 1906 4025 quod
1923 3954 1952 4010 iu
1972 3954 2036 4011 clie-

391 4055 529 4111 nominea
547 4053 661 4110 Seleuco
674 4068 737 4126 rege
752 4060 792 4108 est
818 4052 892 4108 dicta
907 4050 1042 4118 Seleucia,
1056 4051 1097 4107 vei
1111 4061 1186 4108 certe
1236 4056 1287 4111 bus
1300 4053 1359 4123 cios
1369 4054 1468 4123 linguae
1480 4053 1508 4108 iu
1524 4050 1661 4123 babylone
1674 4048 1769 4105 diuisae
1782 4054 1856 4103 sunt.
1869 4046 1970 4103 llarrat
1983 4062 2035 4101 au-

392 4163 452 4218 qnae
465 4162 537 4201 none
548 4145 673 4216 lltycinm
688 4144 849 4215 appellatur.
1237 4153 1291 4201 tem
1307 4144 1395 4210 Philo,
1422 4144 1450 4199 in
1464 4143 1534 4199 libro
1551 4141 1737 4210 Quaestionum
1757 4153 1868 4195 suarum
1884 4150 1968 4207 super
1981 4135 2037 4193 Ge-

427 4240 554 4297 ilcsruim
569 4256 628 4294 uero
640 4239 729 4310 penult
752 4237 859 4303 Ludius,
874 4245 898 4291 et
913 4235 1053 4302 Aaumim,
1067 4244 1091 4290 et
1117 4233 1187 4289 Lea·
1236 4236 1335 4300 nesim,
1351 4236 1423 4305 quod
1437 4249 1471 4290 ex
1491 4234 1578 4289 trihus
1588 4232 1652 4289 liliis
1665 4232 1734 4298 Noe,
1745 4232 1835 4287 adhuc
1846 4230 1907 4302 ipo
1924 4228 2037 4287 vitellio

391 4334 455 4400 him,
476 4340 499 4387 ct
515 4329 694 4402 Ncpbtlraim,
709 4327 861 4385 Phetrusim
883 4344 985 4401 qaoque
1009 4336 1034 4383 ct
1057 4323 1185 4382 Casiaim.
1236 4329 1293 4383 nati
1311 4328 1367 4383 sint
1382 4334 1518 4399 nongenta
1533 4326 1739 4398 quatuordecim
1765 4324 1848 4380 millia
1868 4318 2036 4377 rirorumet

394 4426 431 4482 De
443 4426 536 4488 ouibus
548 4425 645 4497 eprersi
662 4434 723 4478 suot
737 4422 899 4478 Philiathiim
912 4419 1184 4495 etCophtorim(Gcn.
1237 4424 1356 4481 centum,
1367 4424 1444 4472 extra
1460 4414 1587 4469 mulieres
1606 4422 1634 4468 et
1647 4411 1784 4483 parvulos,
1805 4410 1935 4465 hahentes
1946 4424 2035 4479 super

395 4518 445 4589 ι).
512 4514 641 4584 Exceptis
670 4513 800 4580 laabim,
829 4511 967 4584 aquibus
987 4511 1064 4585 Libyi
1090 4519 1185 4583 postea
1237 4520 1268 4562 se
1293 4508 1376 4562 duces
1401 4503 1575 4569 constitutos,
1587 4503 1640 4558 11⁰0
1652 4510 1704 4565 0⁸2,
1726 4497 1962 4556 hliiSchectan
1985 4498 2036 4555 du·

382 4606 526 4661 'nominati
549 4614 631 4673 sunit,
655 4606 700 4678 qui
724 4606 799 4683 prius
818 4604 922 4661 Phutai
951 4607 1134 4673 vocabantur;
1159 4614 1187 4661 et
1236 4614 1313 4664 ccm;
1342 4596 1390 4652 filii
1402 4595 1488 4652 cnam
1505 4594 1639 4662 Nefflffltii
1667 4593 1716 4649 flffi
1736 4599 1827 4648 limem
1844 4590 1961 4663 ῘἍΡΜ
1982 4593 2036 4649 wli

393 4696 577 4767 Casluinr‚qoi
587 4697 712 4768 deinceps
725 4696 889 4752 Philisthiim
900 4695 1027 4766 appellati
1036 4705 1108 4762 sunt,
1117 4711 1186 4767 quos
1236 4689 1340 4745 Phenei
1353 4689 1423 4744 duce
1442 4688 1557 4743 luerunt
1576 4684 1725 4742 constituti·
1745 4684 1831 4740 Porro
1852 4691 1915 4755 9⁰⁸²
1926 4684 2036 4740 (tillium

394 4800 443 4842 nos
456 4797 584 4856 corrupte
605 4786 755 4842 Palestinae
767 4787 893 4848 dicimus,
907 4794 1012 4843 cetere
1025 4802 1073 4842 sex
1092 4796 1186 4858 gentes
1237 4779 1295 4835 Noe
1308 4787 1492 4834 convenerunt
1503 4779 1622 4848 undique
1631 4790 1726 4833 omnes
1739 4776 1768 4830 hi
1778 4775 1861 4831 duces
1870 4789 1933 4832 oum
1946 4775 2036 4847 aeui·

394 4878 493 4949 ignota
506 4879 585 4935 uobis
598 4886 670 4942 suut,
683 4894 744 4948 quae
757 4877 854 4933 abeilo
868 4875 1025 4947 AEthiopieo
1038 4880 1183 4943 subversa,
1240 4871 1319 4925 uibus
1331 4869 1389 4925 suis
1403 4869 1533 4939 subiectis
1542 4870 1570 4924 in
1581 4882 1706 4939 campum
1720 4866 1853 4932 sennam
1866 4866 1905 4923 ibi
1914 4866 2036 4938 (leniorne

396 4984 482 5040 usque
494 4968 530 5023 ad
542 4967 705 5023 oblivionem
718 4967 918 5037 praeteritorum
938 4969 1077 5023 nominum
1092 4984 1187 5039 perve-
1240 4963 1337 5019 turrim
1349 4971 1508 5020 construere
1522 4963 1613 5019 conati
1628 4968 1692 5016 suut
1705 4959 1784 5033 (Gen.
1795 4961 1846 5030 xri.
1859 4958 1929 5016 Cum
1940 4968 2035 5017 autem

394 5073 470 5113 nere.
491 5043 672 5112 Possederunr
698 5064 789 5111 antem
816 5066 917 5111 terram
939 5055 1031 5129 Agara
1053 5058 1186 5127 usquead
1239 5053 1393 5110 initiassent
1420 5053 1555 5110 edificare
1580 5053 1697 5117 turmm,
1717 5051 1809 5108 divisit
1829 5050 1903 5106 bens
1925 5049 2035 5121 linguas

395 5155 532 5202 extremos
545 5146 615 5202 lines
627 5144 749 5218 AEgypti.
1238 5159 1344 5210 eonnu,
1362 5152 1390 5201 et
1414 5144 1529 5199 mumvit
1545 5157 1638 5199 eorum
1657 5141 1768 5214 effigies,
1785 5151 1815 5197 et
1838 5155 1893 5196 nou
1907 5139 2036 5210 cognorit

431 5236 629 5292 Clvonauneero
642 5239 729 5310 errauit
743 5237 867 5294 Sidonem
879 5239 1081 5311 puirroqerdtum
1095 5256 1184 5307 reum,
1238 5236 1425 5307 unusquisque
1451 5233 1564 5290 fratrem
1579 5248 1668 5299 sunm,
1690 5247 1741 5288 nec
1762 5230 1909 5287 audiebant
1933 5228 2035 5301 singuli

394 5335 420 5381 et
437 5323 586 5393 hetaeum,
599 5326 750 5383 decureum
771 5346 885 5401 quoque,
909 5329 1188 5398 erementanos
1238 5328 1339 5399 ornique
1360 5327 1480 5399 linguam
1506 5326 1623 5397 proximi
1646 5326 1700 5383 sui.
1722 5323 1823 5395 Sicque
1844 5323 1948 5379 lactum
1973 5329 2034 5388 ast,

397 5414 571 5489 Gcrpecoenm,
597 5419 818 5494 decoremquect
840 5423 1186 5493 trecentensimus»,
1238 5428 1269 5475 ut
1302 5420 1365 5474 dum
1396 5417 1574 5473 aedihcatores
1601 5416 1733 5472 ministris
1756 5415 1815 5471 suis
1838 5413 1969 5485 juberent
1993 5412 2036 5467 ai·

395 5508 525 5564 Aradium
554 5527 675 5582 quoqne,
699 5523 724 5568 et
756 5512 921 5570 Sumeraeam
946 5524 971 5570 et
999 5515 1188 5572 domationem
1237 5509 1439 5579 terr-elamitas,
1455 5507 1802 5578 illlaffssrfessiiilfflmiei
1818 5506 1842 5562 δί
1856 5505 2035 5575 &mm

395 5597 473 5672 (Gen.
485 5600 523 5671 x).
534 5599 574 5655 lle
588 5600 715 5658 chanaan
730 5605 834 5674 primns
847 5612 927 5660 natus
940 5614 983 5661 est
995 5605 1116 5672 Sidona
1133 5623 1188 5678 quo
1239 5616 1356 5672 aduam.
1380 5599 1417 5655 illi
1442 5598 1570 5655 afferrem
1597 5597 1740 5668 stipulam;
1770 5606 1799 5653 0¹
1821 5597 1877 5663 ⁸5⁰2
1901 5594 2032 5651 issfflffi'ffl

397 5692 462 5749 urbs
480 5691 507 5748 in
530 5692 659 5750 Phoenice
686 5693 769 5750 Sidon
793 5705 916 5751 vocatur.
937 5698 1005 5751 bein
1029 5698 1186 5766 Arachaus,
1239 5692 1403 5765 cogitatione
1425 5704 1537 5756 eorum,
1568 5697 1747 5746 cessaverunt
1770 5686 1908 5743 edificare
1932 5685 2018 5741 civita

397 5783 444 5853 qni
468 5783 584 5851 Arebas,
598 5784 718 5842 condidit
741 5787 867 5858 oppidum
892 5797 987 5844 contra
1011 5787 1141 5860 Tripolim
1160 5791 1188 5846 in
1240 5791 1294 5839 tem
1311 5802 1318 5837 τ
1335 5781 1523 5855 dispersiteos
1546 5783 1677 5839 Dominus
1697 5782 1726 5837 in
1751 5778 1923 5851 superficiem
1949 5778 2035 5836 totius

398 5870 536 5930 radicibus
544 5874 641 5931 Libani
653 5875 745 5942 situm,
762 5892 777 5931 a
794 5892 848 5947 qtro
859 5877 930 5935 haud
949 5879 1043 5948 procul
1057 5880 1109 5937 alia
1121 5881 1189 5936 civi·
1241 5887 1329 5934 temae.

399 5973 441 6020 tta
463 5964 524 6034 luit,
540 5970 650 6027 nomine
675 5968 753 6038 sivi,
779 5986 838 6041 quae
864 5981 958 6041 postca
987 5973 1063 6028 vario
1089 5984 1187 6031 evento
1275 5969 1369 6025 lecton
1383 5979 1469 6025 nntcm
1485 5970 1574 6040 ycnuit
1600 5965 1769 6021 Eimodedet
1784 5963 1891 6035 Seicyrir,
1912 5972 1937 6018 et
1953 5962 2035 6016 deae

400 6052 532 6115 *thiemo
552 6058 696 6125 bellorum,
710 6078 808 6121 nornen
826 6064 1012 6120 tantammodo
1026 6065 1084 6121 loco
1098 6066 1189 6136 pristi-
1241 6067 1310 6119 rnudr
1326 6075 1349 6119 ct
1364 6065 1428 6119 lore
1437 6063 1553 6118 ,illoram
1564 6077 1665 6134 quoqne
1673 6068 1698 6116 et
1710 6058 1811 6127 lissei,
1827 6056 1955 6125 cibala,
1972 6053 2034 6114 lie·
