4709 6767
358 622 422 679 lt‘t
714 612 889 672 collati-:Nn
911 614 944 668 tlt
968 614 1092 671 LlDROS
1113 608 1403 670 tthclinnholtttlt.
1422 638 1457 649 -
1475 607 1509 662 ΙΝ
1527 606 1591 662 tlh.
1613 605 1634 662 l.
1921 609 1992 668 lton

354 744 415 802 ιιι).
439 730 508 785 ilinc
523 727 660 797 apostulus
678 725 778 780 Paulus
799 726 834 781 ad
856 724 1012 780 Corinthios
1027 724 1149 780 scribens
1163 726 1189 786 Α
1202 730 1283 791 atque
1295 719 1433 776 duritiam.
1445 718 1584 775 construit
1598 733 1663 791 crgo
1680 720 1819 775 ntaehinas
1838 722 1936 778 rtttrltas
1949 724 1994 780 Si·

355 825 393 879 ait
408 821 432 895 ll
448 819 511 876 Cor.
528 819 567 890 tt)
583 837 590 872 r
608 818 679 871 Nam
694 820 718 872 ei
742 824 827 875 decem
841 817 926 872 millio
945 816 1147 888 paedagogorum
1199 827 1263 867 mon
1277 813 1407 867 adversus
1418 809 1531 874 Caeam,
1546 826 1608 865 cum
1628 811 1753 866 doctores
1774 812 1861 867 sancti
1874 812 1994 869 diseretis

354 912 471 967 ualeatis
492 911 519 962 in
542 907 658 973 Christo,
670 906 715 962 ted
739 922 791 960 nort
809 906 906 961 melros
925 916 1012 976 putrer
1024 921 1033 960 :
1047 922 1108 960 nom
1121 906 1148 959 in
1199 904 1311 974 spiritus
1331 902 1487 973 dogmatum
1512 902 1546 956 ad
1567 899 1713 973 capiendas
1732 902 1851 973 gentium
1872 906 1999 960 munitio-

355 997 545 1056 carisiolam
568 1013 615 1067 per
635 995 806 1065 Daunmlium
827 1012 875 1064 ego
898 1012 943 1049 eor
966 996 1059 1065 gentii,·
1074 1002 1099 1049 et
1116 995 1149 1049 de
1200 1010 1249 1051 nes
1268 992 1431 1058 conserunt,
1455 1000 1588 1064 qnatenus
1614 1006 1661 1047 eos
1684 993 1802 1062 praedam
1828 994 1996 1050 salutiferam

356 1089 541 1146 'liinotlteoad
559 1086 745 1157 Philippenses
756 1088 795 1141 ait
809 1104 815 1140 :
831 1086 1047 1157 Experimeatum
1062 1095 1148 1139 nutem
1200 1085 1306 1142 Domini
1319 1086 1391 1157 regis
1407 1084 1461 1151 sui,
1473 1082 1538 1139 lesu
1557 1084 1681 1140 videlicet
1695 1083 1805 1149 Christi,
1822 1085 1955 1157 redigant.
1970 1088 1997 1142 ln

355 1184 411 1253 ejas
429 1178 574 1251 cognoscite
585 1178 710 1248 quoniam
721 1178 788 1232 ricta
801 1177 871 1248 petri
887 1192 989 1231 mecum
1001 1176 1105 1231 remitit
1121 1176 1149 1229 in
1200 1191 1254 1247 quo
1275 1175 1408 1245 percussit
1427 1181 1528 1229 turrem
1552 1188 1633 1229 unam
1655 1182 1683 1229 et
1702 1176 1919 1244 comprehendit,
1934 1192 1997 1232 cunr

358 1270 497 1342 Evangelia
509 1264 654 1338 (Pieli-‚tri
1200 1265 1352 1337 superbiam
1366 1264 1505 1336 gentilium
1520 1265 1616 1320 stravit
1633 1280 1780 1336 commqoe
1793 1268 1874 1322 corda
1892 1268 1919 1322 in
1931 1269 1996 1323 ohc‘

392 1364 491 1419 Statuit
514 1371 538 1416 et
561 1361 653 1417 Simon
672 1370 769 1434 reptem
784 1362 947 1433 pyramidas,
964 1376 1045 1416 artant
1059 1369 1149 1415 eontra
1200 1357 1328 1413 dientiam
1339 1355 1475 1427 Evangelii
1491 1356 1610 1412 adduxit.

356 1471 436 1510 oraora
452 1455 522 1524 patri
537 1463 561 1509 et
580 1455 659 1508 atotrr'
682 1469 714 1508 or
726 1462 840 1525 quotuor
859 1452 997 1524 frutribus,
1016 1467 1077 1507 eum
1101 1452 1148 1507 do-
1234 1445 1286 1514 nui
1300 1445 1453 1516 autem,qoi
1465 1454 1555 1512 erant,
1570 1446 1652 1516 etqui
1663 1454 1725 1501 sunt
1740 1446 1776 1500 illi
1790 1448 1836 1517 qui
1850 1463 1913 1502 cunt
1928 1465 1995 1503 uxi)-

355 1556 415 1600 ctor
437 1544 550 1613 quilibet
574 1543 688 1614 qualiter
707 1543 854 1614 unicnique
878 1557 1001 1614 personae
1027 1542 1149 1612 priorum
1200 1537 1276 1593 ribus
1289 1545 1316 1591 et
1331 1535 1487 1605 siliissnpra
1502 1552 1608 1591 morum
1630 1536 1724 1591 scissis
1745 1537 1844 1593 tunicis
1866 1540 2000 1594 ascendo-

356 1635 444 1690 l‘atris
460 1633 578 1707 [patrum
592 1634 641 1707 lii]
663 1635 707 1690 lux
728 1634 876 1705 sapientiae,
890 1650 951 1706 quse
964 1650 1014 1705 per
1025 1632 1150 1704 septilor·
1201 1636 1265 1684 runt
1275 1637 1325 1684 eta
1340 1628 1451 1683 Simone
1465 1629 1575 1684 dextras
1587 1629 1638 1684 sibi
1649 1629 1707 1684 dari
1718 1629 1933 1700 postulaverunt,
1946 1629 1999 1686 nisi

357 1740 427 1780 mem
442 1723 571 1794 Spiritum
586 1724 709 1781 lldelibns
723 1725 861 1792 tribuitur,
876 1724 974 1782 collata
987 1725 1023 1780 sit
1037 1724 1151 1779 demon·
1201 1720 1239 1776 illi
1258 1720 1303 1791 qni
1323 1719 1548 1776 sollicitudinibus
1561 1728 1589 1776 et
1603 1720 1798 1791 cupiditatibus
1813 1723 1893 1795 hujus
1906 1724 1999 1778 ntundi

356 1805 439 1874 stret.¹
452 1817 485 1871 Et
499 1818 683 1887 circumposuit
697 1817 737 1870 leit
757 1815 892 1870 columnae
912 1813 947 1886 [et
961 1831 1041 1885 super
1052 1812 1151 1867 colam·
1202 1814 1303 1869 divitiis
1322 1814 1456 1884 impliciti,
1480 1815 1652 1884 postmodnm
1677 1816 1811 1878 eortvcrsi,
1839 1832 1894 1872 non
1915 1817 1999 1873 resti·

357 1907 417 1980 rios]
431 1926 505 1963 ormo
518 1908 553 1963 od
566 1907 719 1962 memoriam
738 1916 873 1972 eternam,
887 1920 949 1960 eum
965 1903 1149 1959 inllrntitatem
1201 1911 1292 1959 menta
1304 1920 1364 1970 sua,
1380 1906 1427 1959 sed
1443 1906 1525 1961 corda
1546 1919 1596 1975 per
1619 1905 1808 1976 poenitentiam
1832 1906 1999 1971 scindentes,

357 2010 384 2054 ct
399 2000 586 2054 rectitudinem
602 1998 663 2053 littei
676 2011 782 2062 eorurn,
798 2005 826 2052 et
841 1996 868 2051 iu
882 1996 939 2064 ipsa
951 1994 1002 2049 hle
1016 1995 1151 2064 quomodo
1202 1995 1311 2051 dextras
1323 1996 1553 2050 reconciliationis
1565 2004 1593 2051 et
1608 1996 1746 2052 societatis
1763 1997 1798 2051 ab
1810 1997 2001 2053 ecclesiasticis

358 2091 441 2146 armis
463 2090 628 2161 spiritalibus
649 2095 742 2143 contra
765 2087 857 2142 hostes
875 2085 1065 2156 pugnauerint,
1090 2084 1154 2138 insi·
1168 2088 1192 2146 Β
1206 2086 1257 2142 sibi
1279 2086 1337 2142 dari
1354 2090 1503 2158 expetunt?
1521 2102 1635 2156 quorum
1656 2088 1778 2158 petitioni
1791 2090 1944 2145 miserando
1957 2089 2003 2146 Si-

358 2191 433 2239 nuat.
1201 2199 1264 2239 mon
1281 2182 1411 2254 spiritalis
1436 2180 1610 2238 consentiens
1631 2197 1685 2237 nou
1708 2184 1890 2238 anathematis
1911 2182 2001 2254 gladio

394 2274 429 2328 Et
446 2275 522 2343 iurato
540 2290 615 2327 urina
636 2288 713 2327 umrer
734 2270 861 2342 maletat,
875 2287 933 2343 guo
954 2270 1100 2326 riderentur
1117 2268 1150 2323 ab
1201 2289 1249 2330 ecs
1265 2273 1395 2344 percutit,
1416 2272 1464 2327 setl
1484 2271 1518 2328 de
1539 2272 1733 2342 superstitione
1757 2272 1917 2344 gentilitatis
1939 2275 2004 2329 edii-

358 2365 477 2420 ountibur
492 2364 672 2434 antigorrtiboe
689 2362 851 2432 morconis
870 2364 986 2434 qualiter
998 2362 1151 2435 praecedeu·
1202 2378 1392 2431 cens,errores
1404 2377 1497 2419 eorum
1509 2362 1691 2420 abscindendo
1701 2365 1810 2428 amovit,
1821 2372 1953 2435 qnatenus
1961 2364 2003 2419 ha

359 2464 399 2510 tes
407 2455 472 2527 justi
488 2457 702 2525 praesentissime
714 2455 824 2528 pelagus
839 2454 946 2522 navigio
965 2456 1054 2511 crucis
1070 2454 1150 2510 Chri·
1203 2455 1365 2512 bitationem
1378 2454 1540 2526 condignam
1548 2454 1574 2507 in
1588 2468 1681 2510 eorum
1691 2455 1879 2525 peecatoribus
1887 2453 2004 2511 Domino

359 2549 393 2603 sti
407 2548 562 2604 transierint
575 2549 602 2602 in
620 2548 712 2603 mundi
727 2548 806 2603 istius
821 2546 946 2604 hitetihus
956 2546 1151 2613 laborantibus,
1203 2544 1312 2601 Christo
1321 2549 1465 2615 preparet.
1484 2541 1637 2612 Eruperant
1654 2542 1724 2596 intro
1736 2542 1887 2596 moclrinum
1899 2542 1926 2598 in
1937 2542 2003 2597 ciui-

360 2641 392 2694 arl
408 2655 481 2710 spem
492 2640 579 2695 solatii
594 2641 723 2711 ipsorum,
743 2640 864 2695 docendo
878 2638 1049 2704 confirmant,
1067 2647 1097 2693 ut
1108 2653 1152 2693 co·
1203 2635 1369 2704 tesmonia
1381 2633 1708 2690 insolentiaharbarorum
1720 2632 1906 2689 ltcetevaoere
1914 2633 2005 2689 Eran-

359 2737 490 2801 gnoscant
502 2731 574 2785 sicut
593 2730 701 2800 qnando
722 2728 806 2801 [quod
819 2729 899 2798 sieutl
922 2728 975 2784 illis
993 2729 1152 2799 praedictum
1204 2729 1303 2802 gelinm
1322 2733 1398 2784 recte
1416 2725 1565 2797 quesierit,
1584 2735 1676 2781 tamen
1690 2724 1818 2781 veridicis
1838 2723 2005 2781 testimoniis

360 2819 495 2890 navigium
507 2819 652 2875 salnlniter
663 2819 777 2875 contidit
795 2819 872 2875 littus
883 2819 989 2889 qnietis,
1013 2819 1049 2873 ita
1064 2826 1089 2874 el
1102 2817 1153 2874 sihi
1204 2820 1270 2893 legis
1285 2818 1332 2875 Dei
1343 2815 1528 2887 circumligata
1542 2825 1624 2885 atque
1636 2829 1791 2886 compressa
1805 2822 1857 2871 est.

360 2910 503 2967 credulitas
523 2913 655 2982 passionis
672 2911 773 2967 Christi
796 2919 824 2965 et
841 2919 940 2966 nostrae
962 2910 1155 2980 redemptionis
1242 2909 1275 2965 lit
1288 2908 1376 2981 [actos
1388 2916 1426 2964 eet
1442 2916 1528 2970 motus
1548 2906 1699 2979 magnesia
1720 2907 1834 2962 ciuitate.
1849 2906 1917 2963 Cum
1929 2915 2003 2963 totus

360 3003 470 3073 inipso,
494 3004 517 3059 si
541 3005 674 3075 condigna
686 3005 774 3058 eidem
785 3003 939 3059 credulitati
958 3010 987 3057 et
1006 3017 1087 3072 opera
1107 3002 1154 3056 ha·
1205 3005 1322 3061 mondus
1349 3018 1498 3060 concussus
1530 3010 1574 3059 est
1601 3002 1756 3074 evangelica
1784 3003 1998 3073 praedicatione:

360 3094 425 3150 here
437 3094 531 3159 velint,
546 3103 652 3163 portum
666 3094 761 3149 salutis
774 3104 883 3148 aeterna
897 3091 1027 3149 conferat¹
1206 3106 1290 3151 motor
1306 3094 1378 3150 enim
1404 3109 1516 3165 magnus
1539 3092 1625 3162 {actus
1650 3100 1687 3146 eit
1709 3092 1737 3146 iu
1760 3092 1875 3157 eicitme,
1899 3092 2006 3162 quando

398 3183 519 3255 Trppliou
533 3195 619 3239 auum
633 3200 693 3237 eum
706 3184 756 3237 iter
773 3182 869 3253 laceret
883 3198 943 3236 cum
957 3180 1085 3236 Antiocho
1096 3196 1155 3251 rese
1206 3188 1326 3260 genitium
1338 3185 1435 3242 lenitas
1453 3184 1568 3241 excitata
1588 3184 1678 3239 estad
1701 3184 1918 3255 persequendum
1939 3198 2006 3237 cori-

361 3275 532 3339 atlvletceme,
545 3274 605 3329 ‘1⁰50
626 3274 721 3329 occidi!
740 3290 811 3338 etim,
824 3283 878 3329 ele·
893 3273 931 3328 De
945 3272 997 3327 boc
1011 3270 1155 3341 Pompeius
1206 3279 1326 3335 lessores
1340 3274 1453 3339 Christi,
1468 3284 1499 3329 nt
1518 3274 1575 3329 reri
1597 3272 1785 3329 efficiebantur
1807 3282 1942 3343 martyres
1961 3272 2006 3342 qui

361 3365 398 3419 iia
413 3363 496 3420 rescit
514 3383 520 3417 :
543 3364 612 3418 Diem
625 3364 684 3418 haec
698 3372 814 3435 aguntur
836 3363 944 3417 interim
959 3362 987 3415 in
998 3360 1085 3431 Syriae
1096 3375 1154 3431 par·
1207 3369 1268 3425 ildei
1283 3384 1316 3424 ac
1328 3368 1461 3438 dogmatis
1478 3364 1579 3422 Christi
1597 3366 1644 3422 illi
1668 3372 1748 3422 erant
1767 3376 1930 3421 assertores.

364 3458 444 3522 tibus,
456 3457 596 3528 Tryphon,
610 3457 655 3525 qui
670 3470 699 3511 se
721 3465 837 3511 tutorem
855 3454 1007 3522 Antiochio,
1024 3456 1153 3512 Demetrii
1168 3438 1192 3502 G
1244 3461 1278 3516 Et
1290 3469 1352 3514 tunc
1365 3460 1472 3514 intrauit
1484 3457 1512 3514 in
1531 3476 1562 3513 eo
1577 3475 1636 3513 cern
1651 3459 1754 3531 hgmnis
1768 3457 1910 3512 Dominam
1929 3457 2006 3510 beur-

362 3550 494 3619 pririgno,
511 3549 636 3602 substitui
657 3547 782 3619 apopulo
795 3547 978 3614 laboraverat,
993 3548 1084 3605 occiso
1107 3564 1157 3619 po·
1207 3552 1307 3618 dimna,
1330 3560 1382 3607 cte.
1406 3549 1484 3607 Tunc
1506 3557 1534 3606 ot
1555 3550 1663 3621 quaudo
1681 3564 1790 3605 errores
1808 3549 1888 3620 ejecti
1905 3547 2007 3604 luerint

362 3641 437 3710 ΡίΙΙθ,
449 3640 567 3710 regimen
579 3636 664 3711 Sirim
674 3639 792 3694 inlidi&
803 3654 857 3709 (1¹¹0
867 3639 913 3693 (¹5¹¹
922 3639 1024 3709 D0151¹¹³
1034 3639 1155 3705 tandem,
1209 3645 1361 3718 gentilium,
1374 3659 1437 3700 cum
1451 3644 1577 3700 laudibus
1591 3642 1639 3699 Dei
1654 3644 1780 3701 doctores
1795 3644 1882 3701 sancti
1899 3644 1925 3699 in
1941 3661 2008 3699 citri·

363 3731 532 3788 exolescente
556 3730 647 3787 lavore
670 3730 787 3787 recentis
809 3730 933 3803 imperii,
957 3731 992 3786 ab
1011 3729 1155 3788 Antiochor
1208 3736 1343 3793 venticula
1370 3736 1512 3791 intrabunt
1536 3736 1679 3808 gentium:
1707 3745 1772 3792 torric
1802 3752 1910 3808 quoquc
1934 3737 2009 3792 uiros

362 3840 446 3896 puero
465 3825 624 3892 admodum,
649 3824 777 3879 Demetrii
799 3822 892 3887 lratre,
910 3822 955 3892 qui
971 3822 998 3877 in
1012 3821 1078 3877 Asia
1092 3822 1157 3877 cdo·
1208 3830 1253 3900 qui
1268 3828 1354 3901 legem
1369 3828 1472 3883 faciunt
1493 3826 1593 3883 ibidem
1608 3835 1722 3898 ponunt,
1737 3828 1801 3897 quia
1819 3842 1898 3883 veros
1920 3828 2008 3883 culto·

363 3916 487 3979 saliatur,
499 3913 569 3970 bello
579 3915 705 3981 vincitur,
718 3927 879 3983 rursumque
894 3927 1006 3984 regnunt
1025 3911 1112 3985 Syriae
1124 3912 1157 3967 ad
1207 3933 1252 3975 res
1264 3918 1366 3974 Christi
1377 3918 1429 3989 piis
1442 3917 1680 3989 predicationibus
1694 3918 1731 3973 ihi
1746 3934 1806 3974 csse
1819 3917 1924 3974 iaciunt

365 4003 484 4060 sobolem
496 4004 625 4058 Demetrii
639 4005 793 4058 reuertitur¹¹

399 4094 434 4149 Et
448 4093 522 4166 tirell
532 4095 624 4150 Simon
635 4095 712 4158 tillir,
724 4103 748 4147 et
758 4093 830 4148 milii
840 4092 876 4146 ld
886 4093 1048 4148 Delwll'ttm
1061 4107 1156 4163 'vimi
1209 4100 1276 4157 Cum
1291 4115 1340 4172 pcr
1355 4098 1530 4170 Evangelium
1553 4098 1672 4167 untdique
1699 4096 1759 4153 ltdei
1783 4097 1932 4152 munimine
1949 4096 2009 4151 Dc·

363 4184 623 4253 0¹0·Q¹1⁰l¹Si¹¹¹⁰¹¹
647 4186 679 4241 ad
704 4184 871 4240 Demetrium
892 4198 982 4255 'flssflffl
996 4183 1071 4239 '51'05
1085 4182 1159 4237 '¹¹1⁵st
1208 4191 1321 4248 clesiam
1344 4190 1492 4256 firmantes,
1516 4189 1543 4245 in
1566 4188 1625 4259 ejus
1650 4189 1787 4245 domicilio
1810 4189 1861 4260 ipsi
1887 4188 2008 4259 magistri

364 4288 393 4332 ¹¹²
405 4277 507 4333 sioefii
527 4277 713 4333 ¹⁰¹¹¹iS⁸i⁰¹¹0¹¹¹
727 4276 841 4348 reli³⁰¹lh
858 4276 918 4342 ¹¹00,
932 4276 960 4330 1¹1
974 4274 1063 4356 stl¹¹⁰li
1076 4274 1159 4345 ΒῙΒΠῙ·
1209 4283 1403 4342 commorando
1426 4298 1476 4353 pro
1500 4282 1594 4338 labore
1611 4280 1657 4352 pio
1668 4290 1770 4336 aeterna
1786 4280 1907 4352 praemia,
1923 4294 2005 4349 quom

364 4369 429 4423 ficii
438 4368 508 4439 (1¹¹01l
521 4378 613 4424 ”⁰⁰¹³
625 4367 744 4423 Eidem
755 4367 947 4438 Dlaediffllllm
960 4380 1024 4422 ⁸⁰⁰⁸
1042 4366 1076 4421 ³1¹
1087 4365 1159 4436 prin-
1209 4391 1258 4447 pm
1270 4374 1440 4431 roulessione
1453 4372 1573 4444 ipsorum
1588 4371 1789 4441 impenderunt,
1804 4368 2007 4439 ajtrdiceriro-

363 4460 439 4529 cipes
451 4460 530 4515 lsllus
550 4458 642 4513 mundi
657 4458 759 4529 (ῙῙΓῙΒῙΙ,
774 4467 910 4530 ll¹¹²¹¹enus
927 4472 975 4514 0⁰⁹
993 4458 1078 4513 V‘lfb0
1096 4456 1159 4512 fidei
1211 4485 1271 4524 rom
1286 4484 1317 4524 ac
1335 4476 1504 4522 mortuorum
1526 4466 1554 4521 in
1581 4464 1633 4519 line
1652 4464 1702 4520 sibi
1718 4463 1890 4519 retribuenda
1911 4478 2006 4532 exspo-

363 4552 417 4606 sibi
438 4550 572 4617 conciliet,
587 4557 617 4606 et
634 4558 694 4605 aeta
711 4550 866 4621 Tryphonis
889 4549 1019 4621 ligneolis,
1035 4549 1086 4604 hoc
1105 4555 1159 4610 est,
1210 4572 1295 4621 cmm,

365 4642 552 4697 ¹¹³³1'01500fflm
575 4649 656 4711 at‘1³¹0
675 4641 921 4706 ⁸⁰¹¹i⁸¹¹¹2250⁰¹¹¹¹¹¹b
937 4640 963 4694 in
981 4640 1088 4694 isinum
1110 4639 1160 4694 du·
1247 4656 1299 4721 eri
1315 4663 1401 4708 antem
1414 4664 1489 4708 erant
1503 4654 1529 4707 in
1548 4670 1608 4708 arce
1623 4650 1789 4706 Hierusalem
1803 4652 2009 4721 prohibebuntur

364 4740 420 4796 ΝΒ,
436 4746 584 4801 ‘illumque
605 4730 769 4804 superbiam,
790 4740 901 4802 limile?
920 4747 1001 4802 quam
1015 4732 1160 4787 ⁰0¹l¹0¹¹¹¹¹⁸
1212 4746 1309 4819 egredi,
1323 4751 1375 4800 etc.
1392 4743 1424 4799 lli
1440 4744 1486 4815 qui
1502 4752 1580 4799 erant
1600 4744 1627 4798 in
1643 4758 1707 4798 aree
1728 4741 1877 4798 Jerusalem
1892 4750 1919 4796 et
1932 4740 2007 4812 ipsos

365 4821 564 4878 ritansuetudini
584 4821 773 4877 ecclesiastieae
791 4822 898 4889 cedere,
912 4837 961 4892 per
982 4822 1099 4893 rigorem
1112 4836 1159 4875 ex·

365 4925 485 4970 terarum
498 4921 661 4984 potestatum
674 4922 803 4969 conterat.
818 4912 921 4981 Quibus
934 4922 961 4969 et
972 4928 1100 4969 eoronam
1111 4929 1158 4967 au-

365 5021 439 5061 ream
453 5006 504 5076 ipsi
526 5006 607 5077 legati
621 5004 745 5061 delerout
758 5015 787 5061 et
801 5021 893 5077 pacem
913 5004 1019 5078 [l'olg.‚
1034 5004 1156 5077 bahem],

365 5098 438 5170 quod
452 5098 562 5153 tradunt
572 5110 633 5152 esse
644 5106 832 5153 onramentum
847 5103 933 5153 totum
944 5112 976 5151 et
990 5096 1097 5152 annulis
1111 5111 1158 5149 au·

364 5192 421 5246 reis
443 5189 595 5246 conlectum
616 5190 764 5245 secondum
787 5203 889 5244 morem
914 5188 1080 5259 provincia:
1095 5203 1158 5244 curn

364 5285 406 5340 cis
419 5297 469 5353 pro
482 5282 552 5337 bono
562 5282 712 5337 certamine
725 5290 833 5338 aeternae
842 5282 905 5336 ritae
917 5296 1056 5348 eoronam,
1072 5289 1099 5336 et
1108 5296 1160 5352 pro

364 5376 462 5432 solatio
474 5384 626 5447 opportuno
636 5391 691 5446 qoo
703 5375 832 5431 ecclesias
843 5376 899 5431 suis
908 5375 1005 5431 edictis
1019 5383 1101 5444 atque
1113 5374 1160 5430 de·

365 5468 532 5524 lensionibns
547 5469 683 5540 adjurent,
698 5469 809 5539 praemia
824 5468 944 5525 coelestla
958 5469 1158 5538 repromittunt.

365 5560 404 5615 lta
417 5562 604 5615 communiter.

405 5651 436 5706 ln
449 5651 539 5706 diebos
548 5652 602 5707 iliis
616 5653 707 5707 Simon
718 5651 843 5724 applicarit
854 5652 889 5707 ad
899 5650 1034 5708 Cataraei
1044 5653 1159 5707 eircum-

364 5746 437 5799 dedit
456 5763 513 5800 eant
533 5747 639 5813 eastris,
652 5755 704 5802 cte.
725 5746 796 5813 Quid
807 5756 850 5802 est
862 5747 933 5815 quud
951 5746 1043 5801 Simon
1057 5745 1158 5803 Gazam

365 5855 522 5912 oppugnare
536 5842 706 5912 aggreditur,
727 5842 778 5896 nisi
793 5842 865 5911 quod
878 5842 1069 5913 praedicatores
1083 5843 1160 5899 dam·

365 5932 472 5987 tracdos
485 5948 592 5988 errores
602 5932 736 5989 debellare
749 5940 891 5988 conantur.
905 5932 988 5996 Cara,
1002 5951 1062 6005 qum
1077 5935 1160 5990 inter·

366 6031 491 6094 pretatur
511 6023 638 6093 fortitude
659 6025 727 6095 eius,
750 6022 885 6095 siguificat
904 6023 1022 6094 gentium
1044 6025 1159 6098 rigorem

1212 4836 1377 4894 inlestabant
1387 4835 1495 4892 iudaeos
1506 4834 1661 4907 significant
1674 4834 1817 4890 haereticos
1832 4842 1860 4889 ct
1875 4834 2006 4889 schisma-

1211 4928 1292 4992 ticos,
1304 4927 1350 4999 qui
1374 4925 1402 4981 iu
1419 4941 1482 4982 arce
1495 4926 1629 4996 superbiae
1643 4941 1699 4980 suan
1712 4942 1741 4980 sc
1756 4924 1933 4991 collocantes,
1947 4923 2009 4978 litos

1210 5030 1238 5076 et
1251 5020 1321 5075 bella
1343 5009 1453 5075 movent
1468 5025 1563 5073 contra
1584 5016 1753 5073 catholicos:
1776 5032 1845 5086 quos
1868 5024 1942 5072 vetat
1965 5015 2008 5069 Si·

1210 5126 1273 5166 tnon
1283 5109 1371 5181 egredi
1381 5117 1404 5164 et
1416 5107 1517 5179 ingredi
1530 5108 1556 5161 in
1572 5108 1701 5177 regionem
1716 5117 1739 5162 et
1750 5124 1834 5162 curere
1849 5116 1873 5161 et
1885 5106 2007 5172 octodero,

1210 5201 1273 5271 qnia
1289 5199 1388 5254 talibus
1406 5199 1532 5254 doctores
1544 5199 1631 5254 sancti
1649 5213 1711 5253 cum
1734 5198 1877 5254 catholicis
1891 5197 2015 5254 contra-'

1211 5295 1304 5348 dicunt
1340 5306 1449 5346 ornnem
1488 5290 1626 5346 societatis
1654 5290 1755 5346 hahere
1790 5293 2008 5347 communionem

1210 5392 1321 5456 propter
1334 5382 1406 5452 quod
1420 5380 1495 5436 molli
1507 5396 1540 5435 es
1551 5381 1588 5436 eis
1600 5380 1671 5451 [ome
1684 5384 1827 5453 perierunt,
1849 5382 1911 5453 quia
1932 5377 2010 5434 triulti

1210 5489 1244 5529 er
1258 5474 1320 5540 illis,
1333 5488 1396 5529 cum
1407 5473 1579 5528 anathemate
1592 5481 1671 5527 entra
1683 5474 1903 5529 conrintinioncm
1915 5468 2008 5523 hoelo-

1211 5568 1259 5622 siae
1279 5565 1444 5636 sequestrati
1469 5562 1582 5630 luerint,
1600 5562 1673 5620 lamo
1688 5564 1762 5620 rerbi
1790 5563 1837 5617 Dei
1866 5568 1893 5613 et
1917 5557 2007 5613 inedia

1212 5656 1342 5729 spiritalis
1365 5656 1487 5712 scientim
1499 5656 1666 5725 dispereant.
1682 5654 1736 5710 Sed
1757 5654 1831 5723 quia,
1846 5649 2009 5705 necessitate

1212 5756 1335 5805 extrema
1359 5749 1502 5820 compulsi,
1526 5747 1712 5817 hujuscemodi
1734 5744 1784 5798 sibi
1808 5744 1919 5798 dextras
1931 5756 2007 5798 cotn-

1213 5839 1406 5895 morsicationls
1429 5839 1486 5909 dari
1510 5839 1544 5893 ab
1570 5837 1689 5893 Ecclesia
1713 5833 1928 5905 postulauerunt,
1955 5832 2007 5887 litte

1213 5933 1254 5987 cis
1268 5931 1303 5986 ab
1315 5932 1372 6002 ipsa
1395 5930 1523 5986 indicitur
1538 5938 1658 6001 pactum,
1681 5937 1709 5980 ut
1725 5925 1877 5995 relinquant
1899 5941 2007 5980 errores

1214 6042 1289 6091 snos.
1303 6034 1331 6080 ct
1345 6025 1575 6081 anathematizent
1595 6030 1684 6079 sectas
1704 6019 1824 6077 riciarius
1845 6023 2015 6086 ‹utinum-
