4709 6767
684 612 713 666 li.
735 610 860 666 llABth
878 609 987 665 tthhht
1005 609 1165 664 ARClllEl’.
1187 609 1342 666 thGUNT.
1364 607 1506 664 ortuum
1525 607 1615 664 PARS
1635 607 1654 661 l.

641 722 753 778 Cdl‘h'T
774 722 866 776 tt'ttt.

674 811 709 864 oe
723 811 831 865 Etinro.

398 927 408 958 ι
422 904 494 960 Elias
509 901 617 973 quidem
629 902 657 957 in
675 904 783 956 turltine
797 913 884 957 tectus
898 912 955 966 est,
972 911 999 957 et
1013 903 1040 957 in
1056 901 1152 957 Elisaeo

360 1022 368 1051 ι
387 997 537 1069 completus
555 1007 597 1051 est
612 998 722 1065 spiritus
737 996 811 1064 ejns3
829 1005 856 1050 et
875 998 901 1050 in
916 996 1011 1051 dielms
1026 996 1083 1050 suis
1097 1010 1151 1049 non

361 1111 370 1142 ι
388 1088 527 1161 pertimuit
538 1087 700 1157 principem,
716 1097 744 1141 et
759 1086 878 1155 potentia
891 1101 971 1141 neruo
981 1086 1046 1139 vicit
1061 1084 1151 1143 illuutt

361 1203 367 1229 ι
388 1196 437 1235 nee
451 1178 588 1248 superavit
608 1177 681 1231 illum
702 1179 813 1231 rerhum
830 1177 948 1247 aliquod,
969 1185 996 1231 et
1016 1185 1152 1231 mortuum

361 1294 369 1323 ι
387 1270 558 1341 prophetavit
570 1283 670 1338 corpus
684 1267 751 1337 ejus.
768 1267 796 1321 ln
811 1267 864 1321 rita
881 1257 930 1321 sua'
943 1266 1007 1321 lecit
1021 1274 1152 1328 monstra,

362 1381 370 1411 ι
389 1372 415 1416 et
435 1362 462 1416 in
484 1369 570 1414 morte
588 1358 721 1413 nrirahila
746 1366 873 1427 operatus
897 1365 948 1412 est.
974 1355 1003 1410 ln
1028 1357 1154 1411 omnihus

363 1475 370 1502 ι
391 1455 450 1510 istis
474 1469 526 1508 non
548 1451 672 1522 poerrituit
686 1451 811 1520 populus,
829 1458 855 1504 et
878 1465 930 1503 uon
952 1458 1153 1503 recesserunta

363 1573 371 1594 ι
392 1546 510 1616 peccatis
524 1545 590 1608 suis,
608 1559 692 1613 usque
708 1544 771 1597 dum
789 1541 867 1611 ejecti
880 1552 943 1598 suut
958 1543 990 1597 de
1006 1552 1076 1597 terra
1093 1557 1152 1607 sua,

363 1657 372 1688 ι
392 1649 418 1692 et
438 1636 552 1705 dispcrsi
569 1642 632 1690 sunt
653 1634 679 1687 in
702 1648 810 1688 omnem
827 1643 942 1698 terram;
960 1643 988 1689 et
1007 1634 1099 1688 relicta
1113 1641 1154 1687 est

363 1748 371 1779 ι
394 1740 615 1797 gensperpauea,
627 1733 653 1778 et
665 1725 791 1794 prinecps
807 1725 833 1778 in
843 1724 923 1779 domo
933 1723 1026 1778 Dauid.
1040 1722 1154 1790 Quidam

364 1820 511 1887 «ipsorum
532 1816 655 1870 lecerunt
676 1816 748 1885 qrtod
768 1815 887 1885 placeret
906 1816 971 1880 Deo,
998 1816 1042 1870 alii
1064 1821 1154 1870 autem

364 1929 372 1960 ι
392 1898 474 1962 ιιιιιΙίιι
493 1907 688 1962 commiserunt
708 1915 829 1976 peecata.
856 1925 866 1958 ι
883 1906 949 1961 Cum
969 1916 1060 1961 autem
1082 1906 1154 1960 Elias

362 1999 408 2053 lici
423 1998 558 2052 voluntate
572 1997 604 2051 de
619 2006 690 2050 terra
712 1998 745 2050 ad
763 1997 862 2051 coelum
873 1997 1054 2051 sublevandus
1069 2006 1153 2063 esset,

1931 616 1999 674 {tut

1166 721 1264 792 peit:
1284 739 1292 770 ι
1320 719 1407 774 Petite
1427 728 1454 772 ct
1479 720 1587 773 dahilur
1609 718 1685 775 rutis
1709 719 1817 775 lillotlr.
1846 724 1908 795 ιιι),
1933 745 1943 777 t
1969 728 2003 784 iit

1204 811 1266 864 item
1282 828 1288 864 :
1307 828 1315 861 t
1332 810 1427 875 Petite,
1440 812 1543 879 inquit,
1564 820 1591 863 et
1605 810 1752 879 accipietis,
1766 821 1795 864 ut
1809 815 1940 883 grtudium
1958 832 2002 872 re

1204 913 1290 957 strum
1301 902 1336 956 sit
1351 903 1461 972 plenum
1473 901 1563 973 (Joorr.
1579 902 1646 973 ιιι).
1671 923 1680 955 ι
1696 902 1753 958 liae
1764 918 1830 974 ergo
1843 905 1945 962 lidueia
1959 924 2002 965 ac·

1203 1000 1279 1062 cepta
1296 1008 1310 1045 a
1330 991 1444 1046 [turnino
1465 992 1583 1061 postulat
1600 992 1728 1058 Etrsaens,
1744 995 1796 1048 hoc
1816 1004 1873 1060 est,
1888 998 2001 1067 populus

1204 1081 1374 1136 Christianus
1386 1090 1414 1135 ιιι
1427 1081 1474 1135 hat
1487 1082 1598 1151 spiritus
1614 1080 1716 1137 Christi
1734 1084 1834 1154 duplex
1847 1086 1875 1139 in
1888 1088 1941 1152 eis,
1953 1089 2001 1144 hoc

1204 1180 1263 1234 est,
1278 1172 1376 1241 duplex
1394 1173 1481 1243 gratia
1503 1171 1627 1242 Spiritus
1642 1174 1740 1237 sancti,
1763 1174 1790 1227 in
1810 1177 2000 1232 remissionem

1205 1262 1298 1331 utique
1315 1271 1503 1330 peccatorum,
1527 1271 1554 1316 et
1568 1261 1711 1318 collatione
1724 1264 1872 1320 virtutum.
1889 1267 2001 1322 liedern·

1204 1362 1266 1423 ptor
1282 1352 1364 1422 igitur
1382 1359 1490 1416 noster,
1507 1353 1552 1423 qui
1569 1368 1623 1406 non
1640 1354 1733 1407 hahuit
1753 1365 1899 1424 peccatum
1916 1374 2000 1427 iterpue

1203 1457 1345 1515 peccatum
1365 1444 1440 1510 lecit,
1464 1461 1516 1500 neo
1534 1445 1611 1501 dolus
1631 1447 1756 1503 inventus
1769 1460 1812 1503 est
1827 1451 1856 1504 in
1874 1465 1922 1505 ore
1935 1452 1999 1520 ejus,

1205 1538 1365 1592 remissione
1390 1545 1564 1607 peccatorum
1591 1555 1643 1593 non
1666 1540 1761 1610 eguit,
1788 1543 1838 1611 qui
1862 1555 1999 1612 peecatum

1205 1630 1308 1684 nullum
1320 1630 1423 1695 hahuit,
1438 1644 1520 1700 opera
1534 1638 1625 1685 autern
1638 1632 1769 1686 uirtutum
1782 1634 1810 1686 in
1826 1634 1933 1702 Spiritu
1944 1652 2001 1689 san·

1205 1730 1250 1778 eto
1268 1721 1344 1787 lecit,
1362 1723 1502 1792 sicutipse
1517 1723 1544 1776 iu
1558 1722 1703 1793 Evangelio
1717 1724 1784 1778 dicit
1796 1723 1903 1779 iudaeis
1920 1745 1927 1778 :
1945 1744 1954 1775 ι
1972 1728 1999 1782 Si

1193 1810 1256 1884 'ego
1269 1813 1295 1867 in
1310 1813 1394 1883 digito
1413 1813 1460 1866 Dei
1475 1812 1553 1881 ejicio
1565 1813 1714 1880 daemonia,
1735 1814 1863 1883 prolecto
1879 1820 1998 1886 pertenit

1206 1902 1234 1956 in
1257 1916 1305 1957 vos
1327 1918 1440 1972 regnum
1467 1903 1513 1957 llei
1536 1901 1611 1974 (Luc.
1631 1903 1681 1975 ιιι).
1705 1904 1929 1976 »inseparabilia
1942 1917 2000 1961 sunt

1207 1993 1289 2063 igitur
1300 2008 1381 2063 opera
1399 2003 1498 2049 sancte
1514 1994 1666 2062 Trinitatis,
1686 1997 1778 2064 idest,
1797 1998 1889 2054 Patris
1901 2011 1929 2054 et
1943 2002 1998 2055 Filii

361 2091 473 2143 ttttsaos
486 2088 633 2167 discipulus
648 2088 707 2155 eius
723 2089 825 2158 rogarit
836 2105 910 2153 curn,
927 2098 956 2142 ot
966 2090 1063 2158 duplex
1075 2090 1154 2159 spiri·
1169 2083 1191 2142 B
1205 2096 1234 2139 et
1258 2086 1374 2155 Spiritus
1400 2087 1504 2151 sancti,
1533 2086 1653 2143 veritate
1675 2099 1838 2153 attestante,
1857 2107 1919 2162 quae
1941 2093 1998 2146 ait:

361 2191 404 2235 tus
418 2180 477 2247 eius
490 2178 567 2233 iteret
585 2180 611 2231 in
634 2194 676 2244 eo,
696 2181 767 2247 quod
786 2180 870 2233 etiarn
886 2178 941 2233 Deo
954 2181 1071 2234 donante
1089 2196 1152 2251 pro·

360 2271 469 2324 rrtcruit.
489 2269 566 2326 Unde
585 2270 611 2323 in
634 2270 753 2336 potentia
773 2278 801 2323 et
815 2270 915 2323 rirtnte
937 2270 1058 2324 lrostihus
1077 2271 1153 2325 insu·

360 2361 488 2431 perahilis
507 2360 567 2426 init,
589 2361 634 2431 qui
649 2362 675 2413 in
695 2359 749 2414 rita
774 2376 821 2415 sua
846 2369 872 2415 et
893 2362 919 2415 in
934 2370 1020 2416 morte
1033 2370 1152 2415 monstra

360 2453 499 2522 signorum
513 2458 541 2505 et
554 2449 688 2503 mirabilia
707 2464 787 2519 opera
805 2449 879 2504 lecit.
892 2449 969 2517 Quod
983 2458 1073 2503 autern
1088 2450 1154 2504 dicit

359 2540 1153 2612 mortuumcorpusejusprophetasse,ostcuditrpriodmysti-

358 2647 419 2687 cum
434 2645 502 2699 epus
513 2628 561 2683 luit
575 2630 745 2683 resuscitatio
756 2629 907 2695 cadaueris,
918 2631 989 2699 qrtod
1003 2630 1152 2699 projectum

359 2720 409 2774 l'uit
429 2720 456 2773 in
479 2719 603 2790 sepulcro
621 2720 720 2786 Elisati,
737 2731 766 2774 ut
782 2721 884 2791 Regum
902 2721 1015 2775 historia
1036 2729 1128 2774 narrat
1143 2738 1150 2786 3

358 2809 406 2862 sed
423 2808 539 2878 populus
561 2808 642 2862 lsrael
672 2809 718 2862 tali
741 2808 841 2863 virtute
865 2812 1003 2879 signorum
1021 2826 1075 2864 non
1102 2811 1153 2865 luit

359 2907 510 2952 commotus
524 2899 556 2951 ad
570 2899 767 2967 paenitentiam,
783 2914 832 2953 nec
843 2907 1016 2953 recesserunt
1030 2915 1153 2969 apecca-

360 2990 393 3043 tis
405 2990 476 3055 suis,
498 3004 584 3058 usqne
602 2990 665 3043 ditm
676 2990 755 3060 ejecti
770 2999 834 3045 snm
850 2991 882 3044 de
899 2998 969 3044 terra
986 3007 1033 3044 sua
1044 3031 1051 3055 ,
1064 2999 1091 3045 et
1105 2992 1152 3045 de-

358 3083 432 3137 ducti
452 3082 478 3137 in
493 3083 679 3153 captiuitatem
697 3082 756 3156 (W
779 3082 843 3154 llep.
863 3082 934 3155 aru).
962 3083 1039 3149 Quod
1060 3093 1150 3138 autent

358 3173 435 3238 dicit,
462 3190 472 3224 ι
491 3171 595 3227 llelicta
617 3180 660 3227 est
682 3188 748 3243 gens
766 3187 919 3243 perpauca,
941 3180 968 3227 et
986 3173 1112 3242 princeps
1122 3173 1149 3225 in

357 3271 437 3326 domo
452 3270 551 3335 llarid;
573 3270 682 3339 quidam
699 3270 818 3338 ipsorum
834 3269 955 3324 lecerunt
969 3269 1040 3339 quod
1062 3269 1151 3339 place·

359 3371 400 3417 ret
414 3360 480 3427 heo,
506 3362 551 3416 alii
569 3369 659 3415 autem
680 3362 764 3415 multa
785 3362 980 3415 commiserunt
999 3369 1147 3431 peccata.»

1209 2194 1218 2226 ι
1235 2178 1303 2244 Quia
1321 2193 1381 2248 quae
1394 2178 1476 2232 l'ater
1490 2179 1568 2244 lacit,
1584 2181 1641 2237 haec
1657 2183 1752 2234 eadem
1765 2191 1794 2235 et
1811 2182 1896 2237 Filius
1910 2185 2000 2237 simili·

1205 2276 1247 2321 ter
1261 2267 1326 2322 lacit
1338 2269 1429 2339 (loon.
1444 2270 1480 2339 ι).
1504 2290 1513 2322 ι
1535 2270 1568 2323 Ει
1586 2271 1754 2339 Apostolus:
1778 2290 1789 2323 ι
1815 2273 1892 2339 lime,
1907 2277 1998 2344 inquit,

1204 2362 1294 2415 omnm
1315 2370 1444 2430 operatur
1456 2378 1527 2417 tauns
1543 2373 1624 2432 atque
1644 2364 1717 2419 idem
1734 2364 1867 2435 Spiritus,
1882 2368 1999 2423 dividens

1204 2453 1317 2522 singulis
1326 2462 1407 2522 prout
1421 2454 1477 2507 rult
1492 2454 1517 2525 (l
1529 2451 1661 2520 Consul.
1676 2474 1686 2507 ι
1702 2456 1777 2511 Bene
1788 2459 1902 2526 quidem
1916 2473 1999 2529 posat-

1203 2543 1241 2597 lat
1255 2545 1392 2610 Ecclesia,
1410 2556 1439 2601 ut
1452 2548 1576 2617 spiritum
1596 2549 1731 2618 duplicem
1750 2552 1873 2622 accipiat
1893 2553 1997 2617 Christi,

1203 2638 1265 2705 quia
1294 2646 1321 2691 et
1345 2639 1506 2693 remissione
1529 2647 1701 2708 premiorum
1725 2640 1848 2712 indiget,
1871 2661 1924 2714 qua
1950 2661 1997 2699 non

1203 2731 1277 2800 eguit
1288 2728 1423 2791 Christus,
1439 2738 1466 2783 et
1479 2745 1590 2783 munere
1605 2731 1745 2797 uirtutum,
1757 2750 1833 2803 quius
1847 2750 1881 2789 ex
1893 2737 1998 2807 plenitu

1203 2820 1265 2874 dine
1280 2834 1327 2873 sua
1344 2834 1393 2888 per
1407 2819 1538 2887 Spiritum
1550 2827 1672 2873 sanetum
1691 2822 1789 2878 tribuit
1800 2824 1945 2893 Christus,
1956 2829 1997 2897 qui

1202 2911 1352 2965 ascendens
1370 2911 1397 2964 in
1413 2912 1496 2965 altum
1513 2931 1521 2961 ι
1546 2912 1682 2980 captiuam
1702 2914 1783 2969 duxit
1807 2920 1997 2988 captiuitatem,

1198 3002 1275 3071 ⁴dedit
1300 3002 1370 3056 dona
1388 3003 1542 3057 hominihus
1561 3002 1669 3074 (Epiros.
1687 3003 1748 3077 rr),
1778 3007 1862 3063 »iltis
1881 3010 1997 3064 rideliret

1201 3093 1367 3159 hominihus,
1380 3096 1427 3164 qni
1442 3110 1517 3165 spem
1532 3112 1608 3149 suurn
1623 3094 1740 3152 firmiter
1754 3099 1784 3153 in
1797 3100 1875 3155 illurn
1892 3115 1997 3172 ponent

1201 3184 1271 3239 lline
1285 3186 1411 3255 estquod
1432 3186 1504 3241 Elias
1519 3186 1585 3241 dicit
1598 3186 1632 3240 ad
1647 3186 1777 3243 Elismum
1797 3209 1804 3244 ε
1826 3210 1835 3242 ι
1862 3192 1892 3247 Si
1907 3194 1999 3248 rideris

1201 3292 1245 3331 me
1262 3278 1369 3346 quando
1387 3277 1466 3331 tollar
1484 3292 1499 3331 a
1525 3285 1559 3342 te,
1581 3278 1633 3332 erit
1656 3280 1728 3347 quod
1742 3282 1863 3349 petisti:
1879 3284 1903 3338 si
1918 3294 1998 3338 auteur

1202 3382 1256 3424 non
1278 3369 1389 3434 rideris,
1404 3383 1457 3423 non
1470 3370 1524 3423 erit
1535 3367 1587 3440 (Ν
1607 3367 1670 3439 liep.
1686 3370 1742 3442 n);
1762 3375 1853 3443 »quia
1872 3377 1926 3431 nisi
1946 3378 1998 3446 quis

357 3455 476 3510 ostendit
491 3455 562 3523 quod
583 3454 665 3523 stirps
679 3454 774 3507 domus
789 3454 873 3508 David
888 3464 915 3509 et
927 3456 1013 3510 trihus
1028 3454 1096 3509 luda
1110 3433 1187 3509 ahc
1204 3466 1285 3514 rectu
1299 3459 1360 3515 lrdei
1376 3459 1470 3514 oculos
1484 3460 1511 3514 in
1524 3460 1596 3514 illurn
1608 3469 1710 3529 ponat,
1731 3471 1762 3517 et
1780 3466 1880 3520 eredat
1895 3467 1999 3522 hdr-liter

356 3561 411 3616 qtae
424 3543 567 3613 Beniamin
583 3558 636 3596 non
652 3542 760 3611 penitus
775 3542 931 3610 abjecerunt
949 3543 1082 3598 culturam
1101 3545 1150 3599 hei
1202 3551 1371 3620 passionem,
1387 3552 1624 3616 resurrectionem,
1642 3559 1669 3606 et
1689 3556 1887 3612 ascensionem
1900 3556 1997 3625 eiusad

358 3643 388 3690 et
407 3632 534 3702 templum
555 3630 622 3700 ejus,
647 3632 717 3687 sicut
738 3632 858 3690 lecerunt
877 3634 970 3689 decem
986 3636 1083 3702 trihus,
1104 3635 1150 3705 erui
1201 3642 1326 3709 Patrem,
1343 3644 1482 3713 petitionis
1499 3658 1554 3697 suae
1573 3641 1690 3698 lructtnn
1707 3660 1763 3698 non
1779 3649 1883 3717 capiet.
1907 3667 1917 3698 ι
1936 3648 1996 3701 llor-

357 3724 506 3779 lueruntin
516 3722 650 3789 Samaria,
663 3724 1149 3793 seduliieurumluermrtidololatrie,
1203 3747 1265 3794 turis
1289 3747 1330 3791 est
1353 3752 1416 3808 ergo
1441 3737 1564 3803 Elisaeus,
1594 3746 1622 3793 et
1648 3738 1824 3808 sepelierunt
1839 3757 1841 3759 ’
1857 3755 1936 3806 earm
1964 3740 1996 3792 1³.

356 3824 388 3870 ut
400 3815 502 3880 loram,
513 3815 604 3870 llchaz
618 3814 932 3879 etllanasses‚louclrim
945 3826 971 3872 et
986 3817 1148 3888 Sedechias;
1201 3830 1319 3885 retinenti
1336 3846 1443 3901 qnoque
1464 3832 1497 3885 de
1516 3830 1594 3885 lloah
1613 3838 1753 3884 venerunt
1776 3833 1805 3886 iu
1828 3833 1932 3888 terram
1947 3837 1994 3903 ipso

358 3906 403 3960 alii
417 3914 506 3961 autem
519 3906 689 3960 adhaeserunt
700 3907 755 3961 Deo
766 3922 825 3971 suo,
846 3908 917 3962 sicut
928 3907 994 3963 lecit
1008 3909 1147 3979 iosaphat,
1200 3936 1272 3975 anno
1290 3939 1296 3973 :
1313 3921 1420 3990 nitidam
1441 3932 1530 3974 antem
1545 3920 1707 3989 sepelientes
1722 3920 1869 3979 hominem
1884 3927 1993 3979 ridentes

353 3994 488 4049 Ezechias
497 4002 525 4049 et
536 3994 633 4049 iosias.
651 3992 781 4048 Similiter
795 4004 886 4050 autern
897 4004 925 4051 et
936 3997 1033 4051 horum
1049 3999 1149 4053 suhditi
1198 4011 1384 4075 *latrunculum
1399 4011 1572 4081 projecerunt
1586 4012 1704 4066 cadaver
1716 4012 1745 4067 i„
1760 4015 1891 4084 sepulcro
1905 4017 1991 4075 Etis-rr.

357 4085 465 4139 diverse
483 4084 653 4149 seutiehaut;
670 4084 714 4138 alii
727 4094 818 4139 autent
841 4101 935 4141 eorum
952 4097 1025 4142 reeta
1038 4088 1148 4144 incede·
1200 4103 1272 4171 quiin
1295 4100 1455 4165 ainbniuvit,
1478 4111 1506 4155 et
1530 4102 1618 4171 tetigit
1639 4116 1702 4156 ossa
1725 4102 1840 4171 Elisaei,
1863 4114 1892 4159 et
1908 4107 1991 4161 rcririt

358 4174 537 4239 hantria,alii
548 4182 738 4229 autemerrore
749 4176 947 4233 claudicabant.
961 4178 1036 4234 Unde
1050 4181 1149 4235 lactum
1201 4192 1291 4256 homo,
1313 4199 1341 4244 ct
1361 4192 1435 4245 stetit
1449 4205 1530 4260 snper
1554 4191 1635 4262 pedes
1656 4206 1721 4246 snos
1739 4193 1765 4262 (Ι
1774 4194 1794 4246 V
1808 4194 1877 4267 Req.
1898 4196 1965 4267 1111).
1980 4217 1987 4247 t

354 4275 398 4321 est
410 4266 575 4332 nouissime,
590 4276 619 4321 ut
633 4266 726 4321 multis
735 4266 790 4335 jam
807 4269 948 4323 averitate
968 4270 1145 4335 deriantihos,

358 4359 424 4414 nitio
441 4359 606 4429 captiuitatis
622 4359 825 4426 immitteretur,
839 4368 869 4414 ιιι
883 4360 928 4429 qui
943 4361 1088 4416 simulacra
1099 4378 1149 4418 co-

357 4450 466 4505 luerunt
477 4449 503 4503 in
515 4458 587 4504 terra
600 4464 658 4516 sua,
671 4450 721 4520 ipsi
733 4449 813 4505 etiam
825 4451 896 4505 idola
907 4451 1026 4507 colerent
1036 4453 1063 4507 in
1076 4463 1148 4509 terra

356 4540 455 4595 aliena.
476 4539 612 4607 Quaeritur
624 4548 713 4595 autem
727 4543 863 4611 quomodo
874 4542 995 4609 Elisaens,
1010 4560 1071 4598 corn
1084 4561 1149 4601 suus

357 4623 486 4700 magister
496 4630 568 4686 Elias
581 4630 668 4686 locum
680 4633 832 4702 postulandi
844 4634 869 4688 ei
883 4633 1003 4701 olierret,
1015 4636 1147 4706 duplicem

357 4724 480 4795 spiritum
500 4722 565 4781 httae
583 4724 770 4794 postulaverit,
795 4741 856 4780 cum
876 4727 1005 4784 Dominus
1027 4729 1100 4784 dicat
1121 4730 1147 4784 iu

357 4809 513 4878 Evangelio.
537 4831 547 4865 ι
565 4811 624 4869 Non
638 4823 679 4869 est
696 4815 843 4887 discipulus
858 4832 940 4888 super
955 4821 1140 4891 magistrum:
1159 4798 1186 4857 D

357 4902 492 4965 perlectus
508 4906 596 4959 omnis
629 4907 691 4970 erit,
722 4908 745 4962 si
769 4907 804 4963 sit
831 4911 900 4963 sicut
929 4911 1057 4980 magister
1082 4915 1142 4986 ejus

360 4989 531 5064 lhrir.rr);
561 4995 639 5066 eujus
670 4997 808 5068 petitionis
831 5000 990 5070 mysterium
1016 5005 1040 5058 si
1073 5020 1139 5063 con·

355 5083 500 5149 sideretur,
516 5099 568 5140 non
588 5086 751 5156 importuna,
774 5090 820 5144 sed
833 5092 986 5146 necessaria
1000 5096 1145 5164 postulatio

350 5174 520 5231 decernitur.
544 5178 617 5233 lliait
630 5194 694 5250 ergo
710 5181 782 5235 Elias
793 5183 825 5237 ad
838 5183 962 5238 Elisaenm
978 5204 984 5239 :
1004 5205 1014 5237 ι
1035 5188 1144 5244 Postula

356 5262 426 5330 quod
441 5264 482 5318 vis
496 5273 526 5319 ut
537 5264 632 5322 luciam
649 5271 707 5333 tihi,
724 5282 868 5342 aitterprom
886 5276 990 5331 tollara
1005 5289 1039 5333 te.
1062 5279 1146 5334 Diuit-

355 5367 409 5422 qne
426 5354 538 5411 Elisaeus
553 5375 559 5409 :
576 5358 917 5434 0hseeroutl1atspiritus
934 5376 994 5423 tuos
1010 5372 1106 5442 duplex
1118 5373 1144 5428 in

355 5460 408 5500 me.
423 5445 474 5511 Qui
490 5450 627 5517 respondit
641 5468 647 5503 ε
661 5450 727 5505 ilem
740 5454 873 5511 difficilem
888 5459 1030 5527 postulasti
1046 5480 1053 5515 ε
1071 5463 1145 5518 Atta-

356 5551 416 5592 men
431 5537 455 5592 si
473 5538 575 5595 rideris
587 5556 630 5595 me
648 5545 755 5610 (iurando
777 5546 855 5600 tollar
871 5564 885 5601 a
900 5559 934 5613 te,
947 5553 1000 5605 erit
1012 5556 1083 5622 qrrod
1097 5571 1144 5624 pe-

355 5628 427 5696 tisti;
450 5629 474 5684 si
486 5638 575 5685 autern
589 5647 641 5686 non
655 5634 768 5700 rideris,
785 5653 838 5691 non
854 5640 907 5693 erit
923 5641 975 5712 (ll'
988 5642 1049 5714 llep.
1071 5649 1111 5718 n).
1133 5667 1142 5699 ι

351 5722 439 5791 Quem
452 5724 524 5778 enim
544 5724 595 5780 hoe
615 5724 673 5779 loco
687 5726 820 5795 siguificat
833 5729 915 5796 Elias,
937 5733 987 5787 nisi
1002 5746 1082 5804 caput
1094 5754 1143 5791 no-

354 5823 452 5882 strum,
473 5815 615 5871 Dominum
639 5818 741 5873 scilicet
759 5820 980 5892 Redernptorem;
1012 5836 1039 5881 et
1062 5844 1143 5897 quem

354 5907 489 5973 Elisoeus,
510 5910 562 5965 nisi
584 5926 682 5981 corpus
697 5910 755 5979 ejus
780 5914 851 5983 qttod
870 5924 913 5970 est
931 5917 1070 5973 Ecclesia?
1093 5921 1144 5976 hat

353 5999 441 6054 locum
455 6004 607 6071 postulandi
624 6005 694 6060 Elias
709 6016 811 6075 noster,
828 6024 888 6063 etrrn
904 6011 930 6065 in
944 6011 1089 6083 Evangelio
1103 6013 1143 6068 di·

1200 4284 1269 4351 Quid
1295 4284 1429 4356 signiticat
1452 4285 1510 4339 haec
1534 4284 1706 4339 resuscitatio
1732 4288 1881 4343 cadaveris
1902 4289 1988 4344 mortui

1199 4389 1249 4445 per
1268 4384 1423 4429 contactum
1442 4376 1541 4429 ossium
1562 4374 1668 4437 Elisai,
1691 4378 1746 4431 nisi
1760 4379 1847 4433 uitam
1872 4380 1986 4442 fidelium,

1200 4484 1260 4538 quiue
1276 4469 1302 4522 in
1318 4479 1406 4522 morte
1425 4468 1525 4523 Clnisti
1540 4469 1676 4523 veraciter
1697 4482 1822 4528 constat.
1841 4473 1986 4543 Quicunque

1199 4572 1265 4629 crgo
1277 4559 1353 4612 lirina
1368 4558 1420 4613 lide
1435 4560 1520 4629 tangit
1531 4569 1645 4615 mortem
1658 4562 1774 4628 Christi,
1789 4574 1818 4618 tl
1833 4582 1909 4638 spem
1923 4584 1985 4622 snam

1199 4651 1334 4705 ueraciter
1355 4651 1381 4704 iu
1399 4650 1457 4719 ipso
1470 4650 1601 4715 collocat,
1620 4652 1679 4706 sinc
1694 4653 1781 4708 dolio
1799 4660 1935 4729 particeps
1945 4660 1984 4710 erit

1200 4741 1406 4797 resurrectionis
1419 4741 1487 4809 ejus.
1505 4740 1575 4795 Dicit
1586 4742 1658 4795 enirn
1675 4743 1733 4812 ipsu
1751 4746 1886 4802 Veritas:
1909 4770 1915 4798 ι
1941 4750 1983 4808 Eat

1199 4847 1259 4886 sum
1275 4833 1438 4887 resurrectio
1454 4842 1482 4887 ct
1493 4832 1547 4885 rita
1564 4851 1570 4885 ι
1587 4832 1632 4901 qui
1647 4836 1734 4889 credit
1754 4837 1780 4889 in
1796 4854 1855 4904 me,
1873 4856 1924 4894 nou
1940 4857 1982 4893 roo

1197 4924 1285 4979 rietur·
1307 4924 1334 4978 in
1356 4933 1488 4979 aeteruum
1511 4925 1600 4998 (loru.
1618 4928 1668 4996 xi).
1696 4947 1707 4978 r
1727 4929 1763 4984 Et
1781 4932 1849 4987 alihi
1865 4953 1872 4986 :
1890 4953 1899 4985 ι
1922 4934 1980 4988 Sira:

1198 5017 1311 5089 Moyses,
1337 5018 1439 5087 inquit,
1459 5018 1590 5073 exaltarit
1604 5031 1762 5090 serpentem
1781 5026 1810 5079 in
1826 5029 1942 5089 deserto,
1953 5028 1979 5077 iu

1197 5108 1311 5164 cxrtltari
1325 5118 1432 5180 oportet
1444 5109 1541 5164 Filium
1556 5112 1687 5176 hominis,
1705 5123 1738 5167 nt
1750 5119 1845 5175 onmis
1857 5122 1902 5189 qui
1913 5120 1978 5174 ert-iit

1198 5200 1224 5254 in
1246 5201 1343 5269 ipsum,
1363 5215 1416 5254 nou
1438 5210 1543 5271 percat,
1566 5202 1613 5256 sed
1635 5202 1739 5259 haheat
1757 5207 1846 5263 vitam
1870 5220 1976 5265 arteman
2033 5197 2034 5216 ¹

1199 5292 1289 5360 (Jourt.
1311 5292 1366 5361 tu).
1390 5312 1400 5345 ι

1493 5362 1605 5419 CAPUT
1624 5363 1695 5419 itti.

1499 5455 1538 5508 De
1559 5455 1684 5509 Euclio.

1237 5545 1392 5600 «Ezechias
1408 5546 1522 5599 muniuit
1536 5545 1675 5600 civitatem
1691 5563 1790 5614 suam,
1807 5563 1835 5607 et
1849 5553 1945 5607 induxit
1955 5550 1972 5602 ia

1202 5655 1212 5689 ι
1231 5639 1348 5692 medinm
1373 5638 1457 5707 ipsius
1479 5651 1593 5707 aquam,
1612 5646 1639 5692 et
1657 5636 1728 5693 lodii
1746 5639 1823 5696 lerro
1841 5659 1940 5714 rupem,
1954 5648 1973 5691 rt

1202 5730 1370 5784 ‹aeliticarit
1395 5730 1429 5783 ad
1453 5745 1550 5799 aquam
1576 5738 1699 5800 puteum.
1727 5731 1757 5787 ln
1787 5736 1884 5791 diebus
1909 5735 1972 5805 ipsiut

1200 5847 1210 5879 ι
1226 5828 1348 5881 ascendit
1372 5826 1572 5889 Sennacherib.
1595 5834 1623 5881 et
1644 5827 1720 5881 misit
1734 5827 1880 5886 Ralrsacen
1891 5839 1915 5883 ct
1926 5841 1971 5881 sus·

1200 5938 1209 5972 ι
1227 5920 1287 5974 ιιιΙὶι
1310 5934 1419 5973 manunt
1439 5934 1515 5973 suam
1528 5926 1623 5971 contra
1637 5918 1698 5972 illos
1710 5960 1718 5983 ,
1731 5930 1759 5974 et
1770 5922 1870 5975 extulit
1882 5930 1970 5975 mariun

1200 6030 1209 6064 ι
1224 6026 1303 6066 suam
1317 6011 1342 6064 iu
1356 6008 1422 6065 Sion
1436 6027 1442 6039 ·
1455 6019 1481 6063 et
1495 6011 1626 6079 superbus
1641 6008 1732 6066 hirtus
1743 6021 1784 6065 est
1799 6013 1913 6081 poteritis
1925 6022 1969 6061 saa.
