4709 6767
313 607 316 612 ’
356 638 425 699 tosa
677 638 707 694 u.
728 636 1161 693 mnaaraacnramznrrr.
1183 632 1337 688 sarucia.
1357 630 1500 688 cornua
1520 625 1648 684 ranst.
1921 626 1988 685 teet

354 754 407 811 riri
431 755 458 808 ln
484 750 702 824 generationibus
730 749 818 818 peritis
844 764 899 802 sarm
927 750 1057 818 gloriam,
1081 749 1144 816 qrria
1161 744 1267 806 Abona
1287 745 1447 814 promeruit.
1470 743 1545 798 bade
1568 750 1611 796 est
1637 741 1711 807 illud,
1726 741 1800 811 quod
1820 739 1988 813 lluyscspro

355 847 452 903 niente
476 842 625 913 prudentiae
648 849 675 894 et
699 841 830 894 virtutum
857 856 871 892 a
893 840 1009 894 subditis
1032 840 1145 893 honera·
1196 837 1291 892 eodem
1308 836 1405 905 populo
1426 834 1716 905 lsraclitieopeccante
1734 847 1829 888 eram.
1853 831 1987 888 Abrabam

357 937 464 991 bantur.
495 932 570 987 Unde
594 931 696 1001 posteri
721 945 815 984 eorum
838 929 884 997 qui
910 945 1003 983 eornm
1024 936 1146 983 sanctam
1196 926 1309 981 etlsaae
1328 924 1459 988 etlaenb,
1483 925 1582 994 naribus
1604 924 1799 994 promissiones
1822 922 1897 977 date
1920 934 1987 984 suet

355 1026 591 1082 conversationem
608 1026 707 1080 imitati
730 1034 803 1089 sunt,
820 1039 887 1079 roce
902 1022 981 1078 simul
995 1031 1022 1077 ct
1042 1023 1148 1075 actione
1196 1018 1270 1076 ducit
1283 1017 1310 1071 ia
1324 1017 1495 1081 memoriam,
1509 1024 1539 1070 ot
1556 1030 1651 1070 eorum
1665 1015 1772 1070 meritis
1785 1014 1922 1070 beurim
1935 1015 1977 1086 pla

355 1119 449 1175 laudes
464 1118 572 1173 illorum
594 1119 819 1173 celebraverunt:
834 1117 903 1186 rpmd
917 1116 997 1169 etlam
1020 1112 1082 1168 mali
1098 1113 1147 1165 lae·
1196 1116 1283 1171 catus,
1301 1107 1477 1175 peccantilars
1499 1105 1562 1161 liliis
1581 1106 1695 1161 donaret
1716 1104 1930 1175 indulgentiam.
1948 1104 1991 1159 Sic

359 1210 446 1263 mines
466 1203 632 1279 ct'perversi
648 1208 769 1263 moribus
784 1207 895 1277 adipisci
913 1221 964 1259 non
981 1211 1147 1258 memeront.
1197 1199 1231 1253 ad
1245 1199 1327 1253 liarid
1348 1199 1488 1263 meritum,
1506 1198 1575 1254 lilios
1593 1197 1653 1268 ejus
1670 1199 1696 1252 in
1715 1197 1810 1253 multis
1831 1197 1947 1267 adiurit,
1959 1198 1990 1252 ob

360 1299 398 1353 be
411 1299 508 1369 quibos
524 1298 668 1354 subditur:
1200 1292 1274 1361 carius
1300 1291 1459 1347 raemoriam
1491 1290 1574 1345 etiam
1590 1290 1719 1345 Dominus
1743 1287 1809 1345 liliis
1830 1289 1892 1359 elus
1912 1288 1992 1343 multo

396 1408 406 1442 ι
429 1390 461 1445 Et
484 1399 547 1446 sunt
567 1405 681 1461 quorum
704 1404 758 1443 non
786 1395 827 1442 cst
847 1384 985 1446 meritoria,
1011 1384 1150 1455 perierunt
1199 1389 1319 1449 tempore
1336 1396 1449 1450 regnrrm
1462 1379 1589 1434 serravit.
1606 1378 1660 1435 Sed
1678 1379 1832 1435 sacratiore
1846 1393 1929 1434 sensu
1942 1378 1989 1433 riri

361 1501 371 1533 ι
393 1482 471 1552 rpoasi
495 1481 541 1552 qui
566 1495 618 1534 non
642 1478 751 1534 luerint.
770 1478 803 1532 Et
830 1477 884 1531 nati
909 1484 971 1530 sunt
995 1474 1072 1543 ‹prrasi
1097 1488 1149 1525 non
1199 1469 1391 1526 misericordiae
1411 1480 1476 1525 sunt
1490 1471 1603 1540 apostoli
1617 1471 1722 1526 Domini
1737 1470 1827 1527 nostri
1841 1468 1990 1526 desecari-

363 1590 372 1623 ι
397 1572 508 1635 nati,et
531 1570 578 1625 dlii
604 1570 722 1640 ipsorum
748 1583 810 1622 curn
837 1567 926 1621 iliter
957 1564 1014 1619 Non
1041 1562 1150 1617 ltrerunt
1199 1563 1244 1624 sti,
1258 1560 1741 1631 etpredicatoresNobilestamenti,
1754 1560 1803 1631 qui
1814 1559 1991 1614 rerbeErau

359 1677 425 1733 crgo
451 1659 527 1730 impii
548 1668 575 1716 et
596 1667 752 1729 peccateres
774 1656 847 1728 digni
867 1656 1015 1719 memorla,
1045 1654 1106 1723 quia
1127 1654 1150 1708 si
1200 1652 1260 1723 polii
1278 1660 1306 1707 ct
1323 1666 1402 1706 sacro
1417 1651 1591 1721 baptismate,
1607 1648 1677 1705 lilios
1695 1650 1743 1705 liei
1760 1649 1861 1720 dignos
1877 1648 1990 1719 quetidie

362 1748 513 1818 aliquldde
531 1749 572 1803 bis
591 1746 759 1803 narratoria
777 1743 917 1817 Scriptura
942 1760 1030 1807 sacra,
1048 1761 1099 1798 non
1118 1745 1151 1798 ad
1200 1744 1318 1813 pariunt.
1344 1742 1395 1809 Qui
1411 1742 1561 1797 imitatores
1575 1748 1717 1812 parentum
1738 1755 1857 1796 suetum
1878 1739 1952 1805 laeti,
1965 1740 1989 1793 in

362 1836 481 1904 laudem,
497 1838 544 1892 scd
561 1837 595 1892 ad
608 1838 830 1907 citoperationem
843 1851 936 1891 cerain
962 1836 1089 1904 pertinet.
1113 1834 1151 1889 De
1202 1832 1254 1886 lide
1277 1839 1304 1886 ct
1325 1831 1531 1887 conversatione
1560 1845 1654 1885 eorum
1681 1830 1808 1899 exempla
1835 1836 1989 1900 seqaemm.

362 1928 416 1984 illis
436 1929 508 1984 enim
529 1929 556 1983 in
570 1926 675 1983 Psalmo
692 1929 821 1998 scripturn
842 1936 905 1982 est:
926 1945 935 1977 ι
953 1926 1056 1981 lnimici
1080 1924 1152 1981 dele·
1202 1924 1303 1978 llorum
1330 1923 1434 1978 scilicet
1458 1937 1571 1992 corpora
1591 1930 1651 1993 post
1675 1922 1757 1977 linem
1773 1922 1842 1978 ritae
1855 1922 1992 1993 praesentis

363 2026 458 2073 cerunt
473 2016 576 2072 tramea
589 2017 616 2071 in
629 2016 719 2082 linem,
734 2026 761 2069 et
774 2016 897 2071 civitates
910 2030 1004 2069 eorum
1018 2014 1151 2069 destruxi·
1202 2014 1339 2068 dorruiunt
1352 2015 1378 2068 in
1385 2028 1432 2084 spe
1447 2013 1662 2079 resurrrectionis,
1670 2022 1867 2084 exspectantes
1880 2013 1990 2069 lutunru

363 2106 407 2161 sti.
423 2106 506 2160 Periit
523 2106 654 2159 memoria
672 2119 765 2159 eorum
785 2120 847 2159 cum
872 2105 982 2159 sonitu:
998 2122 1007 2154 ι
1024 2102 1151 2172 quoniam
1167 2094 1189 2153 b
1203 2104 1327 2175 glorinn,
1352 2102 1460 2172 qtrarrdo
1475 2117 1566 2158 semen
1588 2104 1722 2158 bonomia
1747 2119 1866 2175 operum
1890 2103 1991 2159 illerum

363 2193 462 2250 diaboli
484 2194 583 2265 gaudio
603 2194 629 2248 in
651 2196 883 2250 consummatione
899 2194 991 2248 mundi
1008 2192 1044 2247 illi
1058 2192 1103 2261 qui
1118 2192 1152 2245 ad
1203 2196 1306 2251 coebsti
1320 2195 1445 2249 mercede
1459 2210 1474 2249 a
1490 2210 1606 2265 superno
1616 2193 1708 2263 judice
1723 2205 1923 2252 remuneretur.

363 2286 501 2341 civitatem
527 2285 586 2356 ejus
610 2287 746 2355 pertinere
781 2293 929 2340 noscuntur
956 2283 1101 2347 deficient,
1125 2292 1153 2336 et
1507 2284 1621 2342 carba
1642 2283 1685 2340 lll.

363 2389 458 2429 eorum
480 2375 609 2429 memoria
632 2390 692 2429 cum
715 2375 835 2429 elamore
855 2372 1002 2428 novissimo
1026 2373 1149 2435 interiet,
1521 2374 1670 2429 lieEnoelr.

362 2465 472 2535 qttattde
499 2473 659 2535 mergantur
684 2467 710 2520 in
735 2481 842 2535 ponam
868 2475 1037 2535 perpetuam.
1075 2465 1152 2532 Quod
1240 2483 1251 2515 ι
1275 2465 1366 2522 Enoch
1392 2465 1494 2536 placuit
1508 2466 1563 2520 beo
1577 2473 1606 2519 et
1625 2465 1832 2523 translatusest
1852 2467 1980 2540 inparatli

361 2554 519 2625 exempdum
532 2555 596 2609 inde
610 2564 725 2611 tractum
741 2566 793 2621 est,
809 2557 871 2625 qrria
888 2556 946 2610 deri
964 2556 1033 2611 solet
1046 2555 1153 2625 quando
1206 2574 1216 2606 ι
1238 2571 1308 2621 som,
1325 2563 1354 2610 ut
1374 2556 1418 2610 det
1441 2557 1565 2627 pentibus
1584 2556 1784 2625 penitentiam.
1804 2579 1814 2611 ι
1841 2558 1913 2615 liene
1933 2573 1992 2630 erpo

364 2660 410 2702 res
422 2661 559 2718 prosperae
571 2647 731 2719 merissime
745 2649 798 2702 line
814 2647 984 2711 dominatur,
1001 2656 1030 2701 ut
1044 2661 1094 2701 nee
1105 2661 1154 2717 po-
1202 2664 1257 2702 non
1279 2648 1311 2703 dc
1323 2647 1407 2702 ddum
1420 2647 1465 2717 qui
1482 2656 1667 2719 transgressos
1683 2658 1727 2705 est
1744 2649 1870 2705 divinum
1892 2650 1993 2705 mne

363 2741 449 2789 testas
466 2749 560 2790 cerum
575 2736 859 2799 rideatnrreraanere,
874 2752 923 2791 nee
934 2751 1031 2792 tamnen
1042 2736 1152 2800 intueri,
1204 2748 1270 2802 ιιιιιι,
1286 2748 1314 2793 ct
1333 2740 1435 2811 ejectus
1457 2739 1566 2810 reliquit
1590 2739 1758 2810 paradisum,
1775 2741 1876 2813 incipit
1889 2755 1991 2797 murae·

363 2822 436 2892 qnod
458 2822 524 2878 dicit
546 2823 615 2880 lilios
639 2840 733 2881 sonim
756 2842 817 2882 eam
842 2828 908 2897 ipsis
928 2828 1027 2898 perire,
1041 2826 1153 2898 mystice
1206 2845 1267 2885 rare
1290 2838 1398 2887 sandes
1419 2839 1520 2902 patres,
1536 2829 1583 2887 sed
1604 2829 1637 2887 de
1653 2831 1757 2898 Eneeb,
1779 2833 1830 2903 qni
1853 2832 1993 2888 ambularit

362 2916 502 2985 aiguitcat
516 2931 597 2987 opera
611 2926 786 2986 peccatoram
811 2919 838 2973 in
858 2928 961 2973 ntcnra
981 2918 1153 2974 ιιιιιιιιιιὶοιιο
1205 2936 1267 2975 curn
1283 2922 1348 2987 beo,
1369 2928 1399 2976 et
1417 2922 1564 2978 translatus
1585 2930 1627 2978 est
1645 2922 1671 2978 in
1688 2925 1862 3000 paradisum.
1889 2925 1956 2993 orata
1969 2925 1991 2978 in

362 3006 444 3060 ainrul
461 3022 522 3063 eunt
537 3006 603 3080 ipsis
615 3007 736 3063 interire.
1205 3012 1352 3069 inmolaret
1365 3013 1461 3069 electio
1473 3024 1637 3079 sanctornm,
1649 3016 1725 3085 qnod
1736 3014 1771 3071 de
1784 3029 1912 3072 aerumna
1925 3017 1993 3072 istius

676 3096 790 3153 etrus
809 3097 839 3152 ll.
1205 3104 1296 3159 secoli
1330 3104 1532 3160 transferuntur
1556 3104 1591 3160 ad
1615 3107 1736 3176 qulam
1764 3107 1891 3164 eoelcstis
1915 3109 1992 3180 regui.

470 3186 510 3241 De
524 3196 646 3258 aunan.
660 3186 851 3256 ticonium,
865 3185 1040 3239 metabole·
1207 3194 1255 3250 llie
1278 3208 1343 3266 ergo
1365 3195 1484 3250 creditor
1505 3202 1636 3251 venturus
1657 3209 1720 3252 cura
1740 3194 1802 3250 Elia
1821 3196 1900 3267 juata
1922 3195 1992 3252 ὼιιιι

405 3299 414 3332 ι
437 3279 490 3335 Sed
503 3280 604 3335 illiriri
616 3280 810 3336 mbeaimrdiae
820 3287 892 3342 mot,
908 3293 1025 3349 qnorum
1038 3278 1155 3349 pietates
1204 3285 1309 3351 eamd,
1332 3293 1363 3340 or
1384 3285 1541 3341 homnibus
1565 3284 1612 3341 (let
1632 3283 1779 3341 oonsitlom
1801 3288 1950 3357 :pecude
1964 3286 1994 3340 sd

368 3390 379 3427 ι
401 3388 455 3429 non
470 3372 623 3434 deluemnt,
638 3382 667 3427 et
685 3385 747 3426 αιιιι
762 3372 866 3427 umine
889 3372 1010 3442 ipsoram
1025 3381 1154 3440 persero
1204 3373 1396 3444 peonitentiam
1413 3372 1600 3440 converteret,
1615 3379 1644 3429 et
1654 3373 1695 3427 tie
1708 3387 1774 3429 eam
1787 3374 1895 3445 eodem
1908 3374 1992 3431 meir

368 3480 380 3514 ι
402 3470 464 3517 rant
486 3461 576 3525 bena,
601 3460 746 3516 baereditas
768 3469 862 3515 saneta
883 3468 1011 3528 nepotum
1036 3457 1152 3515 illorum.
1167 3467 1191 3529 (ζ
1205 3465 1394 3534 peremtione
1408 3461 1665 3522 dmatnnrsotast
1677 3463 1894 3520 mundam.

368 3571 378 3604 ι
399 3553 435 3607 lit
449 3551 477 3606 in
491 3549 659 3605 testamentis
673 3550 748 3605 stetit
768 3563 980 3611 serueueram,
994 3558 1022 3602 et
1038 3547 1084 3601 lilii
1105 3563 1153 3603 eo·
1505 3554 1620 3610 carui·
1647 3553 1692 3608 lv.

367 3660 378 3694 ι
400 3656 460 3696 rum
477 3648 588 3711 propter
606 3639 664 3694 illos
679 3653 765 3709 mnae
782 3639 810 3693 in
822 3647 954 3693 aetcrnrrm
977 3645 1151 3707 pannaoeu:
1537 3646 1575 3703 p,
1588 3643 1656 3700 prop,

369 3747 379 3781 ι
401 3742 495 3786 semen
514 3735 649 3783 eommet
662 3728 750 3797 gloria
763 3742 858 3784 eorum
874 3726 1151 3796 riou-derelinquetur.
1242 3755 1252 3789 c
1276 3736 1331 3792 rtoe
1347 3737 1477 3794 tomeun
1497 3747 1540 3794 aar
1558 3736 1826 3808 perlectus,1ustos,
1844 3747 1873 3795 et
1893 3741 1991 3795 iatere

368 3841 379 3874 ι
400 3821 520 3893 Corpora
542 3822 660 3893 ipsorum
682 3823 708 3877 in
726 3836 794 3893 paee
806 3820 911 3892 seprdta
929 3828 1001 3883 som,
1015 3828 1044 3874 et
1056 3835 1152 3874 immeo
1206 3848 1215 3880 a
1240 3844 1304 3900 pom
1326 3830 1472 3885 ipsomet„
1496 3829 1585 3885 [news
1607 3837 1649 3885 osa
1672 3830 1879 3897 mommolo,
1903 3839 1935 3887 ιι
1953 3830 1992 3885 det

360 3933 378 3966 a
401 3929 495 3968 corum
510 3915 581 3969 rivet
596 3915 623 3968 in
636 3915 824 3985 generationes
837 3920 865 3967 et
880 3911 1078 3983 generationes.
1101 3910 1152 3966 Sa·
1206 3936 1216 3970 ι
1239 3920 1363 3989 geritibus
1386 3920 1583 3991 poeniteotiam.
1609 3917 1671 3975 ldee
1697 3920 1848 3977 remissam
1873 3930 1917 3977 est
1937 3919 1992 3975 teli·

368 4026 377 4056 ι
402 4006 483 4075 pienti
494 4021 528 4060 mr
542 4021 635 4060 eorum
654 4013 765 4060 narrent
779 4004 879 4075 populi,
896 4012 924 4057 et
937 4002 1043 4057 laudern
1059 4018 1152 4058 eorum
1206 4027 1216 4061 ι
1237 4023 1320 4078 parram
1335 4018 1413 4064 terne
1424 4024 1484 4064 enm
1499 4009 1599 4065 lactum
1606 4009 1990 4077 mtdmrtomomma

369 4116 378 4146 ι
402 4097 507 4151 rorantiet
518 4097 648 4152 Ecclesia.
668 4119 676 4148 ι
694 4096 733 4151 llli
747 4097 845 4166 quiippe
860 4096 910 4149 viri
926 4102 989 4148 sarnt
1001 4093 1154 4148 nrisericor·
1207 4118 1217 4150 ι
1241 4100 1330 4155 saeooli
1355 4100 1440 4171 posita
1459 4108 1522 4155 som
1538 4101 1607 4170 apud
1631 4099 1719 4168 illum,
1744 4116 1783 4157 ne
1806 4102 1892 4158 deleri
1911 4109 1990 4173 portel

360 4175 428 4251 dia,
444 4188 489 4257 qui
505 4200 577 4243 recta
591 4189 642 4242 lide
654 4197 682 4243 et
695 4189 773 4243 bonis
786 4187 914 4258 operibus
942 4185 1153 4240 misericordiam
1207 4205 1217 4237 ι
1239 4187 1338 4242 diluvio
1350 4188 1438 4242 oannis
1451 4202 1525 4243 caro.
1543 4206 1552 4240 ι
1570 4187 1626 4244 Noe
1641 4201 1705 4243 rere
1726 4190 1764 4245 de
1780 4205 1837 4260 quo
1860 4189 1989 4261 Scriptura

367 4276 472 4331 bomini
500 4286 717 4347 promeruerunt.
743 4278 809 4331 Nam
837 4295 846 4327 ι
864 4275 1049 4331 arriserieerdia
1062 4273 1154 4341 elusa
1204 4286 1313 4342 narrat,
1338 4278 1410 4348 qnod
1426 4277 1467 4331 vir
1487 4276 1577 4345 justos
1602 4285 1684 4347 atque
1708 4277 1851 4348 perlectus
1872 4277 1951 4334 luerit
1966 4277 1988 4330 io

285 4390 287 4392 >
366 4367 492 4436 progenie
523 4369 549 4420 in
573 4369 713 4438 progenies
742 4368 897 4422 timentibus
926 4381 1032 4420 ιιιιιιει
1058 4366 1154 4420 Ιιοιιιιιι
1205 4367 1423 4439 generationibus
1435 4367 1501 4431 sois,
1514 4366 1654 4421 ambulans
1664 4381 1726 4421 eum
1737 4367 1807 4434 lico,
1819 4368 1987 4424 brnedkitur.

365 4458 486 4511 actiones
501 4457 576 4513 bonae
594 4475 646 4512 noo
660 4459 770 4513 deluere
787 4459 813 4512 in
831 4458 1018 4520 retributione,
1033 4457 1080 4511 scd
1093 4472 1154 4511 cum
1205 4460 1233 4514 ln
1249 4469 1369 4529 tempore
1392 4459 1538 4515 iracundiae
1561 4441 1648 4514 laetus
1660 4467 1704 4514 est
1720 4460 1921 4524 reconditorio,
1933 4458 1986 4529 quia

365 4548 472 4603 aenaioe
497 4563 600 4608 eerrrm.
619 4548 671 4603 lroe
693 4556 744 4613 est,
770 4548 849 4617 hirtos
869 4547 916 4602 llei
933 4547 1091 4605 cultoribus.
1108 4548 1153 4616 orti
1206 4553 1305 4608 rornnlo
1329 4559 1459 4621 pereunte
1482 4550 1590 4613 dilucio,
1604 4550 1638 4604 ad
1651 4550 1704 4605 boe
1715 4558 1879 4606 reservatus
1899 4559 1948 4614 est,
1963 4556 1988 4601 ot

359 4644 478 4705 nepotes
494 4643 523 4690 et
540 4636 660 4690 brocredes
674 4635 776 4691 debant
791 4637 833 4699 ci,
849 4644 877 4690 et
891 4635 1023 4705 religiosae
1043 4648 1154 4691 conver·
1205 4642 1393 4712 purificandam
1418 4640 1544 4713 gentibus
1567 4639 1699 4698 indicaret
1721 4639 1879 4710 agendam,
1902 4647 1930 4694 et
1946 4650 1987 4694 sat

366 4726 479 4781 sationis
491 4741 585 4779 comm
598 4734 788 4780 testamentum
809 4724 874 4794 legis
887 4724 934 4780 bot
949 4725 1055 4780 bimum
1067 4726 1153 4780 stetit,
1205 4731 1330 4799 caeanplo
1349 4732 1556 4794 amaret,
1576 4728 1648 4799 qued
1663 4730 1710 4799 out
1733 4728 1793 4786 Dee
1820 4730 1920 4786 deren
1940 4742 1987 4785 tet·

366 4827 395 4872 et
416 4832 534 4887 propago
557 4816 657 4873 soboba
678 4831 771 4871 corum
794 4825 905 4886 propter
930 4816 1036 4873 illemut
1058 4812 1291 4883 meritaDoiunt,
1307 4821 1600 4875 iromunesabaetcrno
1616 4819 1930 4877 interraneorum
1943 4831 1986 4889 qut

366 4908 446 4984 longo
459 4917 580 4978 ternpore
594 4907 702 4970 mansit,
716 4922 766 4962 rec
780 4906 863 4976 gloria
878 4915 1032 4963 samtottnn
1044 4906 1153 4961 Patrorn
1206 4910 1289 4965 etiara
1302 4909 1431 4965 bominm
1444 4918 1552 4979 pactum
1570 4908 1810 4968 statuitetloedus
1831 4910 1944 4983 pepigit,
1960 4925 1984 4964 or

366 4999 419 5054 olla
443 5000 578 5055 oblivione
599 4999 741 5055 delebitur.
769 4995 822 5054 Sed
844 5011 958 5067 errrpora
979 4999 1098 5068 ipsorum
1126 5000 1153 5054 in
1206 5003 1277 5057 ultra
1301 5001 1380 5072 aquis
1394 5001 1488 5056 diluuii
1501 5000 1603 5057 deleret
1621 5009 1734 5065 mam,
1755 5001 1984 5074 effictam

365 5104 433 5161 paee
449 5090 614 5159 quiescentia
628 5097 788 5160 exspectant
801 5090 1007 5146 resurrectionis
1024 5091 1107 5154 dieo,
1124 5099 1154 5145 ot
1204 5100 1327 5146 rectores
1348 5092 1437 5161 populi
1451 5092 1510 5157 bei,
1527 5092 1573 5161 qui
1597 5090 1783 5148 interductu
1804 5093 1886 5149 istius
1910 5090 1983 5150 ml

366 5181 500 5250 accipiant
515 5182 626 5253 gloriam
647 5182 874 5252 incorruptionis:
887 5197 984 5239 nomen
999 5192 1090 5238 aetem
1105 5197 1152 5237 eo·
1204 5195 1252 5236 arc
1270 5197 1296 5234 ιιι
1321 5189 1418 5251 regunt
1442 5181 1571 5236 Ecclesiae
1592 5180 1710 5244 Christi,
1736 5183 1894 5252 prndium
1913 5180 1984 5252 bpb

367 5287 427 5325 rum
440 5273 546 5329 celebre
560 5274 631 5343 apud
645 5284 768 5344 posteros
780 5289 843 5330 arans
859 5285 1024 5346 perseverat.
1045 5277 1097 5344 Qui
1111 5291 1153 5330 sn-
1206 5287 1294 5327 snrern
1306 5274 1481 5341 poinitentie,
1496 5281 1524 5327 et
1536 5272 1706 5330 orationibus
1717 5282 1804 5345 atque
1821 5277 1912 5332 saera
1925 5274 1983 5332 ab}

366 5363 496 5432 pientiam
513 5363 631 5431 ipserum
644 5365 744 5434 ubique
760 5366 918 5435 pradicant,
936 5374 964 5422 et
987 5366 1151 5422 laudabilem
1204 5363 1325 5419 tionibus
1342 5364 1474 5431 prmum
1492 5364 1607 5420 reddeat
1625 5367 1747 5422 bunne
1760 5369 1861 5437 generi
1882 5367 1982 5426 &lu

367 5453 449 5506 ritarm
462 5468 556 5507 cerum
569 5456 690 5522 quotidie
704 5457 730 5510 in
744 5457 862 5513 Ecclesia
877 5467 1034 5514 sanctorum
1046 5458 1153 5530 magnis
1207 5455 1385 5525 majestatem.

366 5540 491 5595 laudibus
511 5539 641 5595 exaltant.
665 5543 847 5612 llaeequidem
865 5544 1094 5613 irratabistorinm
1118 5548 1170 5603 ad·
1519 5544 1632 5602 caret
1650 5544 1683 5598 V.

367 5632 538 5701 patriarchas
552 5641 579 5685 et
592 5634 735 5702 propbetas
744 5635 881 5702 pertinere
891 5635 1024 5698 violemur,
1040 5651 1153 5706 querum
1501 5636 1538 5690 lie
1560 5636 1703 5691 diceban.

267 5765 274 5772 .
367 5722 744 5787 miraeanhocestlsraelitae,
763 5734 873 5793 propter
892 5738 986 5778 eorum
1009 5727 1104 5783 memta
1128 5734 1155 5780 et
1245 5746 1255 5777 ι
1277 5726 1413 5781 Abrabam
1429 5740 1542 5795 magum
1562 5735 1640 5796 pater
1658 5726 1845 5785 nmltitadiais
1870 5726 1980 5801 uian-

366 5812 569 5881 promissiones,
585 5827 644 5882 quar
660 5812 694 5867 ad
710 5812 782 5881 ipsos
799 5812 878 5868 laetae
895 5822 959 5867 sunt
975 5829 1046 5884 saepe
1062 5817 1154 5869 dean
1211 5837 1220 5868 ι
1244 5817 1277 5869 Et
1302 5832 1355 5870 non
1377 5823 1419 5870 est
1440 5815 1565 5870 inventos
1587 5814 1684 5870 simllis
1707 5814 1750 5870 illi
1774 5817 1803 5873 in
1827 5817 1922 5887 gler'n·
1943 5810 1980 5880 (hi

368 5902 464 5970 pacatis
485 5903 627 5958 liberatum
649 5910 706 5965 eet,
726 5912 755 5956 ct
777 5905 882 5957 reniam
904 5912 1075 5973 precabimur
1101 5922 1153 5957 non
1212 5923 1220 5952 ι
1244 5904 1413 5958 consecrarit
1430 5903 1515 5973 legem
1528 5903 1645 5967 Excelsl,
1667 5913 1698 5961 et
1716 5904 1772 5962 tait
1790 5908 1820 5962 ia
1841 5912 1981 5965 manu

370 6006 417 6043 aua
437 5987 554 6058 jarsntta,
570 5992 618 6047 ted
637 6002 778 6061 parentum
804 6010 913 6047 :artorom
933 5994 983 6048 lazlc
1003 6003 1030 6048 ct
1049 5996 1154 6047 artiore
1211 6014 1219 6045 ι
1244 6011 1304 6048 cum
1326 5994 1380 6059 illo,
1397 5995 1424 6048 ia
1440 6010 1522 6049 carne
1539 5994 1598 6062 effers
1617 6003 1690 6048 stare
1708 5995 1774 6050 feriit
1795 6005 1981 6053 tammum
