4709 6767
353 587 407 646 ιιιε
674 585 704 639 ε.
725 585 849 640 anunm
870 584 979 642 uaom
996 583 1159 642 tactatur.
1179 583 1332 643 nouum.
1351 570 1494 640 ornam
1513 583 1603 639 rans
1622 585 1642 639 ι.
1933 587 1986 644 stt

353 716 469 760 numero
490 707 519 756 et
532 700 626 755 ordine
650 712 744 768 regum
759 694 1183 764 nonhabeantnriilustrinm.A
1234 696 1297 751 «Et
1325 695 1383 765 ipse.
1415 693 1560 750 aedillcarit
1588 694 1726 752 uranon
1754 697 1988 767 praenominum,

354 794 487 865 Equidem
501 806 535 847 oo
555 799 676 860 tempore
688 803 742 858 qno
756 788 880 852 Azanes,
896 790 942 857 qrri
958 797 987 844 et
998 787 1081 844 Orias
1093 803 1143 844 no·
1196 803 1206 837 ι
1224 801 1307 856 onam
1326 783 1471 854 appellarit
1483 782 1629 839 Ecbatanis
1643 798 1678 840 ex
1691 784 1827 855 lapidibus
1840 787 1989 857 quadratis

355 886 475 941 urinatns
488 891 542 945 cat,
561 893 643 950 super
654 880 722 935 duas
742 879 829 935 tribus
840 880 866 933 in
880 878 1143 951 ierusalemragna·
1195 885 1253 930 ret
1274 875 1377 930 sectis:
1395 872 1459 929 lecit
1478 889 1570 930 muros
1585 873 1685 941 eiuain
1710 874 1885 932 altitudinem
1913 877 1989 935 mabi-

357 977 404 1037 rit,
422 981 452 1028 et
471 970 615 1027 ieroboam
632 969 703 1025 lilius
715 968 783 1026 tuab
807 971 878 1041 regis
895 970 978 1025 lsrael
1004 983 1086 1040 super
1097 970 1144 1026 de-
1196 984 1206 1018 ι
1225 974 1314 1021 torum
1327 965 1506 1036 septuaginta,
1521 973 1549 1019 et
1562 964 1733 1020 latitudinem
1755 966 1915 1023 cubitorunr
1940 968 1988 1024 tri·

356 1079 414 1120 cem
428 1062 515 1117 tribus
527 1061 556 1114 in
570 1058 695 1114 &maria
708 1067 877 1129 regnaverat,
889 1074 1001 1129 reguum
1015 1058 1142 1130 Assyrio-
1175 1116 1181 1128 ι
1196 1073 1206 1107 ι
1224 1054 1307 1126 ginta,
1320 1063 1409 1110 turrea
1424 1068 1489 1109 rero
1503 1051 1562 1122 eius
1577 1053 1669 1124 postrit
1679 1054 1708 1108 in
1724 1053 1899 1112 altudinem
1910 1056 1988 1114 cubi-
2004 1072 2006 1076 ·

356 1170 416 1211 rum
426 1151 615 1225 perhrbatom
626 1150 804 1215 destructum,
816 1158 896 1219 atque
910 1152 938 1205 in
953 1150 1044 1206 liedes
1057 1158 1145 1204 hana·
1196 1163 1206 1197 ι
1226 1152 1314 1200 torum
1327 1152 1445 1199 contum.
1468 1162 1478 1197 ι
1500 1143 1646 1199 Ecbatanis
1658 1142 1752 1199 llcdiae
1769 1146 1921 1216 provinciae
1932 1162 1990 1202 me·

355 1245 438 1300 latum
453 1249 505 1307 est,
519 1248 547 1296 et
560 1240 668 1294 interim
690 1238 749 1293 sine
766 1238 934 1308 principibus
947 1253 990 1293 res
1003 1240 1142 1310 agebatur,
1194 1235 1307 1305 tropolis
1324 1244 1376 1300 est,
1402 1250 1482 1305 quam
1504 1234 1628 1305 superins
1643 1234 1761 1292 diximus
1784 1251 1800 1291 a
1815 1237 1919 1308 hejoco
1934 1237 1990 1296 Ne-

356 1349 441 1405 nsque
455 1332 584 1401 liciorum
598 1345 700 1401 regem,
721 1330 767 1399 qui
782 1329 927 1384 Ecbatanis
941 1329 1061 1385 condidit
1076 1329 1143 1384 ciri·
1194 1325 1289 1380 dorum
1305 1339 1368 1396 rege
1380 1323 1528 1391 oorrditam,
1541 1325 1588 1380 sed
1599 1324 1663 1395 quia
1673 1325 1754 1382 modo
1763 1341 1889 1397 praesens
1902 1328 1989 1384 hinlo-

356 1433 460 1489 tatem;
476 1422 503 1477 in
527 1419 616 1475 medio
641 1428 732 1473 autem
757 1427 887 1489 tempore,
902 1417 1020 1474 Chaldaei
1035 1419 1145 1489 proprie
1194 1415 1234 1470 ria
1251 1416 1412 1472 aedificatam
1426 1417 1835 1489 esseanarphaxauciriutem
1852 1423 1989 1494 potentis·

355 1510 537 1583 praevalebant
550 1525 558 1574 ;
573 1523 686 1578 qarorum
698 1515 830 1577 separata
844 1508 966 1577 quaedam
980 1523 1072 1577 regum
1083 1524 1144 1564 suc·
1194 1509 1291 1563 simam
1302 1524 1440 1565 murorum
1451 1509 1987 1583 nimiacelsitudiacatqncamplitudine,

356 1602 505 1666 cessiones,
525 1607 556 1654 ut
579 1612 659 1667 supra
677 1597 779 1652 dictum
804 1605 855 1663 cst,
876 1597 1010 1652 lcruutur.
1025 1598 1145 1669 benique
1195 1600 1309 1655 turrium
1326 1600 1466 1655 altitudine
1482 1608 1586 1666 narrat,
1608 1616 1751 1671 possumus
1762 1615 1824 1657 cam
1836 1603 1988 1676 intelligere

357 1690 635 1764 'l'helgathphalnasar
651 1695 680 1742 et
706 1685 879 1742 salmanasar
908 1695 936 1743 et
960 1687 1145 1743 Sennacherib
1195 1687 1322 1757 aliejoco
1340 1690 1467 1759 primitus
1486 1689 1632 1755 conditam,
1653 1691 1700 1746 sed
1713 1691 1747 1745 ab
1760 1691 1912 1761 Arpbaxad
1931 1708 1988 1748 am-

357 1800 435 1857 reges
446 1784 630 1855 Assyriorum,
645 1789 745 1836 terram
763 1780 944 1836 israelitarum
959 1781 1055 1837 iisdem
1075 1789 1144 1838 tem·
1194 1779 1359 1852 plillcatam;
1378 1780 1449 1835 sicut
1463 1788 1490 1835 ct
1502 1777 1636 1850 tosepnus
1654 1788 1749 1835 narrat
1768 1780 1910 1837 Danielem
1930 1797 1988 1853 pro

358 1874 468 1946 poribus
482 1881 615 1937 vastasse,
642 1879 723 1941 atquc
737 1886 784 1926 eos
796 1871 825 1925 in
836 1870 1023 1941 captivitatem
1035 1871 1146 1927 duxisse
1194 1870 1303 1941 phetam
1318 1870 1369 1925 snb
1392 1869 1475 1925 bario
1503 1883 1567 1940 rege
1591 1870 1619 1925 in
1639 1870 1734 1925 eadem
1758 1869 1874 1927 civitate
1895 1871 1988 1930 llcdia't

358 1967 559 2031 describuntur,
575 1972 719 2033 antequam
742 1962 900 2032 bejocusiu
915 1961 1002 2018 Nedia
1017 1962 1143 2032 regnarit.
1195 1958 1369 2014 mausolaeum
1389 1957 1465 2015 valde
1491 1959 1654 2028 praeclarum
1671 1966 1700 2015 et
1721 1959 1888 2017 mirabiliter
1908 1961 1987 2018 nin's

359 2056 456 2113 Noster
474 2065 565 2110 antem
582 2053 827 2109 Nabuchodonosor
839 2051 1034 2123 ierosolymam
1055 2062 1145 2107 vasta·
1159 2057 1183 2116 Β
1196 2047 1367 2112 instruxisse,
1386 2048 1458 2117 quod
1474 2048 1611 2118 equidem,
1626 2055 1657 2102 ut
1675 2049 1733 2118 ipse
1746 2048 1823 2116 dicit,
1837 2058 1929 2108 manu
1941 2050 1985 2107 ba-

359 2149 408 2202 rit.
424 2147 526 2201 Taurea
538 2145 690 2214 aliquorum
716 2157 809 2213 regum
821 2142 961 2199 lledornm
974 2142 1045 2198 iuter
1061 2142 1147 2199 Arba-
1198 2145 1304 2202 ctenus,
1330 2135 1482 2192 l'ideniibssi
1506 2137 1627 2193 creditur
1647 2137 1745 2194 mirum
1756 2139 1935 2208 vilificatum.
1952 2142 1988 2200 iu

360 2251 416 2294 tum
429 2248 456 2294 et
469 2237 596 2307 licjocnm
612 2236 639 2290 in
664 2234 806 2291 chronicis
820 2233 973 2289 introducta
998 2234 1147 2302 reperimus
1197 2236 1227 2281 ut
1238 2242 1270 2282 ea
1290 2227 1335 2281 dic
1346 2242 1400 2296 qua
1414 2227 1580 2298 conspicitur
1593 2236 1702 2298 putetur
1713 2242 1774 2284 esse
1786 2239 1984 2300 constructura,

359 2330 479 2395 nonnina,
504 2328 550 2383 ubi
575 2325 691 2382 relertnr
714 2325 787 2396 quod
810 2331 874 2395 post
896 2322 1028 2379 hrbatum
1052 2322 1147 2393 viginti
1198 2316 1237 2372 sic
1254 2316 1279 2371 ei
1293 2316 1466 2385 pulchritudo
1478 2332 1548 2372 nora
1566 2317 1673 2373 ridetur
1686 2325 1715 2374 et
1737 2318 1835 2385 solida,
1861 2319 1988 2392 nullaque

359 2430 421 2478 octo
435 2421 513 2475 annis
528 2426 697 2489 regnantem,
726 2416 860 2471 secundos
879 2415 1024 2471 Sosarinus
1049 2415 1077 2469 in
1090 2414 1146 2471 lle-
1199 2416 1337 2462 senectute
1350 2417 1405 2462 1⁸¹¹]
1418 2407 1510 2479 ⁰¹³8!st
1529 2407 1657 2478 [emptitii
1674 2407 1845 2481 lomim
1855 2409 1986 2478 conlecta,

360 2514 402 2569 dis
416 2513 526 2583 triginta
539 2510 618 2565 annis
631 2508 794 2579 regnaverit.
811 2506 876 2561 Post
893 2521 975 2576 quem
989 2505 1081 2561 liedus
1094 2515 1149 2560 ter·
1199 2512 1260 2553 cum
1276 2496 1390 2553 aedisscia
1406 2497 1500 2553 <itidem
1526 2512 1587 2568 (1¹1ae
1602 2497 1724 2555 homini*
1747 2498 1898 2569 patiantur,
1914 2509 1942 2558 tl
1955 2501 1989 2558 td

361 2605 415 2660 tins
446 2602 524 2657 arinis
548 2599 745 2670 ntradraginta;
773 2605 834 2668 post
854 2597 926 2651 hunc
940 2604 1055 2665 quartus
1078 2594 1147 2651 Car·
1199 2596 1361 2643 uetustatem
1376 2589 1551 2659 perveniant,
1575 2596 1664 2645 elsua
1686 2589 1844 2651 multudine
1861 2590 1988 2663 domvi-

360 2694 460 2749 duccas
475 2690 553 2744 annis
578 2686 707 2742 tredecim
719 2702 727 2749 ;
741 2684 838 2741 duride
850 2685 964 2755 heincus
981 2684 1061 2740 annis
1071 2684 1150 2755 qarin-
1201 2686 1257 2733 tate
1276 2687 1397 2745 careant,
1411 2695 1444 2735 ac
1463 2680 1565 2751 proprii
1589 2681 1696 2738 decoris
1721 2682 1870 2740 amissione
1883 2700 1989 2744 marea-

361 2784 489 2855 quagingg
514 2789 650 2851 quatum
666 2785 727 2849 post
753 2776 878 2848 Dejocum
903 2785 993 2832 autem
1017 2776 1150 2834 Phraates
1201 2776 1288 2824 sedni.
1311 2768 1447 2826 Hactenus
1464 2770 1537 2826 enlm
1560 2771 1725 2841 preiilmilll'
1740 2772 1779 2830 ibi
1795 2773 1991 2836 “Edonum-

362 2875 441 2928 auaris
458 2870 553 2942 uiginti
567 2870 595 2925 in
606 2876 754 2923 memorata
765 2873 844 2938 gente
854 2868 989 2938 regnavit.
1000 2867 1065 2923 Post
1079 2870 1151 2924 hunc
1201 2873 1249 2928 8⁰⁵
1260 2866 1342 2928 atquc
1355 2858 1510 2923 Persarum.
1531 2861 1634 2931 pariter
1653 2870 1682 2919 0²
1698 2862 1876 2922 Pilihmm·
1901 2868 1937 2926 El
1948 2871 1991 2928 cai

363 2964 502 3034 cyaxarus
521 2961 579 3016 sive
600 2957 707 3015 liiocles
731 2958 810 3013 annis
834 2958 944 3028 triginta
961 2958 1086 3025 duobus,
1103 2961 1150 3030 qui
1202 2947 1261 3003 1¹2⁰
1276 2964 1340 3003 ⁰⁰¹³
1368 2949 1554 3014 wfflmiiiiilih
1581 2953 1707 3009 mettim
1720 2962 1761 3010 esi
1784 2953 1953 3024 Jufflfflffla
1965 2967 1993 3016 fl

364 3053 483 3108 inorieus
497 3052 641 3122 imperinm
664 3050 788 3123 Astyagis
800 3065 834 3106 ex
847 3049 903 3106 lilia
926 3066 1009 3122 ιεςιιο
1023 3052 1150 3123 privarit,
1202 3040 1254 3094 1¹⁰⁰
1265 3037 1296 3093 ΠΙ
1313 3053 1398 3109 nsque
1416 3039 1449 3093 ³1¹
1462 3054 1583 3109 praesens
1598 3048 1713 3112 ¹0⁰¹le
1730 3042 1861 3113 Sequitur
1876 3062 1883 3098 ²

364 3157 397 3196 ac
411 3156 523 3213 regnum
536 3140 675 3197 Nedorum
688 3141 715 3195 in
727 3138 824 3196 Persas
834 3141 1010 3196 transtulitet
1065 3142 1152 3215 haby-
1242 3139 1305 3194 «Et
1316 3138 1483 3210 gloriabatur
1494 3141 1571 3210 quasi
1584 3149 1680 3212 potens
1703 3142 1731 3198 in
1752 3146 1875 3214 potentia
1888 3151 1993 3205 exerci-

364 3233 463 3287 lonium
475 3231 600 3297 vastavit,
616 3247 649 3287 ac
664 3247 776 3301 regnum
801 3231 872 3288 illius
884 3232 992 3303 penitus
1005 3234 1149 3300 destruxit,
1205 3252 1215 3286 ι
1235 3242 1278 3288 tus
1298 3234 1391 3299 sui,ct
1406 3233 1531 3302 ingloria
1559 3234 1751 3307 quadrigarum
1768 3252 1893 3294 suarum.
1912 3239 1993 3297 Anno

363 3323 529 3380 interficiens
551 3322 688 3378 baltassar
715 3323 876 3391 abnepotem
902 3319 1151 3380 Nabuchodonosor
1207 3325 1320 3396 rigitur
1336 3324 1495 3382 duodecimo
1524 3326 1599 3397 regni
1617 3327 1660 3382 sni
1684 3326 1992 3390 Nabuchodonoaorrex

364 3415 435 3488 regis
449 3414 603 3486 Babylonis,
617 3411 728 3483 juvante
740 3412 791 3467 sibi
809 3411 901 3479 llario,
919 3425 949 3467 nt
962 3411 1095 3484 iosephns
1109 3415 1188 3479 tec
1207 3438 1216 3471 ι
1237 3417 1419 3488 bssyrionrm,
1434 3419 1480 3488 qui
1496 3418 1626 3490 regnabat
1650 3418 1678 3474 in
1689 3418 1785 3477 Ninive
1806 3421 1920 3480 civitate
1937 3439 1995 3480 nra·

364 3514 460 3568 statur,
475 3503 626 3574 propinquo
641 3517 699 3568 suo,
724 3500 779 3557 lilio
801 3503 895 3571 ntique
916 3500 1051 3575 Astyagis,
1067 3518 1152 3559 annos
1205 3525 1215 3559 ι
1236 3523 1300 3579 gna,
1315 3508 1444 3580 pugnavit
1458 3516 1554 3564 contra
1566 3509 1723 3580 Arphaxad,
1747 3519 1775 3567 et
1794 3513 1914 3570 obtinuit
1931 3531 1994 3572 euna

363 3600 453 3657 celans
466 3598 581 3653 habente
604 3597 744 3668 sexaginta
758 3598 835 3652 dnos.
850 3595 913 3653 llaec
925 3605 1014 3651 autcm
1028 3596 1090 3651 ideo
1103 3610 1152 3666 po-
1206 3616 1215 3650 ι
1234 3597 1262 3652 in
1275 3612 1372 3669 campo
1390 3612 1498 3668 magno,
1511 3598 1557 3669 qui
1571 3600 1721 3671 appellatur
1739 3601 1832 3672 Nagau
1854 3604 1928 3661 circa
1940 3605 1994 3662 En-

364 3695 477 3759 suimns,
491 3700 520 3745 ut
535 3691 619 3746 lector
632 3690 746 3761 diligens
770 3691 887 3760 aliquam
907 3690 1032 3745 notitiam
1056 3703 1150 3760 regum
1206 3709 1215 3743 ι
1237 3692 1351 3761 platalea
1365 3701 1392 3746 et
1402 3690 1514 3762 Tigrim,
1528 3700 1556 3745 ct
1576 3690 1705 3759 iudanon,
1726 3694 1754 3748 in
1779 3709 1879 3765 campo
1893 3695 1992 3752 Eritacb

364 3784 537 3857 Assyriorum
554 3792 636 3853 atque
649 3781 787 3838 bledomru
803 3783 830 3836 in
847 3782 974 3853 praedicto
993 3795 1075 3851 opere
1089 3781 1151 3836 bre·
1206 3800 1216 3834 ι
1240 3782 1311 3854 regis
1322 3782 1469 3838 Elicorum.
1486 3804 1495 3835 r
1516 3769 1568 3837 ΡειΙ
1583 3784 1692 3838 nomina
1717 3784 1838 3840 locorum
1862 3786 1932 3843 situs
1944 3786 1992 3844 de·

365 3877 463 3931 sitera
478 3875 556 3931 nobis
568 3873 735 3929 succinctam
756 3873 905 3939 inveniens,
921 3872 1043 3943 paratius
1054 3870 1154 3943 agnitis
1204 3883 1333 3932 notantur
1356 3875 1488 3948 gentium,
1506 3876 1569 3947 quia
1589 3884 1617 3931 et
1634 3877 1821 3949 cosmographi
1844 3879 1992 3948 produnta

365 3980 458 4036 regum
476 3964 692 4021 successionibus
705 3964 825 4020 historiae
840 3965 967 4034 indagare
987 3964 1073 4034 possit
1084 3964 1153 4019 veri*
1203 3966 1315 4022 llumine
1334 3966 1409 4034 ludo,
1429 3968 1500 4039 quod
1524 3975 1566 4023 est
1588 3968 1622 4023 ab
1637 3965 1756 4036 Oriente,
1781 3984 1869 4040 usque
1895 3970 1930 4025 ad
1946 3969 1992 4025 hu·

366 4068 459 4124 tatem,
473 4057 516 4113 cui
529 4058 645 4112 unanime
663 4055 852 4127 praedictorum
874 4071 968 4127 regum
979 4056 1047 4110 oraio
1058 4069 1153 4109 narra·
1204 4073 1266 4114 men
1279 4057 1393 4130 Tigrim,
1403 4060 1474 4130 qood
1487 4067 1528 4113 est
1540 4058 1574 4113 ab
1586 4057 1699 4127 Occasu,
1712 4058 1837 4130 regiones
1846 4070 1911 4116 suot
1920 4061 1989 4117 iste:

367 4154 448 4209 limais
472 4153 625 4209 conveniat.
652 4151 786 4208 Caeterum
811 4151 942 4206 Eusebius
966 4151 994 4205 in
1012 4148 1155 4206 Claronicis
1203 4150 1343 4217 Aracnsia,
1359 4150 1480 4215 Parthia,
1500 4149 1623 4221 Assyria,
1647 4148 1798 4205 Persidact
1819 4149 1919 4218 lledia,
1938 4152 1989 4207 situ

366 4244 423 4298 suis
439 4244 537 4298 asserit
549 4241 709 4314 Cambysem
724 4242 807 4297 hlium
830 4240 904 4313 Cyri,
917 4241 963 4311 qni
975 4251 1037 4311 post
1050 4249 1154 4311 patrem
1205 4249 1338 4296 terrarum
1365 4251 1508 4297 rrroutnoso
1533 4249 1560 4297 ct
1578 4255 1685 4312 aspero.
1712 4240 1759 4297 llae
1772 4256 1787 4296 a
1803 4240 1991 4314 Septentriom

365 4335 479 4405 triginta
504 4336 583 4389 annis
605 4343 764 4406 regnantem
779 4343 841 4390 octo
859 4336 937 4389 annis
949 4335 977 4389 in
987 4333 1100 4390 Perside
1112 4348 1155 4389 re-
1204 4332 1304 4386 lrabent
1314 4341 1433 4388 rnontem
1446 4330 1605 4398 ffincasum,
1619 4347 1634 4386 a
1647 4330 1756 4387 lleridie
1767 4347 1845 4390 mare
1860 4332 1989 4398 amrin,

305 4441 308 4448 ·
365 4426 466 4495 giravit,
482 4426 518 4480 ab
540 4425 661 4480 ilebracis
675 4425 822 4480 secundnm
847 4425 1094 4480 Nabuchodonosor
1106 4438 1154 4479 vo·
1204 4432 1231 4478 et
1249 4426 1338 4477 sinum
1361 4422 1510 4477 Persicum.
1542 4411 1571 4476 lu
1589 4423 1678 4478 medio
1703 4430 1792 4477 autem
1820 4425 1864 4478 sui
1882 4423 1989 4481 nnuma

365 4515 433 4579 cari,
448 4514 499 4569 snb
510 4530 563 4584 quo
575 4513 668 4571 iudith
679 4516 793 4570 historia
803 4517 956 4585 conscripta
967 4516 1012 4570 sit.
1026 4514 1079 4570 Sed
1090 4515 1154 4585 quia
1203 4514 1337 4583 precipua
1356 4513 1464 4583 idapem
1479 4523 1507 4569 et
1525 4512 1687 4570 hrbiminin.
1714 4515 1743 4569 ln
1760 4515 1801 4571 eis
1816 4525 1881 4572 sunt
1900 4525 1990 4590 gentm

367 4606 425 4675 ipsa
440 4606 554 4661 historia
569 4607 717 4676 Arphaxad
732 4608 798 4663 dicit
809 4622 870 4663 esse
887 4622 979 4678 regem
1004 4606 1152 4672 iledorum,
1205 4607 1316 4677 triginta
1331 4605 1400 4660 duaa.
1415 4604 1468 4660 Sed
1481 4606 1642 4677 generaliter
1653 4606 1763 4663 Parthia
1778 4609 1890 4674 dicitur,
1901 4625 1991 4681 quaut-

364 4697 653 4756 etNabuchodonosor
666 4714 757 4771 regem
770 4700 954 4771 Assyriomm,
969 4700 1016 4771 qni
1029 4705 1155 4770 regnaret
1205 4696 1247 4751 vis
1269 4694 1416 4765 Scriptura
1443 4705 1544 4751 sanctae
1563 4697 1715 4752 universam
1729 4711 1801 4768 sepe
1817 4689 1935 4756 liediam
1949 4715 1992 4756 ro·

369 4787 396 4842 in
411 4786 517 4855 Ninive,
532 4790 673 4861 ipsumque
685 4790 933 4846 Nabuchodonosor
953 4803 1097 4860 superasse
1110 4801 1155 4843 re-
1167 4777 1194 4836 D
1208 4795 1270 4842 cent
1292 4801 1308 4841 a
1320 4785 1428 4841 llumine
1441 4787 1515 4858 Tigri
1535 4787 1667 4856 usquead
1694 4786 1794 4844 Numen
1823 4789 1989 4861 Euphraten.

366 4891 425 4947 gem
440 4876 588 4943 Nedornm,
602 4887 630 4932 ct
643 4878 791 4933 obtinuisse
803 4893 875 4944 eum,
890 4892 943 4932 non
967 4879 1075 4934 invenio
1088 4893 1154 4949 quo
1208 4878 1400 4948 llesopotamia
1413 4886 1456 4932 cst
1466 4878 1621 4946 incipiensa
1636 4878 1823 4949 Septentrione
1838 4881 1992 4940 interum·

366 4966 448 5021 niodo
460 4980 570 5037 regom
583 4965 757 5035 Assyriorum
774 4981 790 5020 a
808 4965 892 5020 llerlia
908 4974 990 5034 atqrre
1003 4966 1093 5023 Persis
1108 4969 1155 5024 de·
1207 4978 1261 5025 tem
1275 4968 1393 5022 'laurum
1414 4978 1442 5024 ct
1451 4967 1612 5034 Caucasum,
1632 4970 1676 5024 cui
1691 4970 1726 5025 ad
1747 4969 1888 5028 Neridiem
1903 4990 1992 5031 sucee-

366 5066 500 5113 stmctnm
519 5064 744 5126 atquerastatnm
767 5073 863 5113 rursus
888 5058 1061 5127 prevaluerit
1088 5061 1154 5130 ipsis
1207 5061 1246 5116 dit
1262 5059 1418 5130 Babylonia,
1436 5059 1536 5114 deinde
1560 5060 1696 5125 Chaldaea,
1721 5062 1870 5120 novissime
1894 5065 1991 5122 Arabia

366 5147 500 5214 lledis,ai
518 5147 666 5220 Cambyses
680 5148 929 5206 Nabuchodonosor
949 5165 1010 5206 esse
1021 5151 1154 5224 intelligo·
1207 5149 1355 5215 Eudcmon,
1369 5163 1430 5218 qnae
1444 5149 1514 5204 inter
1526 5150 1612 5205 simnn
1623 5148 1761 5205 Persicum
1776 5160 1804 5207 et
1823 5153 1915 5210 sinum
1929 5155 1992 5212 hra-

365 5247 420 5304 tor,
436 5240 488 5294 nisi
508 5239 578 5294 forte
604 5241 726 5296 dicantus
750 5242 821 5311 qnod
835 5242 893 5312 ipse
916 5242 1074 5315 Cambyses,
1089 5245 1153 5316 qnia
1206 5240 1297 5296 hicum
1309 5248 1423 5310 angusto
1445 5248 1525 5296 terrae
1548 5249 1646 5306 tractu,
1661 5249 1689 5296 et
1703 5249 1822 5298 montem
1834 5259 1932 5302 remus
1947 5261 1992 5303 ex·

365 5337 462 5400 gentes
485 5330 614 5387 linitimas
633 5330 791 5403 impugnare
804 5342 832 5387 ot
846 5331 993 5404 AEgyptum
1009 5350 1154 5405 superasse
1206 5334 1334 5388 tenditur.
1350 5333 1378 5388 ln
1400 5334 1443 5389 his
1456 5342 1519 5389 sunt
1532 5341 1625 5404 gentes
1638 5334 1731 5405 viginti
1754 5343 1827 5401 octo,
1844 5337 1940 5408 sicque
1953 5338 1990 5394 ia‹

363 5419 540 5488 describitur,
553 5436 614 5476 curn
631 5437 742 5492 regnum
766 5423 937 5494 Assyriorum
957 5435 1040 5496 atque
1055 5427 1153 5484 Parsa-
1204 5432 1279 5478 ctum
1299 5431 1328 5478 ut
1341 5423 1393 5478 duo
1407 5425 1593 5494 potentissima
1616 5440 1699 5496 regna
1719 5425 1790 5480 inter
1803 5442 1833 5482 se
1849 5427 1992 5502 confligen-
2031 5455 2034 5462 ·

365 5525 470 5567 ronaco
487 5512 803 5583 temporcnnitumcrat,
818 5515 936 5585 aliquem
954 5518 1151 5587 regem,nomi·
1206 5525 1247 5571 tes
1268 5514 1445 5584 plurimarum
1459 5516 1580 5586 gentium
1606 5516 1633 5570 in
1648 5515 1800 5572 conlinibus
1813 5519 1872 5574 suis
1885 5535 1992 5591 compa-
2028 5543 2035 5552 ·

364 5617 399 5657 ne
417 5603 572 5673 arphaxad,
588 5603 614 5657 in
632 5603 718 5659 bledla
732 5614 924 5676 repugnantem
936 5606 1043 5672 vicerit,
1058 5622 1151 5664 acano
1205 5603 1325 5658 raserint
1347 5605 1501 5672 exercitum
1518 5604 1565 5659 ubi
1589 5605 1696 5660 uernum
1724 5606 1837 5663 victoria
1863 5611 1898 5666 ad
1914 5609 1992 5666 Chal-
2024 5632 2035 5643 ·

363 5693 479 5764 imperio
491 5692 684 5765 subjugaverit.
706 5693 760 5749 Sed
786 5694 820 5749 ad
845 5696 915 5751 banc
937 5696 1092 5765 opinionem
1107 5713 1151 5754 sc-
1203 5694 1287 5760 daeos,
1301 5695 1358 5750 sire
1385 5695 1512 5768 Assyrios
1534 5694 1680 5751 coracessit.
1706 5694 1819 5767 llysticc
1843 5708 1991 5772 anoemper
2027 5709 2035 5722 ·

361 5785 496 5854 quendam
523 5784 658 5840 nenrincm
674 5785 788 5840 invitum
804 5785 947 5848 trahimus,
967 5787 1049 5856 eligat
1075 5788 1150 5858 quis-
1202 5783 1546 5857 drphaaadarrogantium
1560 5797 1639 5857 typus
1653 5795 1734 5857 atque
1752 5780 1932 5860 superborum
1946 5807 1991 5864 po·
2029 5813 2035 5822 ·

361 5888 415 5942 une
426 5874 498 5945 qnod
512 5875 563 5930 sihi
577 5874 643 5931 utile
662 5875 786 5932 videatur
811 5885 914 5931 taratrnn
934 5886 963 5930 ιιι
984 5893 1079 5934 εειιειιε
1091 5878 1149 5949 rjus
1204 5885 1255 5931 test
1269 5877 1393 5946 exprimi,
1413 5893 1527 5947 tyrrounn
1551 5888 1622 5935 totus
1633 5882 1710 5938 rrisns
1729 5891 1757 5939 et
1781 5883 1869 5947 labor,
1885 5886 1933 5956 qui
1947 5900 1991 5958 per

355 5966 468 6034 ¹ueritati
484 5981 537 6023 uon
554 5965 702 6024 discordet.
1203 5968 1302 6025 lustum
1315 5971 1427 6025 turuoris
1442 5980 1522 6040 ιιιιμιε
1547 5988 1595 6042 per·
1609 5973 1751 6032 clationem
1771 5977 1871 6032 merrus
1892 5979 1989 6050 agitur,
