4709 6767
334 649 337 654 ι
363 676 416 733 tsi
690 674 721 729 Β.
741 674 1176 732 usbauhttutaucmbp.
1196 674 1514 731 decennovenali
1535 677 1625 732 PARS
1643 677 1664 731 l.
1955 680 2005 741 tat

364 790 572 847 confirmatione
592 803 675 859 opem
698 789 793 859 ipsius,
815 800 843 846 et
866 790 900 845 ad
925 790 1036 860 praemia
1051 793 1199 853 reternmA
1250 810 1259 841 ι
1285 791 1336 846 l’ro
1356 791 1448 846 anima
1468 800 1512 846 toa
1537 809 1571 847 ue
1591 792 1768 850 conlaudaris
1785 796 1879 852 dicere
1899 814 2005 856 verum.

366 880 532 936 hereditatis
560 880 759 936 remuneranda
787 884 977 948 servabuntur,
1003 898 1052 952 pro
1080 882 1158 953 cujus
1214 900 1223 932 r
1248 881 1296 935 Est
1322 882 1395 936 enim
1420 880 1544 937 eortiusio
1566 883 1704 939 adducens
1726 894 1892 954 neec-atum,
1917 898 1947 944 et
1967 901 2010 946 est

363 983 456 1024 amore
467 968 558 1025 omnia
573 966 646 1024 iecit.
660 970 699 1025 lta
714 979 743 1024 ut
757 983 857 1026 eorum·
865 980 993 1042 acceptor
1005 972 1079 1028 dicat
1093 982 1158 1028 tuuc
1214 991 1223 1023 ι
1246 972 1369 1028 carriusio
1386 974 1522 1028 adducens
1535 974 1648 1045 gloriam
1662 982 1689 1030 et
1703 976 1831 1047 gratiam.
1848 998 1858 1030 r
1879 977 2009 1036 llortatnr

364 1076 425 1113 eum
440 1059 596 1129 Propheta:
613 1078 622 1110 ι
642 1060 705 1115 lime
719 1061 826 1131 requies
840 1077 900 1118 mea
925 1063 951 1118 ia
967 1063 1094 1118 secutum
1109 1078 1159 1119 sce-
1211 1061 1312 1117 milites
1325 1061 1438 1126 Christi,
1453 1069 1483 1116 ut
1499 1077 1560 1117 cum
1583 1070 1690 1133 tempus
1707 1066 1909 1136 persecutionis
1928 1068 2007 1125 insti-

364 1152 419 1207 culi
445 1168 452 1206 :
474 1152 519 1207 bie
533 1153 674 1219 habitabo,
697 1155 827 1224 quoniam
842 1156 967 1229 praeelegi
986 1172 1048 1212 eam
1069 1156 1156 1231 (Psoi.
1212 1154 1285 1220 terit,
1300 1169 1354 1209 uon
1368 1154 1560 1209 deterreantur
1579 1171 1629 1226 pro
1641 1154 1742 1212 Christi
1762 1159 1874 1215 nomine
1889 1160 2009 1217 aulanam

363 1246 469 1313 cxxxv).
489 1263 500 1297 a
1209 1258 1327 1315 ponere;
1351 1258 1440 1313 neque
1461 1242 1663 1299 coralnndantur
1675 1259 1742 1301 vace
1756 1253 1784 1301 et
1799 1261 1848 1302 ore
1859 1263 1934 1304 verae
1948 1248 2009 1306 atei

401 1356 411 1388 r
435 1336 583 1403 Timorem,
608 1344 637 1393 et
651 1346 764 1403 metum,
787 1345 815 1394 et
837 1339 1024 1409 probationem
1050 1340 1159 1397 inducet
1211 1331 1408 1389 consessionem
1429 1333 1564 1403 prolerre,
1583 1334 1645 1404 quia
1664 1344 1706 1390 est
1726 1335 1852 1393 conlusio
1872 1339 2008 1398 adducens

363 1447 377 1481 r
401 1444 483 1501 super
506 1429 597 1496 illum;
621 1439 649 1486 et
673 1431 810 1486 cruciabit
833 1431 907 1496 illum
933 1432 960 1487 in
984 1431 1159 1488 tribulatione
1210 1433 1363 1494 peccatum,
1378 1423 1412 1478 de
1426 1440 1479 1494 ‘1¹¹³
1502 1424 1560 1495 ipsa
1574 1423 1685 1481 Vtt'llts
1704 1428 1762 1484 ait:
1786 1427 1866 1497 tQtti
1887 1445 2008 1486 meent·

367 1540 375 1571 r
400 1520 529 1575 doctrinae
542 1535 608 1585 suae,
622 1520 708 1577 donec
722 1528 808 1577 tentet
820 1521 893 1578 iilum
908 1522 1159 1594 incogitationibus
1210 1516 1300 1572 buerit
1314 1524 1429 1573 etnicos
1441 1532 1591 1582 sermones,
1604 1517 1677 1573 hunc
1692 1518 1765 1575 illius
1779 1520 1900 1577 ltotttittis
1912 1523 2008 1579 curba·

369 1630 379 1661 r
402 1611 468 1677 suis,
482 1619 509 1664 et
523 1611 617 1666 credat
638 1610 736 1665 animae
753 1610 842 1678 illius;
860 1619 888 1666 ct
900 1610 1018 1667 firmabit
1032 1611 1116 1677 illum,
1132 1620 1161 1667 et
1211 1615 1268 1662 scet
1283 1620 1345 1661 cum
1360 1607 1464 1661 venerit
1479 1606 1506 1660 iu
1520 1616 1660 1677 majestate
1675 1624 1735 1675 sua,
1748 1618 1776 1664 et
1788 1609 1891 1674 Patris,
1907 1621 1936 1667 et
1949 1628 2006 1667 san

368 1727 377 1756 v
402 1707 454 1760 iter
467 1705 583 1760 adducet
599 1705 733 1761 directum
746 1705 780 1760 ad
793 1705 885 1772 illum;
899 1713 927 1760 et
938 1703 1085 1760 denudabit
1098 1706 1160 1760 abs·
1211 1705 1316 1753 ciorum
1338 1699 1495 1770 angelorum
1512 1698 1589 1773 (boc.
1605 1700 1673 1773 rvr),
1693 1722 1702 1754 r
1722 1702 1770 1757 Est
1789 1704 1901 1773 quidem
1916 1715 1943 1759 et
1956 1705 2006 1760 alia

368 1815 377 1845 t
401 1810 483 1850 conisa
504 1809 553 1850 sua
568 1794 617 1860 illi,
629 1803 657 1849 et
672 1795 869 1850 thesaurizabit
887 1810 969 1865 snper
980 1795 1055 1850 illum
1071 1795 1160 1851 scien·
1210 1788 1418 1860 canitiemque
1433 1790 1543 1845 adducit
1557 1789 1671 1862 gloriam
1685 1800 1713 1847 et
1727 1795 1857 1865 gratiam,
1873 1810 1937 1851 cum
1949 1797 2008 1867 cquis

368 1903 377 1935 ι
401 1886 466 1941 tiam
476 1892 505 1940 et
518 1884 683 1941 interiectum
694 1883 815 1954 justitiae.
828 1905 837 1937 ι
850 1885 908 1941 itae
920 1886 1053 1941 sonantia
1067 1886 1159 1957 priora
1210 1894 1260 1949 ara
1273 1881 1393 1949 peccam
1410 1882 1466 1937 suis
1479 1883 1679 1954 compungitur.
1693 1892 1722 1939 et
1734 1886 1929 1954 poenirentiam
1944 1889 2006 1959 anit

364 1977 608 2043 confirmabuntur,
636 1976 765 2047 quoniam
791 1975 886 2041 illum,
918 1991 999 2046 quem
1026 1975 1159 2045 sapientia
1210 1969 1314 2040 bequa
1325 1970 1456 2026 Dominus
1469 1984 1518 2041 per
1531 1971 1701 2028 Ezechielem
1717 1976 1880 2045 prophetam
1896 1978 1931 2032 ad
1945 1977 2006 2035 llie·

364 2067 455 2122 diviua
467 2066 599 2122 introiens
617 2066 820 2132 inhabitaverit,
834 2081 917 2136 opera
930 2066 988 2137 ejus
1003 2066 1118 2135 dirige13
1132 2072 1160 2122 et
1212 2060 1328 2115 casalem
1344 2060 1400 2116 alt:
1415 2079 1425 2112 t
1444 2060 1588 2117 Sti-hellel»
1607 2063 1656 2119 tibi
1669 2072 1778 2133 pactum
1799 2067 2007 2137 sempiternum,

363 2158 529 2231 parapambit
548 2158 623 2214 illum
644 2158 672 2212 in
689 2158 773 2213 variis
795 2158 989 2213 tentationibus
1006 2159 1158 2214 exercenda
1171 2148 1196 2208 B
1209 2160 1238 2206 et
1266 2152 1455 2209 recordaberis
1480 2154 1586 2209 viarum
1615 2164 1744 2221 tuamm,
1778 2166 1807 2213 et
1834 2160 2008 2217 earatrtndem

363 2259 446 2321 atque
462 2250 604 2321 probando
618 2248 652 2304 ad
670 2249 768 2305 loturae
780 2250 842 2305 vite
856 2251 956 2322 gaudia
970 2250 1155 2321 percipienda.
1210 2247 1394 2321 (duabsu).
1407 2267 1418 2301 a
1434 2248 1469 2304 Ει
1482 2249 1652 2320 paulopost:
1666 2267 1677 2302 r
1690 2249 1725 2305 lit
1736 2251 1817 2316 scies,
1832 2251 1934 2323 inquit,
1946 2254 2007 2324 quia

366 2358 376 2391 r
399 2340 536 2397 Timorem
552 2349 580 2396 et
591 2348 694 2395 metum
706 2349 733 2396 et
746 2340 933 2411 probationem
951 2341 1060 2397 inducet
1075 2356 1159 2412 super
1209 2353 1260 2410 ego
1271 2339 1401 2395 Dominus
1414 2357 1422 2394 ε
1434 2348 1465 2395 ut
1485 2341 1638 2397 recorderis
1657 2350 1686 2398 et
1706 2342 1898 2412 conlaudaris,
1914 2356 1943 2402 ct
1956 2361 2005 2402 uon

365 2434 481 2499 iilum,r
510 2435 639 2502 quioniam
665 2434 806 2491 tribulatio
828 2436 989 2505 patientiam
1013 2446 1157 2507 operatur3
1209 2431 1248 2485 sit
1268 2429 1319 2485 tibi
1341 2430 1413 2486 ultra
1439 2433 1546 2502 aperire
1568 2448 1600 2489 08
1621 2448 1677 2504 pite
1690 2434 1853 2491 confusione
1868 2436 2004 2493 tata-Cu·

363 2526 495 2597 parientia
511 2541 577 2581 vero
591 2527 799 2597 probationem
825 2527 951 2599 probatio
975 2544 1042 2584 vem
1064 2544 1156 2599 spen„
1209 2521 1333 2592 placatus
1353 2521 1431 2578 luero
1450 2522 1499 2578 tibi
1521 2523 1549 2577 in
1569 2524 1696 2580 omatibus
1709 2540 1771 2595 que
1788 2524 1893 2593 iecisti,
1909 2526 1945 2581 ait
1960 2526 2006 2585 ilo

362 2632 426 2687 spes
437 2625 527 2673 autem
540 2632 594 2671 non
605 2616 755 2672 confundit.
769 2636 779 2670 r
795 2618 862 2685 Quia
876 2619 995 2674 ebaritas
1005 2619 1053 2674 bei
1062 2619 1157 2676 diilusa
1209 2613 1300 2667 minus
1313 2612 1385 2667 Deus
1399 2611 1503 2685 (ibid).
1523 2633 1533 2665 ε

363 2714 407 2761 est
429 2707 456 2762 in
478 2706 605 2763 cordibus
629 2707 778 2763 eiecturum
798 2724 847 2778 per
866 2708 998 2779 Spiritum
1020 2719 1157 2776 sancium,
1248 2722 1257 2755 r
1279 2701 1334 2758 Nee
1349 2703 1468 2774 accipies
1480 2702 1578 2759 taciem
1593 2704 1726 2761 adversus
1739 2704 1840 2761 taciem
1858 2716 1945 2773 tuam,
1959 2723 2004 2764 nec

364 2802 409 2872 qui
422 2801 501 2857 datus
511 2810 554 2857 est
565 2802 615 2858 eis.
628 2822 638 2854 r
651 2802 728 2859 Unde
742 2802 818 2869 dicit,
833 2802 953 2859 firmabit
964 2803 1050 2867 illurn,
1064 2811 1091 2858 et
1107 2804 1159 2857 iter
1212 2814 1222 2847 t
1245 2796 1377 2854 adversas
1390 2796 1510 2851 animam
1532 2806 1606 2852 tuam
1626 2798 1809 2853 mendacium.
1829 2819 1841 2852 a
1868 2800 2003 2855 hilversas

365 2893 481 2948 adducet
502 2893 636 2950 directum
659 2896 693 2949 ad
717 2894 804 2961 ilium,
821 2904 851 2951 et
864 2896 1011 2952 denudabis
1027 2896 1157 2951 absortum
1208 2896 1396 2959 persecutores
1407 2887 1470 2943 hdei
1490 2897 1518 2943 et
1533 2888 1674 2943 haereticos
1691 2904 1800 2961 semper
1811 2900 1855 2945 cst
1873 2890 2002 2945 dimican-

365 2998 414 3038 sua
436 2982 486 3050 illi,
503 2990 530 3040 et
550 2984 746 3041 thesaurizabit
766 3000 848 3057 super
869 2985 944 3041 illum
966 2987 1108 3042 seientiam
1130 2996 1159 3042 et
1209 2980 1272 3035 dum
1288 2987 1370 3049 atquae
1389 2976 1587 3033 resistendum·
1604 2991 1655 3032 nec
1672 2977 1872 3033 erraticorum
1887 2993 2002 3049 uuquam

364 3073 530 3130 intellectum
548 3072 701 3143 justitiae»
726 3077 856 3148 quoniam
871 3077 915 3133 ubi
929 3076 1047 3148 Spiritus
1071 3077 1158 3133 sarred
1208 3070 1359 3125 cedendum
1386 3075 1433 3121 aut
1466 3066 1700 3123 consentiendum.
1734 3064 1812 3123 Unde
1841 3074 1870 3123 0⁸
1895 3066 2001 3137 fflltltt·

364 3164 453 3235 qratia
466 3164 568 3222 donum
582 3165 713 3224 intudem
722 3167 876 3234 eharitatis,
889 3166 1013 3238 proiecto
1024 3169 1158 3224 absconsa
1209 3163 1292 3235 gitur·

364 3257 530 3313 etabstmsa
543 3260 736 3330 mysteriomm
751 3259 806 3315 illic
819 3260 961 3330 patebunt,
975 3259 1158 3315 etthesaurus
1246 3274 1256 3308 r
1279 3254 1338 3311 Nan
1360 3255 1512 3311 reverearis
1533 3253 1686 3325 proximum
1708 3262 1784 3309 tuum
1809 3253 1838 3309 iu
1861 3267 1928 3310 casu
1948 3269 2001 3317 sua,

364 3348 485 3405 scientie
496 3357 579 3418 atque
593 3348 748 3406 intellectus
761 3349 799 3406 ibi
814 3349 988 3405 revelabitur.
1211 3367 1222 3402 r
1245 3364 1296 3405 nee
1311 3348 1432 3405 retineas
1445 3348 1558 3403 verbum
1579 3348 1606 3403 in
1632 3356 1754 3418 tempore
1777 3347 1888 3404 salotis.
1908 3370 1920 3403 ι
1939 3348 2000 3404 iliae

402 3458 412 3491 a
435 3437 465 3495 Si
478 3447 568 3494 autem
581 3439 761 3504 oberraverit,
778 3438 948 3509 derelinquet
961 3438 1048 3505 illum,
1063 3446 1091 3493 et
1105 3446 1158 3494 tra·
1208 3451 1238 3496 et
1248 3440 1377 3496 Manium
1392 3440 1420 3495 in
1430 3439 1576 3512 Evangelio
1589 3440 1644 3495 ait:
1657 3458 1667 3490 c
1679 3439 1747 3495 Cum
1761 3439 1908 3497 audieritis
1919 3441 2001 3512 pratia

369 3547 377 3581 a
400 3528 447 3584 det
457 3544 520 3584 eum
533 3530 561 3585 in
576 3545 673 3584 marrus
689 3529 792 3586 inimici
803 3530 853 3586 soi.
869 3549 879 3583 r
898 3530 944 3585 lile
959 3501 1194 3587 aviaveritatisC
1209 3544 1237 3588 et
1250 3532 1409 3596 seditiones,
1425 3531 1509 3587 nolite
1530 3531 1628 3587 terreri
1652 3530 1727 3603 (bare.
1742 3531 1814 3603 aar).
1836 3550 1848 3584 a
1878 3532 1998 3590 Baium:

368 3637 377 3669 ι
401 3619 578 3685 aberraverit,
594 3635 641 3690 qm
665 3620 757 3687 iidem,
786 3636 862 3692 spem
876 3630 904 3676 et
920 3621 1082 3677 charitatem
1097 3636 1157 3690 per·
1212 3642 1222 3677 r
1244 3624 1322 3693 erod
1336 3624 1398 3679 dico
1410 3623 1487 3678 vobis
1501 3622 1529 3677 in
1543 3622 1672 3689 tenebris,
1688 3622 1771 3678 dieite
1794 3622 1822 3678 in
1838 3622 1958 3685 lamium
1974 3630 1998 3677 et

368 3725 378 3758 a
399 3706 509 3771 diderit,
524 3723 605 3779 quem
625 3710 758 3780 sapientia
776 3708 951 3782 derelinquit,
967 3711 1094 3781 quoniam
1115 3713 1157 3766 in·
1208 3716 1282 3788 qnod
1297 3717 1325 3771 in
1340 3728 1406 3770 aure
1420 3714 1546 3779 audistis,
1560 3714 1705 3784 praedicate
1717 3729 1803 3785 super
1816 3722 1900 3771 tecta.
1920 3715 1997 3771 Nolite

366 3799 476 3869 «iignum
512 3814 561 3855 sua
595 3801 792 3857 inhabitatione
816 3802 958 3873 judicavit.
996 3803 1073 3858 Sicut
1109 3819 1158 3875 per
1209 3810 1306 3864 uouere
1335 3822 1382 3863 eas
1407 3807 1453 3876 qul
1480 3806 1608 3862 occidunt
1630 3820 1746 3876 corpus,
1770 3807 1895 3862 animam
1918 3816 1998 3865 auten

366 3890 526 3960 prophetam
547 3890 605 3962 ipse
617 3892 748 3947 boninus
766 3893 823 3947 ait:
840 3912 848 3943 r
864 3892 958 3950 iustos
970 3901 1061 3948 autem
1082 3909 1159 3950 rueus
1210 3916 1263 3956 nou
1288 3906 1402 3969 possunt
1424 3898 1563 3963 occidere;
1586 3897 1633 3952 sed
1657 3898 1749 3967 quous
1768 3913 1834 3953 eum
1853 3898 1948 3956 timete
1959 3896 1998 3968 qul

365 3998 399 4037 cx
411 3980 464 4037 hde
477 3998 535 4037 mea
549 3983 718 4055 vivit:quod
734 3984 756 4039 si
772 3984 935 4040 subtraxerit
948 4001 986 4050 se,
1002 4001 1054 4041 nou
1068 3986 1158 4055 place-
1208 3996 1300 4059 potest
1330 3988 1451 4042 animam
1478 3995 1506 4043 et
1530 4002 1631 4057 eorpus
1658 3986 1775 4057 perdere
1802 3987 1831 4043 in
1857 3990 1997 4061 ςειωυει

366 4076 406 4130 bit
425 4074 523 4131 animae
537 4090 613 4143 meac,
626 4086 655 4132 et
668 4077 756 4133 tradet
769 4093 831 4133 eum
845 4078 873 4132 in
889 4093 986 4133 ruamus
999 4077 1101 4132 inimici
1115 4078 1157 4132 sui
1209 4077 1318 4150 (liutth.
1334 4078 1374 4150 a),
1393 4098 1402 4132 r

365 4163 481 4237 (dabor.
497 4165 542 4239 u),
559 4186 569 4220 r
588 4182 649 4223 eum
663 4182 727 4223 eum
747 4184 796 4224 sua
811 4170 980 4238 protectione
991 4177 1115 4235 exutum,
1131 4168 1159 4223 iu
1248 4190 1258 4222 r
1274 4170 1332 4224 Nau
1349 4170 1501 4225 abscondas
1517 4168 1678 4240 sapientiam
1694 4175 1769 4224 tuam
1784 4168 1813 4224 ia
1826 4170 1927 4226 decore
1937 4166 1995 4237 cias

367 4272 464 4313 manus
484 4256 603 4313 bostium
626 4273 736 4316 suoram
752 4257 827 4328 justo
843 4259 946 4331 judicio
964 4260 1084 4315 incidere
1097 4274 1160 4329 per·
1213 4261 1274 4317 «ln
1292 4261 1381 4333 liuqrm
1404 4262 1475 4317 enim
1498 4259 1671 4332 cogitoscitur
1689 4259 1842 4329 sapientia3
1866 4269 1896 4317 et
1913 4273 1996 4316 sensns

366 4349 460 4405 mittit.
1213 4373 1223 4407 ι
1245 4363 1274 4410 et
1289 4354 1405 4410 scicntia
1425 4359 1455 4407 et
1472 4352 1596 4408 doctriua
1613 4352 1641 4405 in
1659 4352 1750 4407 verbis
1765 4353 1905 4420 veritatis,
1918 4362 1945 4409 et
1956 4352 1996 4407 lr-

645 4441 760 4501 carba
779 4442 872 4500 xviii.
1215 4450 1411 4498 atraameutum
1436 4442 1463 4496 iu
1492 4442 1619 4512 operibus
1639 4440 1763 4511 justitiae.
1790 4461 1800 4494 r
1829 4441 1995 4513 Nequaquam

366 4530 502 4604 Sapientia
518 4532 641 4589 hortatur
659 4534 688 4589 iu
706 4544 821 4606 tempore
843 4535 1020 4591 tribulationis
1040 4552 1087 4607 pro
1107 4534 1160 4605 ilde
1209 4533 1282 4589 enim
1304 4532 1436 4603 sapientia
1459 4548 1552 4587 earam
1575 4532 1619 4587 bis
1641 4532 1804 4588 occultanda
1816 4542 1872 4600 est,
1885 4533 1930 4604 qui
1944 4545 1993 4588 ean

473 4612 500 4660 θ’
512 4602 620 4676 imiimi
636 4604 760 4660 “indum
778 4622 826 4676 1)Γο
844 4604 929 4660 “lille
944 4606 1050 4662 animm·
1210 4625 1253 4696 pia
1274 4633 1364 4679 mente
1384 4624 1522 4692 suscipere
1535 4631 1562 4678 et
1573 4622 1678 4678 discere
1701 4622 1807 4688 volamt,
1824 4639 1877 4680 nee
1895 4622 1993 4679 verbum

403 4733 413 4766 r
435 4713 497 4781 Fili,
512 4724 772 4786 conservatempus,
786 4725 813 4773 et
829 4716 918 4772 devita
934 4732 950 4771 a
965 4717 1074 4772 malo.»
1102 4715 1158 4772 Su·
1208 4713 1412 4786 praedicationis
1435 4728 1530 4769 eoram
1558 4712 1669 4769 intentis
1692 4710 1866 4769 auditoribus
1891 4714 1993 4769 abmon-

365 4807 457 4876 perias
469 4806 583 4864 laudans
595 4807 795 4864 commendavit
807 4807 947 4878 sapientiae
960 4807 1070 4873 donum,
1087 4822 1158 4862 nuvae
1210 4804 1340 4870 deuduua,
1354 4803 1419 4874 quia
1432 4811 1462 4857 ut
1477 4803 1505 4859 in
1518 4800 1675 4858 vaerbiis
1689 4801 1824 4872 seriptum
1839 4811 1885 4859 est
1900 4819 1907 4856 :
1930 4798 1991 4867 «Qvi

366 4896 485 4955 ostendit
507 4897 593 4969 ipsius
615 4897 755 4967 sapientiae
778 4897 889 4962 lactum,
917 4897 979 4968 quia
1003 4897 1157 4967 quicunque
1211 4894 1353 4952 abscondit
1375 4893 1553 4959 frumentum,
1569 4892 1747 4949 maledicetur
1772 4893 1801 4949 in
1816 4891 1992 4965 papaliszlle·

366 4990 499 5045 veraciter
517 4997 651 5059 precepti
670 4997 761 5042 servat
783 4987 933 5057 sapientiae,
949 4995 1046 5043 caritas
1064 4996 1107 5042 est
1128 4988 1156 5044 in
1211 4987 1330 5043 nedictio
1345 4994 1436 5041 autem
1451 4987 1532 5056 super
1546 4991 1628 5055 caput
1640 4983 1817 5039 vendentium
1830 4982 1988 5057 (Prousqa

367 5089 517 5149 ternporum
543 5079 701 5145 rumulone,
724 5094 774 5134 nee
790 5077 893 5134 deserit
909 5078 982 5133 viam
995 5078 1108 5149 justitiae
1128 5079 1156 5134 iu
1213 5082 1265 5138 hoe
1280 5090 1331 5148 est,
1345 5081 1392 5151 qui
1407 5088 1510 5135 saneta
1522 5076 1724 5148 predicationis
1734 5078 1808 5149 apud
1823 5092 1855 5134 se
1868 5078 1946 5134 verba
1957 5088 1989 5129 re

367 5179 487 5240 tempore
507 5170 703 5240 persecutionis
720 5178 748 5226 et
762 5170 903 5243 angustia.
929 5169 991 5227 ideo
1009 5171 1157 5227 exhortans

367 5256 436 5314 lilius
453 5275 517 5314 suos
535 5261 593 5330 ipsa
608 5262 686 5317 docet
705 5263 848 5333 sapientia,
864 5271 894 5319 ut
906 5272 1071 5320 conservent
1090 5272 1158 5319 tem-

367 5361 428 5416 pus,
456 5348 520 5416 quia
552 5358 685 5421 rmmpus
712 5353 786 5407 omui
813 5352 852 5408 rei
883 5352 1074 5419 subcoelo;et
1089 5362 1156 5407 mm·

366 5452 418 5511 pus
431 5447 473 5495 est
492 5438 564 5506 beili,
579 5448 607 5495 et
625 5450 731 5512 teramus
748 5444 835 5513 pacis,
855 5463 864 5497 r
890 5444 1018 5515 quoniam
1038 5444 1156 5514 quandiu

367 5530 395 5586 iu
407 5530 460 5585 boc
477 5528 574 5585 saeculo
589 5546 694 5595 saturus,
710 5541 816 5605 tempus
834 5542 876 5589 est
889 5534 967 5600 belli;
990 5542 1018 5589 et
1035 5549 1084 5605 pro
1106 5534 1157 5588 ilde

366 5634 400 5675 ae
418 5618 524 5688 justitia
548 5621 683 5687 standum,
704 5631 732 5679 et
746 5638 796 5693 pro
810 5622 899 5679 salute
915 5624 1012 5680 atrimae
1035 5640 1158 5695 pugnau-

366 5709 440 5765 dum.
464 5708 539 5769 liade
556 5717 585 5767 et
600 5727 682 5767 onrrre
699 5713 810 5780 malum,
830 5713 882 5769 hoe
899 5724 950 5778 est,
967 5713 1060 5768 vitium
1079 5713 1156 5769 uobis

366 5806 409 5855 est
427 5799 608 5857 devitandum.
631 5799 700 5858 Cum
724 5811 815 5888 autem
837 5805 1044 5875 migraverimus
1057 5806 1090 5859 de
1104 5806 1156 5860 boe

365 5888 476 5956 seculo,
491 5890 567 5961 pacis
583 5902 691 5963 tempos
710 5894 845 5951 adveniet.
865 5896 894 5952 ln
909 5911 975 5967 pace
994 5896 1066 5951 euim
1081 5895 1155 5951 locus

364 5978 423 6045 Dei,
445 5991 472 6039 et
495 5983 593 6040 civitas
615 5986 891 6061 nostraliiemsalcm
911 5989 944 6046 de
966 6004 1032 6062 pace
1058 5987 1154 6046 sortita

353 6070 519 6133 vocabulum
531 6086 585 6137 est.

1213 5172 1291 5239 tinet,
1311 5171 1356 5228 hie
1374 5169 1547 5226 maledicitur
1567 5168 1595 5224 in
1612 5168 1730 5239 populis,
1748 5169 1861 5240 quando
1882 5170 1909 5226 iu
1921 5167 1987 5225 salias

1212 5266 1292 5336 culpa
1306 5264 1408 5320 silentii
1425 5278 1475 5334 pro
1492 5261 1651 5328 multorum,
1665 5274 1734 5332 quos
1750 5260 1891 5334 corrigere
1907 5258 1986 5332 patuit.

1208 5370 1289 5429 poeua
1304 5357 1457 5412 damnatur.
1473 5352 1533 5424 lpse
1548 5361 1591 5409 est
1603 5367 1699 5409 servus
1710 5350 1788 5424 piper
1801 5361 1832 5410 et
1846 5353 1938 5417 maius,
1948 5346 1983 5419 qti

1209 5462 1259 5519 pro
1281 5450 1432 5503 retentione
1456 5445 1561 5513 talenti,
1587 5444 1660 5515 quod
1683 5444 1791 5517 accepit
1811 5446 1840 5501 in
1857 5443 1984 5501 excomm

1209 5540 1338 5596 tenebras
1360 5538 1462 5593 missus
1484 5544 1538 5593 est.
1562 5536 1690 5592 Vendunt
1709 5545 1803 5591 antem
1828 5536 1983 5592 emmenum.

1209 5630 1255 5701 qui
1277 5630 1389 5684 verbum
1407 5628 1471 5683 ritae
1485 5626 1658 5683 audientibus
1680 5625 1844 5693 ooalenmt3
1870 5642 1885 5683 a
1907 5623 1985 5695 quibat

1209 5719 1331 5791 pretinm.
1345 5718 1407 5774 lidei
1425 5725 1454 5771 et
1473 5715 1653 5774 couiesslonis
1667 5716 1814 5788 ηεὶρίειιι,
1828 5716 1931 5775 unane
1942 5711 1983 5768 bu

1210 5812 1304 5869 mino:
1323 5830 1332 5862 t
1347 5810 1528 5883 Nepotiamini
1546 5809 1611 5866 dum
1625 5809 1706 5866 venio
1720 5807 1800 5879 (tue.
1815 5810 1887 5885 xta),
1902 5831 1911 5863 r
1929 5817 1985 5878 qao·

1209 5918 1270 5957 rom
1291 5902 1372 5973 capiti
1391 5900 1544 5958 benedictio
1562 5899 1738 5973 supervenit,
1759 5901 1826 5958 dam
1849 5892 1987 5974 amatote

1209 5993 1256 6047 tali
1283 5993 1391 6063 negotio
1416 5990 1586 6048 mdeuratium
1610 5987 1744 6046 hominus
1770 5991 1870 6048 dicit:
1892 5988 1990 6058 citet·

1209 6095 1288 6139 serve
1298 6081 1367 6138 boae
1383 6087 1411 6137 et
1428 6079 1527 6149 tidelis,
1540 6079 1604 6154 quia
1614 6093 1696 6152 saper
1710 6094 1801 6152 panea
1812 6079 1892 6142 inisti
1907 6075 1990 6142 stit.
