4709 6767
356 594 409 650 ttt

678 590 708 648 tt.
727 591 853 648 nubant
873 589 982 645 illem
1004 587 1164 644 anrztttEt’.
1187 586 1341 643 mouban.
1363 586 1506 643 orbatur
1525 585 1615 641 lmus
1634 586 1653 639 Ι.
1935 585 1979 644 tit

358 728 422 768 rere
441 714 472 769 in
488 710 559 766 diem
580 707 673 778 buliu-ii
695 705 856 762 cruciandas
879 718 997 759 serrare.
1022 700 1098 757 Unde
1121 710 1147 756 et
1161 707 1186 763 Α
1200 712 1278 756 eraut
1291 702 1429 766 animalim
1445 704 1491 757 sed
1506 710 1532 756 ut
1548 701 1599 769 ipsi
1613 700 1734 756 ridentes
1749 701 1853 758 seirent
1866 705 1981 769 quoulun

356 805 489 878 seqnitur.

659 886 772 944 earet
793 887 847 942 llll.

356 1011 501 1079 Confitetur
514 1008 568 1061 beo
582 1005 651 1076 guod
664 1005 751 1059 suauis
763 1011 788 1057 ct
802 1018 886 1067 uerus,
901 1001 1000 1071 paticus
1013 1009 1037 1052 ct
1050 999 1149 1052 miseri-

390 1098 449 1135 cors
461 1089 510 1142 est,
521 1093 567 1149 per
576 1090 720 1130 sermonem
732 1089 810 1129 suum
821 1072 925 1126 saluam
938 1070 1031 1124 electos
1042 1079 1065 1123 et
1080 1068 1149 1131 iudi-

392 1166 453 1204 cans
468 1147 599 1219 reprobos.

393 1258 575 1315 Misericordia
591 1266 636 1309 tuo
648 1256 717 1309 euim
736 1254 875 1307 adueniens
891 1250 1001 1305 sonabat
1021 1246 1100 1311 illos,
1121 1247 1150 1300 in

355 1355 482 1410 mensorio
502 1352 570 1406 euim
587 1364 735 1405 sermonum
754 1355 858 1398 tuorum
876 1340 1105 1402 examinabuntur,
1124 1345 1149 1391 et

355 1446 535 1508 suluolrmrtur,
558 1458 590 1496 ne
607 1442 634 1495 in
653 1438 735 1492 oltom
755 1435 898 1490 incidentes
912 1433 1077 1494 obliuionem,
1097 1444 1148 1482 uorr

355 1543 457 1610 possent
473 1531 511 1585 uti
530 1539 575 1584 tuo
590 1527 741 1598 adjutorio;
762 1525 856 1578 etenim
872 1537 952 1593 neque
969 1520 1049 1574 derio
1068 1531 1150 1588 nmque

356 1625 488 1695 malagma
508 1621 609 1676 souooit
629 1618 699 1683 illos,
720 1616 765 1670 sed
779 1626 850 1680 tnus,
869 1611 989 1673 Domine,
1001 1625 1086 1664 sermo
1105 1607 1150 1679 qui

355 1725 432 1772 sonat
445 1714 533 1769 omnio
546 1729 556 1767 .·
571 1712 609 1765 Tu
623 1727 650 1765 es
663 1710 742 1772 euim,
757 1706 877 1771 Domine,
890 1703 934 1776 qui
946 1702 1005 1757 uite
1020 1710 1044 1756 et
1059 1697 1150 1753 mortis

355 1806 434 1861 babes
445 1812 607 1876 potestatem,
619 1810 643 1854 et
659 1799 766 1853 deducis
780 1796 814 1850 od
829 1806 918 1866 portos
932 1792 1023 1847 mortis
1038 1797 1062 1844 et
1077 1790 1151 1843 redu-

355 1881 404 1953 cis,
429 1894 498 1951 Nota
514 1894 585 1964 quod
604 1891 668 1948 dicit
690 1906 705 1944 a
722 1888 893 1958 serpentibus
914 1885 1004 1948 lesos,
1028 1898 1080 1938 neu
1101 1894 1151 1951 per

357 1988 490 2058 malagma
513 1995 594 2054 atque
616 1980 782 2037 medicorum
804 1992 886 2048 opera
901 1984 1020 2037 sanatus,
1040 1973 1088 2028 sed
1101 1986 1151 2042 per

357 2083 476 2139 Verbum
491 2078 609 2144 Domini,
623 2079 674 2132 boe
690 2082 742 2140 est,
755 2074 852 2130 Filium
869 2084 1007 2141 perquem
1023 2067 1150 2122 uniuersa
1165 2059 1189 2117 B

356 2174 465 2229 condita
487 2180 565 2232 sunt,
586 2178 614 2224 et
632 2169 692 2224 siue
706 2168 765 2237 ipso
779 2164 880 2219 iactura
898 2170 939 2217 est
959 2159 1024 2214 nibil
1046 2177 1052 2211 :
1073 2155 1151 2225 errjus

355 2271 478 2337 potestas
502 2262 656 2318 dominatur
678 2259 791 2328 ubique,
818 2265 845 2311 et
870 2254 960 2310 omnia
984 2263 1151 2322 quacunque

355 2357 414 2411 vult
428 2354 493 2411 iacit
507 2354 533 2408 in
548 2351 618 2408 eoelo
631 2360 660 2406 et
679 2350 707 2405 in
722 2358 804 2412 terra,
820 2348 847 2401 in
861 2345 929 2400 mari
943 2351 970 2398 et
985 2342 1012 2396 in
1027 2339 1151 2395 omnibus

356 2449 476 2522 abyssis;
499 2448 557 2517 ipse
576 2453 654 2500 curat
670 2456 798 2513 corpora,
821 2440 906 2509 ipses
921 2434 1088 2507 spiritalibus
1106 2432 1152 2486 be-

356 2540 427 2606 stiis,
444 2539 497 2594 hee
515 2545 574 2602 est,
588 2533 712 2605 malignis
730 2531 871 2603 spiritibus
888 2529 974 2587 sabat
987 2535 1015 2581 et
1033 2525 1148 2586 unimus,

357 2649 404 2688 nec
416 2640 454 2685 est
467 2629 510 2701 qui
522 2630 602 2700 possit
612 2628 732 2681 resistcre
742 2622 869 2677 uoluntati
880 2621 937 2691 ejus
950 2618 1067 2690 (Esther.
1077 2617 1148 2686 xm).

393 2724 480 2779 llomo
498 2731 585 2777 nutem
605 2718 699 2774 occidit
712 2717 816 2785 quidem
831 2732 876 2785 per
889 2712 1018 2770 malitiam
1035 2711 1150 2765 animam

338 2831 443 2879 suam,
455 2822 480 2868 et
493 2828 553 2866 cum
564 2810 656 2866 exierit
669 2808 776 2878 spiritus
789 2822 841 2859 uon
853 2813 1159 2870 revertetur,uecreuoco·

357 2911 393 2965 tir
405 2908 521 2962 animum
532 2919 591 2976 que
605 2909 706 2973 recepto
717 2909 765 2964 est,
778 2897 824 2954 sed
835 2909 908 2952 tuom
921 2911 1028 2951 mmmm
1038 2895 1152 2964 effugere

356 2992 517 3068 impossibiie
530 3003 578 3049 est.
598 2991 652 3047 Per
665 2990 796 3046 malitiam
815 2987 932 3043 bominis
947 2985 1038 3041 anima
1052 2983 1152 3039 oceidi-

358 3099 411 3154 tur,
437 3088 488 3143 boe
507 3094 559 3151 est,
579 3100 628 3156 per
649 3083 797 3154 nequitiam
820 3079 937 3151 proprie
951 3076 1106 3141 uoluntatis,
1124 3082 1153 3129 et

357 3178 483 3237 ellectum
496 3178 573 3250 praui
596 3177 695 3247 operis.
721 3174 797 3231 Unde
812 3171 921 3242 quidam
939 3170 996 3224 ait:
1011 3167 1152 3223 Neminem

357 3272 418 3328 ledi
431 3285 510 3343 posse
525 3270 575 3325 nisi
590 3284 606 3323 a
620 3268 777 3337 semetipso,
791 3265 853 3334 auia
865 3272 912 3318 aut
926 3262 1026 3333 proprii
1042 3259 1152 3316 sceleris

357 3364 415 3436 ipsc
433 3361 558 3418 iurentur
573 3368 626 3423 est,
650 3365 697 3417 ant
717 3356 812 3411 alienm
832 3353 958 3423 nequitiae
978 3364 1105 3406 assensor
1123 3353 1152 3403 et

1200 791 1248 847 Dei
1273 794 1376 864 judicie
1400 795 1540 865 patiuntur
1565 791 1792 861 persecutionem.
1819 792 1853 845 Et
1878 793 1982 861 arrodm

1200 893 1321 952 tempore
1336 883 1362 938 in
1375 899 1446 953 aqua
1459 900 1539 953 super
1553 884 1677 936 uirtutem
1694 881 1763 949 iguis
1784 881 1899 936 ardelmt
1916 885 1984 939 uurli-

1199 991 1252 1045 aue
1268 985 1297 1031 ut
1310 975 1430 1045 iniquam
1444 984 1523 1030 tenue
1537 975 1676 1028 nationem
1687 974 1895 1028 exterminaret.
1913 974 1983 1045 lgitrrr

1200 1067 1270 1120 sieut
1291 1066 1317 1119 iu
1331 1066 1400 1122 libro
1411 1065 1523 1120 Genesis
1536 1065 1643 1134 legitur,
1659 1062 1730 1132 quod
1752 1061 1852 1133 pluerit
1866 1064 1984 1122 boninus

1202 1174 1281 1227 super
1294 1159 1437 1214 Sodomam
1451 1169 1478 1213 ct
1489 1157 1667 1213 Gorumubam
1686 1157 1776 1228 ignem
1790 1164 1820 1212 et
1837 1157 1984 1227 srrlpburde

1200 1248 1304 1303 coelisu
1321 1250 1434 1303 llonriuo
1446 1259 1476 1303 ut
1491 1248 1659 1318 disperderet
1677 1249 1775 1317 impius
1789 1244 1867 1318 (Gerr.
1886 1249 1954 1319 stt),
1964 1258 1984 1304 et

1201 1340 1228 1393 iu
1242 1339 1335 1394 Exodo
1356 1340 1467 1393 mistura
1481 1339 1619 1407 grandinis
1631 1346 1660 1392 et
1678 1338 1747 1409 ignis
1760 1347 1889 1393 narratur
1900 1341 1983 1408 impias

1200 1431 1370 1501 percussisse
1382 1429 1481 1499 (Enati.
1493 1428 1544 1499 rx),
1558 1429 1592 1482 ita
1609 1428 1634 1482 iu
1648 1427 1829 1483 Numer-mum
1841 1427 1912 1485 libro
1924 1446 1982 1486 con

1201 1529 1386 1575 merum-untur
1399 1519 1476 1589 igniti
1498 1527 1647 1586 serpentes,
1665 1517 1813 1572 rebellosos
1832 1527 1860 1573 et
1877 1536 1981 1574 marma·

1202 1619 1306 1665 ratores
1321 1610 1533 1672 exterminasse,
1550 1618 1683 1677 urrunnun
1704 1608 1754 1678 ipsi
1774 1611 1894 1678 protervi
1915 1626 1980 1680 agno

1201 1708 1321 1764 scereut,
1334 1699 1406 1769 qnod
1419 1699 1508 1752 omnis
1520 1707 1644 1752 creatura
1658 1697 1692 1751 ad
1707 1699 1837 1753 ultionem
1849 1709 1942 1769 parata
1950 1711 1979 1756 est

1201 1806 1404 1862 peruersenrm,
1423 1790 1531 1858 qrraudo
1551 1790 1699 1844 earrdituris
1720 1791 1761 1845 sui
1783 1807 1838 1845 nun
1853 1790 1979 1847 iermirluut

1203 1883 1332 1938 rebellare
1348 1881 1488 1951 praeceptis
1504 1880 1599 1949 (Nuus.
1617 1884 1684 1949 nur).

1515 2010 1629 2065 catil
1647 2009 1692 2064 lx.

1204 2100 1336 2157 Purdicot
1348 2101 1430 2156 ileum
1441 2100 1546 2223 dedisdse!
1552 2102 1646 2170 populu
1656 2099 1751 2180 lsrocii
1762 2102 1864 2155 timenti
1874 2118 1902 2171 se
1911 2118 1977 2158 euos

1523 2187 1536 2223 e
1547 2180 1693 2223 cetarurntr.

1239 2264 1292 2319 Pro
1301 2265 1394 2335 quidus
1404 2262 1556 2333 nupciarum
1564 2277 1622 2341 ceco
1634 2262 1765 2317 nutrivisti
1775 2263 1902 2334 populum
1912 2274 1978 2324 tutu.

1203 2364 1227 2410 ct
1237 2365 1358 2425 paratum
1374 2370 1467 2423 panem
1481 2353 1513 2405 de
1527 2351 1590 2406 roelo
1603 2353 1747 2422 prestitisti
1761 2353 1816 2408 iilis
1827 2355 1885 2408 sine
1899 2354 1980 2417 ioiorr,

1202 2465 1277 2503 omne
1288 2447 1504 2501 delectamentorum
1520 2447 1546 2499 iu
1560 2462 1587 2499 se
1599 2445 1746 2508 linientem,
1760 2458 1786 2499 et
1798 2449 1884 2501 omnis
1898 2446 1981 2517 soporis

1202 2542 1366 2595 suauitatem.
1392 2536 1545 2592 Srrbstaatia
1569 2536 1637 2590 euim
1658 2546 1705 2589 tuo
1725 2535 1891 2592 dulcedinem
1913 2521 1982 2601 turm,

1202 2650 1281 2705 quom
1297 2631 1325 2686 iu
1341 2630 1412 2700 filios
1425 2629 1504 2683 babes
1523 2626 1688 2688 ostendebat:
1703 2637 1727 2681 et
1749 2627 1897 2682 deserviens
1909 2627 1983 2682 udus

1203 2719 1519 2794 cujrrsqueuoluutati,od
1534 2718 1603 2789 quod
1618 2719 1726 2790 quisque
1740 2718 1854 2788 uolebat,
1871 2727 1985 2774 casune

1203 2818 1290 2871 betur.
1308 2814 1363 2868 Nix
1377 2822 1464 2867 autem
1478 2822 1502 2868 et
1519 2812 1616 2882 glacies
1630 2811 1793 2865 sustinebunt
1810 2812 1861 2865 uim
1879 2813 1985 2883 iasine

1203 2926 1255 2963 uon
1268 2907 1430 2962 tabescebant
1445 2918 1454 2956 .·
1471 2914 1499 2958 ut
1513 2905 1609 2958 scirent
1624 2904 1749 2975 quostiam
1764 2904 1870 2971 [metus
1881 2903 1985 2962 inimico·

1204 3017 1262 3054 runs
1279 2996 1466 3053 exterminabat
1487 2996 1553 3066 iguis
1571 2995 1666 3049 ardeus
1683 2995 1710 3047 in
1728 2994 1859 3064 grandine
1876 3005 1900 3049 et
1911 2994 1987 3066 pistis

1204 3097 1354 3146 coruscans.
1378 3088 1429 3143 liic
1450 3098 1539 3143 autem
1563 3089 1657 3142 iterum
1680 3096 1707 3140 ut
1733 3087 1901 3141 nutrirentur
1917 3085 1988 3158 justi,

1203 3182 1281 3235 etiam
1299 3196 1355 3235 suoe
1369 3178 1472 3234 uirtutis
1485 3178 1579 3233 oblitus
1597 3188 1644 3232 est.
1667 3177 1873 3233 Commemorat
1894 3178 1936 3233 lrie
1953 3191 1989 3231 ss·

1203 3271 1307 3340 pientia
1330 3269 1427 3340 populo
1451 3269 1600 3325 lsraelitico
1620 3269 1647 3323 in
1665 3269 1773 3324 deserto
1787 3270 1880 3324 cibum
1904 3283 1989 3324 manus

1205 3362 1312 3419 celitus
1325 3362 1417 3416 datum
1440 3360 1630 3416 suavissimum
1652 3376 1683 3415 ac
1699 3360 1909 3416 saluberrimum
1928 3359 1991 3417 scili·

357 3455 458 3511 fautor.
472 3451 501 3509 Si
513 3452 585 3508 euim
599 3452 682 3506 bomo
696 3446 813 3503 custodit
828 3453 945 3498 mentem
960 3456 1046 3506 suam,
1059 3449 1086 3493 et
1098 3452 1152 3493 neu
1166 3423 1189 3486 C
1204 3463 1257 3521 001,
1278 3465 1411 3525 quatenus
1426 3453 1597 3523 pegeffippofg
1621 3468 1670 3508 suo
1685 3454 1747 3508 inge
1769 3453 1890 3524 majore,
1902 3452 1991 3525 Μὴ,

358 3546 494 3604 consentit
508 3541 676 3615 persuasioni
699 3538 809 3606 iniquae,
824 3534 892 3589 liber
908 3542 951 3589 est
968 3522 1002 3586 ab
1015 3530 1087 3585 ornui
1102 3529 1155 3584 eri·

359 3638 441 3691 ruine.

657 3719 772 3777 erebi
792 3718 856 3775 lllll.

359 3838 510 3897 Sudsunuot
524 3837 670 3892 iuueniores
685 3831 854 3897 idololotria,
873 3832 1011 3885 ostendens
1024 3809 1153 3899 quamodo

391 3908 448 3966 Deo
464 3908 605 3977 ¹judicante
624 3921 671 3976 per
690 3920 786 3975 nauum
805 3911 829 3957 et
848 3901 1001 3973 grandinem
1022 3910 1045 3953 et
1068 3899 1154 3969 iguem

392 3978 620 4034 eumuor'oioutur.

1204 3543 1349 3611 reierrent,
1365 3546 1411 3616 qni
1434 3560 1488 3599 non
1508 3544 1594 3599 salum
1611 3545 1646 3599 ab
1663 3545 1787 3601 hostibus
1810 3554 1991 3617 coangustatos

1204 3650 1250 3691 eos
1264 3635 1476 3690 misericorditer
1495 3634 1668 3698 liberareris,
1689 3635 1735 3691 sed
1750 3637 1835 3691 etiam
1850 3636 1991 3707 indigentes

1205 3725 1318 3794 dapibus
1330 3725 1455 3794 supernis
1470 3724 1580 3796 largiter
1592 3724 1698 3793 paverit
1713 3724 1812 3796 (Ecod.
1828 3724 1879 3782 rxl.
1898 3724 1926 3781 Si
1939 3739 1989 3795 qus

1204 3826 1295 3870 auteur
1310 3816 1482 3886 querendum
1495 3824 1582 3887 putat,
1598 3816 1663 3886 quid
1683 3817 1719 3869 sit
1733 3818 1807 3886 qrrrnl
1821 3817 1898 3882 dicit,
1912 3812 1988 3871 uitem

1204 3918 1232 3964 et
1242 3910 1356 3980 glaciem
1370 3911 1504 3966 sustinere
1523 3910 1577 3964 vim
1599 3910 1670 3979 ignis
1682 3919 1710 3964 et
1728 3925 1781 3964 non
1796 3909 1988 3974 tabescerem

1205 4001 1309 4072 telligat
1332 4001 1368 4055 ibi
1390 4016 1443 4055 nou
1462 4002 1621 4065 innotuisse,
1635 4001 1707 4071 qurud
1722 4001 1776 4056 duo
1794 3984 1931 4058 contraris
1944 4000 1988 4057 elc-

393 4087 527 4159 N‘i⁰”²⁶⁸
538 4095 626 4140 “mm
640 4101 716 4140 ”⁰⁸⁸⁶
729 4093 753 4139 ’θ
762 4084 894 4155 ‘'mliii‘'
903 4080 1083 4152 iiiiiifflsii'l‘m
1094 4080 1156 4133 dra·
1205 4101 1308 4158 menta,
1328 4093 1379 4149 bue
1392 4102 1444 4160 est,
1461 4094 1530 4166 iguis
1542 4101 1570 4148 et
1589 4109 1658 4164 aqna
1678 4093 1766 4163 gelata
1780 4095 1879 4166 impios
1891 4109 1987 4151 mucor

357 4180 409 4233 ⁶¹¹st
423 4178 473 4244 Μ’
490 4175 616 4248 flaissii‘lii
630 4185 690 4231 ’Μ’
705 4176 777 4229 ”⁰⁹⁵⁸
795 4174 881 4245 “idib
895 4181 919 4227 θ’
933 4171 1115 4243 if‘m‘iiiibu‘v
1129 4177 1153 4224 ‘i
1205 4186 1276 4242 diter
1289 4185 1438 4251 feriebant,
1452 4185 1494 4240 rel
1507 4186 1665 4256 qualitatem
1682 4187 1800 4256 aliquam
1814 4186 1932 4244 emlestis
1944 4185 1986 4244 ebt

356 4271 451 4342 ilidii&
465 4268 670 4341 Ρθῐθῑῑΰῑῑῑῐθηωη
685 4268 756 4338 Ρα8δί
779 4275 849 4330 illm,
871 4274 895 4318 0²
916 4280 962 4333 tm
982 4263 1069 4333 iidem
1090 4276 1154 4315 ⁶⁰⁸·
1205 4277 1251 4346 qui
1266 4277 1294 4330 in
1305 4291 1367 4331 esca
1382 4276 1480 4347 populo
1495 4276 1542 4331 liei
1557 4275 1636 4331 datus
1647 4285 1704 4341 est,
1718 4277 1755 4331 ibi
1767 4292 1925 4348 expressum
1937 4289 1986 4334 esse

356 4359 492 4417 summoti.
507 4357 671 4425 Quod'em'm
691 4354 811 4410 mirabile
826 4363 882 4408 erat
895 4354 923 4408 iu
936 4369 1005 4423 oona
1023 4368 1081 4423 qum
1095 4366 1153 4404 om·
1205 4366 1252 4436 qui
1273 4366 1327 4419 vim
1349 4366 1419 4437 ignis
1442 4366 1485 4420 ubi
1508 4367 1650 4437 oportebat
1673 4366 1838 4432 sufferebat,
1858 4378 1889 4440 'et
1910 4377 1984 4423 m

358 4453 403 4505 uia
415 4450 556 4519 exstinguit
567 4447 626 4518 plus
641 4446 829 4534 iguisunlolrut,
845 4443 938 4500 ur'udec
952 4453 988 4497 est
1001 4443 1070 4496 euim
1085 4441 1154 4496 ordis
1205 4458 1314 4527 quando
1334 4459 1486 4527 oportebat,
1502 4458 1536 4513 ag
1558 4458 1674 4513 calorem
1688 4458 1753 4514 ,0115
1768 4459 1931 4531 liquefiant,
1945 4457 1984 4514 μ

355 4542 498 4616 justorum.
524 4537 591 4594 Cum
618 4536 723 4608 Moyses
748 4536 917 4591 Philtonem
943 4533 1155 4589 D⁰¹¹li¹¹1l0iil⁰
1206 4547 1279 4618 gitur
1299 4562 1406 4616 quaque
1429 4547 1455 4602 in
1470 4548 1574 4614 Exodo,
1587 4550 1659 4619 quod
1681 4550 1852 4620 apparuisset
1865 4551 1892 4606 in
1905 4549 1984 4606 solitu·

357 4632 551 4704 wmbellehais
575 4640 605 4686 ¹¹i
629 4630 700 4686 s¹1108
723 4629 806 4684 israe!
830 4629 906 4684 abile
928 4628 1096 4698 permitteret
1121 4641 1155 4680 ‘³¹
1206 4639 1268 4693 dine
1282 4638 1372 4692 album
1387 4638 1519 4693 minutum
1534 4649 1560 4695 et
1576 4639 1648 4710 quali
1670 4640 1725 4711 pile
1741 4649 1852 4696 tonsum
1865 4642 1892 4695 in
1905 4623 1983 4695 similu-

357 4724 487 4796 AEtilllws
507 4732 642 4795 qualibus
660 4722 845 4778 ⁵³⁰¹'is1fflt'0ssl
863 4722 978 4776 Domino
992 4722 1019 4775 iu
1036 4722 1152 4782 desem.
1207 4727 1326 4782 tudinem
1338 4727 1440 4796 prniure
1453 4743 1534 4797 super
1546 4738 1655 4795 terram,
1665 4730 1744 4800 cnjus
1756 4745 1833 4785 esum
1848 4730 1981 4786 sentiebesl

359 4819 501 4878 induratus
511 4816 625 4888 prolana
637 4831 702 4871 uoce
717 4814 874 4885 respondit:
888 4813 984 4867 Nescio
998 4811 1151 4874 domiuum,
1166 4786 1283 4889 unasr
1298 4817 1393 4874 simpla,
1405 4834 1467 4874 gum
1490 4820 1569 4875 ,nepe
1591 4821 1716 4889 mistum,
1736 4838 1787 4878 Μ
1808 4822 1843 4879 ob
1859 4824 1912 4878 „im
1926 4819 1981 4894 mg

357 4919 382 4964 et
396 4908 481 4964 Idaei
493 4925 546 4963 ἢθη
564 4907 696 4961 dimittam
713 4905 812 4978 (Ewd-
828 4904 866 4977 l)-
882 4905 1050 4973 (illuminer
1061 4902 1152 4958 diver·
1204 4911 1339 4969 deiectum
1351 4913 1513 4982 patiebatur.
1529 4913 1605 4969 Unde
1616 4914 1643 4968 in
1657 4913 1837 4970 Numerorunr
1852 4915 1918 4970 libro
1929 4910 1981 4969 scri·

358 5000 496 5071 stsptagts
509 4998 588 5055 siruul
602 5013 663 5054 cunr
681 4996 779 5067 popule
794 5012 843 5051 suo
858 5003 999 5065 correptus
1010 5002 1066 5058 est,
1083 4994 1153 5049 inter
1204 5014 1281 5075 prum
1296 5013 1338 5058 esa
1353 5021 1359 5057 2
1376 5002 1440 5057 Erat
1455 5014 1543 5058 aurem
1557 5021 1654 5058 mamm
1668 5006 1745 5076 ,Μή
1762 5022 1851 5061 mm
1867 4999 1981 5060 comp

358 5106 427 5161 auus
441 5090 572 5161 grandine
592 5087 671 5145 simul
684 5096 714 5144 et
727 5089 788 5159 igne
802 5086 1004 5158 percutiebatur
1021 5086 1091 5140 sieut
1112 5083 1153 5140 le-

359 5183 432 5249 gitur
445 5181 473 5236 iu
489 5181 601 5237 Exodo:
616 5181 743 5251 quioniam
761 5179 865 5251 grando
878 5187 906 5233 et
927 5179 997 5249 iguis
1011 5176 1152 5233 commista

359 5274 463 5344 pariter
474 5272 643 5338 ferebantur,
658 5283 687 5327 et
701 5281 895 5342 percusserunt
908 5279 1004 5325 cuneta
1019 5287 1079 5341 qum
1092 5268 1152 5326 lue·

360 5371 423 5418 rurrt
441 5362 469 5415 iu
486 5377 559 5431 egris
577 5364 612 5418 ul)
630 5364 837 5432 imminensque
851 5363 885 5417 ad
904 5363 1073 5432 jumentum,
1090 5378 1154 5416 cun-

360 5466 478 5522 ctamque
488 5454 595 5509 iterium
604 5458 663 5527 agri
673 5458 799 5525 percussit
810 5458 922 5525 prendo,
933 5465 957 5509 et
967 5471 1042 5508 omne
1054 5455 1153 5524 lignum

360 5546 474 5618 regionis
487 5547 613 5617 corriregit
632 5546 730 5619 (licad.
749 5550 796 5616 ru).
816 5547 870 5602 Nec
891 5548 988 5601 mirum
1008 5547 1080 5615 qrrod
1102 5547 1154 5601 due

360 5636 497 5693 contrariu
511 5635 656 5701 elementa,
676 5638 727 5692 boe
740 5646 797 5701 est,
821 5638 889 5707 iguis
903 5644 931 5691 et
950 5638 1053 5708 grando
1074 5637 1154 5691 simul

359 5727 512 5795 feriebant,
526 5728 654 5799 quoniam
671 5728 761 5782 omnia
777 5728 908 5783 creatoris
925 5728 966 5782 sui
981 5730 1156 5784 consentiunt

359 5819 508 5884 uoluntati,
530 5833 580 5875 nec
601 5819 638 5874 ibi
652 5828 695 5873 est
714 5818 803 5888 aliana
827 5819 985 5883 adversitas,
1001 5818 1046 5874 ubi
1063 5819 1153 5874 diutina

360 5906 477 5976 imperat
499 5906 637 5977 majestas.
657 5905 779 5974 Quodam
798 5908 871 5962 enim
895 5915 1014 5977 tempero
1030 5921 1155 5962 mansue·

362 5997 471 6053 labatur
483 5998 553 6069 iguis
565 6011 599 6054 ne
608 5997 841 6064 comburerentur,
853 6013 913 6068 qum
925 5997 959 6053 ab
972 5998 1062 6068 impiis
1072 5998 1155 6053 missa

1204 5094 1299 5149 coloris
1315 5093 1433 5156 bedellii:
1451 5094 1627 5166 circuibatque
1646 5094 1758 5166 populus
1779 5095 1902 5167 colligens
1913 5091 1978 5155 ittet,

1205 5185 1341 5255 frangebat
1359 5174 1443 5249 moia,
1457 5185 1510 5238 sinc
1529 5184 1628 5240 terebat
1642 5186 1669 5239 iu
1689 5185 1828 5252 mortorio,
1848 5181 1979 5257 coamusit

1204 5276 1256 5330 ailo
1267 5288 1292 5331 et
1303 5275 1402 5346 iaciens
1414 5291 1445 5328 cu
1455 5291 1485 5328 eo
1498 5276 1609 5330 tortulas
1619 5276 1721 5347 soporis
1733 5278 1809 5349 guum
1822 5294 1898 5348 pauts
1908 5273 1979 5332 eleut

1204 5365 1265 5423 Sole
1278 5377 1365 5421 cutem
1379 5376 1436 5420 orto
1451 5365 1597 5437 liquefiebat
1612 5366 1707 5438 (Num.
1722 5366 1765 5434 rr).
1781 5365 1895 5438 llystiee
1908 5373 1982 5421 anm

1204 5459 1275 5513 sicut
1293 5458 1320 5510 in
1336 5456 1442 5527 bugella
1459 5455 1598 5526 grandinis
1615 5466 1641 5512 et
1660 5456 1732 5528 iguis
1754 5459 1822 5512 dura
1840 5454 1983 5526 inarmatis.

1204 5549 1284 5620 quasi
1296 5547 1438 5618 Scriptura
1448 5548 1538 5602 diviua
1549 5558 1705 5617 peccatores
1715 5550 1822 5625 cruciat
1832 5548 1986 5619 intelligitur·

1207 5641 1244 5695 itu
1259 5650 1286 5695 et
1301 5641 1328 5695 in
1343 5640 1448 5696 coelesti
1462 5641 1522 5695 cibe
1537 5640 1685 5695 consolatio
1699 5656 1828 5711 superna,
1842 5657 1902 5712 que
1912 5642 1988 5713 iustos

1207 5749 1238 5789 ac
1259 5733 1315 5788 Deo
1328 5733 1439 5788 rler'atos
1455 5732 1577 5802 quotidie
1596 5729 1699 5786 relinet
1718 5730 1896 5803 significatur.
1918 5731 1991 5786 Aliter

1206 5838 1306 5876 manna
1319 5822 1453 5894 signilictrt
1470 5835 1566 5891 panem
1580 5821 1664 5886 illum,
1677 5821 1724 5892 qui
1742 5821 1768 5875 in
1782 5821 1930 5893 Evangelio
1940 5821 1991 5876 ait·
2016 5839 2026 5862 ο

1208 5910 1263 5980 Epo
1275 5927 1333 5964 sum
1348 5911 1424 5981 panis
1436 5910 1493 5964 ritu
1509 5911 1554 5980 aui
1568 5910 1600 5963 dr
1614 5910 1677 5965 coelo
1690 5910 1824 5978 descendi,
1838 5920 1863 5966 et
1878 5910 1912 5966 do
1925 5917 1996 5968 eitun

1207 6001 1313 6053 rnrrudo.
1330 5999 1382 6065 Qui
1394 6002 1462 6054 stertit
1475 6001 1509 6053 ud
1530 6016 1570 6054 me
1588 6016 1638 6055 non
1652 6001 1759 6066 esuriet,
1777 6011 1801 6056 et
1819 6002 1864 6071 gui
1880 5995 1997 6057 creditis
