4709 6767
359 603 430 660 tntu
719 606 892 662 contutant.
911 606 944 661 ib
964 606 1086 664 LlUllllS
1108 606 1394 663 lldCiidUrEOliUbl.
1413 639 1448 649 -
1465 607 1499 663 lN
1516 608 1579 663 tib.
1598 606 1631 662 ll.

1916 604 1985 661 ram
2038 670 2047 689 ¹,

356 714 493 770 dimissus.
521 712 596 779 Qtrod
620 721 709 768 atttem
730 715 805 770 tata
828 718 920 784 dtaces,
944 720 1146 775 considerantes
1161 728 1183 783 Α
1197 721 1276 775 deriis
1291 722 1377 776 carnis
1393 719 1505 773 lucarie
1522 736 1566 773 coa
1580 719 1624 789 qui
1637 716 1773 788 paulutum
1788 717 1988 789 effraqiunmsi

356 805 469 858 lratrum
487 802 628 857 utilitatem
642 818 673 859 ac
690 819 800 859 suorum
813 807 1033 877 redemptionem,
1056 808 1146 864 Timo-
1196 811 1223 865 in
1241 827 1329 865 errem
1342 819 1544 864 enumerantur:
1558 809 1702 862 libertatem
1723 807 1779 862 illis
1796 808 1985 878 premittentes.

358 893 422 948 tbco
439 900 629 962 pepercerunt,
651 894 768 948 ostendit
780 896 852 964 quod
870 896 1012 965 aliquando
1032 912 1092 952 cum
1105 912 1147 953 cr·
1197 915 1254 953 cum
1276 900 1326 970 ipsi
1346 900 1412 953 serti
1430 899 1483 952 rint
1501 898 1674 968 corruptionis
1688 896 1730 967 (ll
1754 896 1825 951 Pctr.
1840 896 1882 969 ιι).
1902 896 1987 960 ludas

356 982 478 1037 rantibus
489 981 582 1036 mitius
592 990 633 1036 est
642 982 784 1052 agendum,
795 1000 848 1039 noo
862 985 922 1041 dico
935 979 964 1041 ut
977 1001 1069 1041 eorum
1083 1002 1147 1042 con·
1195 988 1266 1042 enim
1287 1004 1349 1043 cum
1373 989 1429 1044 suis
1453 1002 1643 1057 usquequaque
1668 988 1784 1042 bostium
1801 988 1894 1043 aumas
1917 997 1988 1045 stra·

354 1071 489 1128 sentiatur
508 1070 653 1140 iniquitati,
673 1072 720 1127 sed
738 1073 838 1143 pietate
858 1083 971 1143 paterna
991 1077 1148 1131 consulatur
1195 1077 1234 1130 rit
1255 1084 1283 1132 et
1296 1078 1435 1133 victoriam
1455 1076 1556 1136 habuit,
1572 1078 1633 1145 qnia
1654 1077 1777 1131 dmmres
1802 1077 1889 1131 sancti
1916 1079 1988 1139 reti-

356 1173 450 1214 cornm
464 1157 623 1224 inlimtitati,
644 1167 672 1215 ct
688 1162 806 1216 maxime
823 1162 876 1217 illis
890 1162 956 1218 locis
974 1160 1019 1219 ubi
1043 1164 1146 1222 lructus
1198 1168 1259 1222 tatis
1280 1176 1444 1231 assertores,
1457 1175 1495 1220 ¹et
1515 1167 1631 1220 antrensi
1653 1167 1755 1220 erroris
1778 1174 1986 1237 expugnatores,

356 1248 454 1318 aliquis
477 1248 510 1302 de
529 1248 677 1303 errantium
698 1252 873 1306 conversione
898 1262 1031 1322 speratur,
1054 1264 1148 1325 quate-
1196 1257 1285 1311 divina
1304 1272 1354 1327 ope
1367 1258 1460 1326 adjuti,
1481 1258 1580 1325 abique
1599 1257 1633 1310 de
1646 1256 1769 1312 hostibus
1780 1258 1836 1312 suis
1854 1265 1985 1327 tropeum

357 1353 408 1391 arus
432 1336 636 1391 mansuetudine
654 1337 836 1395 ecclesiastica
860 1351 1070 1411 provocentura
1090 1344 1147 1399 dia·
1196 1346 1315 1401 victoriae
1333 1348 1450 1415 capiunt.
1467 1346 1542 1402 Unde
1563 1344 1653 1401 dicere
1671 1363 1733 1401 cum
1750 1346 1983 1418 Paulopossuut:
2040 1347 2045 1362 ’

355 1425 407 1480 itoli
437 1425 538 1494 laqueis
559 1426 687 1497 effugere,
713 1436 741 1481 et
764 1430 908 1484 corrrcnire
928 1432 962 1484 ad
988 1432 1146 1488 catholicam
1196 1434 1250 1489 Deo
1283 1445 1370 1489 autem
1391 1435 1490 1506 pentius
1519 1436 1564 1505 qui
1596 1452 1696 1506 semper
1715 1436 1858 1506 triumphat
1881 1453 1928 1493 naa
1954 1438 1984 1492 in

354 1517 516 1587 libertatern.
540 1516 616 1572 Unde
638 1518 664 1571 in
684 1516 813 1572 Africano
825 1521 939 1575 concilio
951 1522 984 1576 de
1001 1522 1147 1579 Donatistis
1196 1521 1299 1577 cbristo
1318 1524 1400 1597 lesu,
1413 1534 1438 1578 ιι
1459 1525 1565 1578 adorem
1579 1527 1677 1579 notitia
1698 1542 1754 1580 auu
1772 1526 1985 1595 manifestatur

356 1606 492 1660 laureticis
514 1605 688 1660 constitutum
701 1614 743 1661 est
761 1616 792 1661 ut
813 1607 899 1664 levius
921 1625 981 1663 cum
1002 1612 1042 1667 eis
1055 1627 1149 1683 agere·
1197 1628 1242 1665 nos
1255 1613 1364 1666 inomni
1377 1612 1433 1667 locu
1449 1611 1492 1684 (ll
1513 1612 1983 1683 car.11).Essecanmunneroem-

357 1705 411 1759 tur,
436 1696 481 1749 ubi
493 1697 530 1750 ita
549 1697 678 1765 scriptum
701 1705 763 1752 ost:
785 1698 961 1753 Pertractatis
982 1709 1010 1754 et
1022 1702 1148 1757 consida-
1197 1703 1339 1775 munisti)

358 1786 425 1839 ratis
449 1784 574 1839 omnibus
593 1799 653 1854 quac
671 1785 781 1840 utilitati
805 1787 931 1844 Ecclesiae
950 1790 1094 1844 conuenire
1106 1790 1147 1845 ri·
1232 1791 1298 1847 lude
1311 1793 1345 1847 ad
1358 1791 1653 1863 ciuitatemScptlrarum
1667 1795 1866 1865 abierunque
1883 1799 1915 1851 ab
1933 1796 1983 1852 Je-

359 1877 502 1939 debantur,
526 1883 660 1931 ammento
686 1885 766 1946 atquc
789 1878 949 1933 admonente
973 1878 1075 1950 Spiritu
1097 1879 1144 1934 Uei
1197 1883 1331 1951 rasalpmis
1345 1886 1470 1937 sescentis
1491 1885 1584 1938 stadiis
1599 1884 1700 1949 aberat,
1715 1895 1767 1939 etc.
1794 1886 1985 1956 Scytltopolitac

359 1968 602 2023 decernimascum
622 1969 776 2022 memoratis
795 1969 958 2035 bominibus,
980 1971 1148 2040 quamvisde
1197 1970 1360 2039 quiiudaros
1385 1973 1498 2040 lenigare
1522 1980 1678 2035 tractantes,
1694 1989 1742 2043 pro
1767 1975 1906 2030 berrcdciis
1927 1977 1986 2032 sats

357 2060 488 2114 boarrtatct
511 2059 632 2127 corporis
645 2060 747 2114 unitate
762 2061 880 2130 inquieta
896 2060 1063 2117 dissensione
1081 2075 1142 2117 sen·
1156 2054 1179 2112 B
1193 2059 1262 2127 apud
1272 2056 1367 2112 iudam
1378 2062 1493 2128 gratiam
1508 2070 1536 2114 et
1550 2060 1653 2115 laudem
1668 2072 1886 2130 promeruerunt,
1901 2064 1985 2135 sigui-

359 2150 498 2214 tiendum,
524 2149 621 2204 leniter
643 2157 672 2205 et
695 2149 807 2220 pacifice
825 2164 915 2220 agere,
941 2158 981 2214 ut,
1014 2160 1144 2220 quantum
1197 2148 1280 2203 licant
1293 2150 1396 2217 eosqui
1412 2150 1536 2204 doctores
1552 2160 1660 2205 sanctos
1674 2151 1882 2208 eteonlcssores
1903 2162 1986 2210 rectae

355 2245 384 2298 in
405 2240 483 2295 nobis
502 2248 553 2304 cst,
575 2239 699 2295 omnibus
720 2239 765 2309 qui
786 2239 814 2293 in
837 2254 930 2293 corum
957 2240 1146 2296 communione
1196 2235 1257 2291 ddei
1273 2236 1563 2311 rapiuntiexcipiunti,
1575 2248 1602 2294 et
1614 2240 1717 2295 solatiis
1730 2242 1913 2309 corporalibus
1931 2259 1982 2313 pro

354 2340 382 2387 ct
403 2331 531 2387 societate
544 2329 662 2384 baeretici
686 2337 749 2384 sunt
768 2343 816 2399 per
835 2328 973 2383 universas
992 2329 1146 2397 prouincias
1201 2325 1297 2379 uiribus
1310 2325 1457 2393 adjurant:
1476 2342 1589 2395 quorum
1611 2343 1715 2383 merces
1739 2331 1766 2383 in
1792 2346 1907 2385 vacuum
1927 2348 1982 2388 nou

354 2423 495 2478 Africanas
513 2421 620 2492 penitus
633 2421 783 2475 innotescat
796 2433 875 2489 quam
891 2420 1036 2474 miserabili
1052 2436 1145 2476 errore
1195 2415 1306 2483 peribit;
1322 2416 1436 2470 maxime
1450 2432 1509 2470 cum
1524 2417 1652 2471 bundans
1666 2418 1691 2471 in
1716 2419 1860 2489 Evangelio
1879 2421 1912 2474 de
1924 2421 1983 2475 tali·

355 2511 452 2566 aiericti
475 2520 553 2575 sunt,
579 2508 726 2580 nequando,
747 2509 816 2563 sicut
836 2507 902 2563 dicit
919 2508 1073 2578 Apostolus,
1099 2524 1143 2565 no·
1197 2504 1247 2558 bus
1259 2506 1292 2558 ad
1302 2506 1437 2573 apostolos
1449 2506 1535 2560 dicat:
1548 2507 1600 2572 Qui
1611 2508 1698 2576 recipit
1710 2525 1753 2563 aros
1764 2526 1804 2563 me
1817 2511 1924 2578 rccipit,·
1936 2512 1983 2581 qui

355 2599 438 2654 bisin
456 2596 661 2652 mansuetudine
676 2596 885 2665 corripientibus
900 2596 1005 2651 diversa
1028 2598 1146 2651 sentien-
1196 2595 1285 2663 recipit
1291 2595 1440 2663 proplietam
1448 2596 1474 2647 in
1482 2596 1584 2648 santuine
1590 2597 1985 2670 propbetemercedempraplae-

357 2700 409 2754 tes,
441 2689 484 2743 det
505 2688 558 2742 iliis
584 2687 655 2741 Deua
683 2688 857 2757 poeniteutiam
881 2686 916 2740 ad
942 2688 1145 2757 acquescendum
1196 2683 1370 2752 tuaccr‘piet:
1393 2683 1572 2752 etquicunque
1584 2684 1780 2753 rccipitjuatum
1817 2686 1845 2739 in
1880 2688 1984 2741 nomine

354 2778 498 2842 siceitatem,
516 2786 541 2830 et
559 2776 709 2845 resipiscant
730 2774 857 2828 adiaboli
877 2774 985 2845 laqueis,
1002 2792 1082 2846 aqua
1102 2793 1147 2831 ca.
1192 2768 1271 2838 justi,
1298 2769 1442 2823 mercedem
1461 2770 1530 2838 justi
1557 2772 1715 2840 accipiet,·et
1737 2773 1882 2844 quicunque
1904 2774 1982 2829 dede-

355 2864 549 2934 ptiuitenentur
567 2864 601 2917 ad
615 2864 696 2933 ipsius
718 2861 874 2918 uoluntatem
895 2863 1075 2937 (illimis).
1198 2860 1333 2929 ritpotum
1358 2860 1404 2913 uni
1419 2861 1576 2913 euminimis
1602 2861 1704 2924 istis,et
1721 2861 1828 2916 culicem
1850 2864 1986 2934 aquoefri-

390 2951 476 3006 iatdaa
495 2962 581 3006 autem
596 2960 758 3020 epressuacst
777 2968 794 3005 u
812 2950 938 3018 Carnium,
956 2953 1148 3023 interfectiaei·
1196 2951 1265 3020 pidu
1281 2957 1390 3004 'tuntum
1419 2950 1447 3004 in
1473 2951 1576 3005 nominc
1605 2950 1737 3021 discipuli,
1763 2968 1838 3006 umen
1858 2954 1917 3007 dico
1942 2970 1985 3007 uo-

356 3042 422 3109 qinti
439 3041 553 3112 quinque
569 3041 693 3095 millibus.
717 3039 781 3096 Post
795 3043 887 3095 luorum
909 3042 998 3113 lupam
1018 3054 1041 3097 ct
1061 3060 1147 3098 necem
1197 3040 1236 3096 bia
1260 3057 1312 3094 non
1337 3039 1433 3111 'perdet
1464 3042 1605 3094 mercedem
1626 3057 1702 3094 suam
1724 3040 1831 3113 (llattlu
1856 3041 1895 3113 x).
1910 3041 1986 3099 Unde

327 3180 328 3183 ,
355 3131 433 3184 anuuit
452 3131 591 3186 exercitum
616 3130 650 3184 nd
672 3129 789 3200 Epiron,
811 3132 939 3186 ciuitatem
960 3133 1097 3199 munitum,
1119 3133 1147 3189 in
1196 3132 1315 3188 loannes
1345 3133 1467 3187 scribens
1493 3132 1527 3186 ad
1551 3131 1660 3196 Gaium,
1675 3134 1702 3186 in
1724 3133 1836 3203 epistola
1860 3149 1908 3189 sna
1930 3136 1984 3189 ait:

355 3238 407 3291 qua
426 3221 564 3275 multitudo
586 3221 747 3275 diuersarum
765 3224 879 3292 peantium
901 3222 1051 3290 itabitubut,·
1064 3234 1088 3278 ιι
1105 3241 1148 3279 ru·
1198 3224 1366 3287 Gleurissime,
1382 3222 1495 3292 fideliter
1511 3222 1577 3291 sucis
1599 3223 1725 3293 quidquid
1747 3225 1862 3293 operaris
1880 3227 1908 3278 iu
1927 3225 1985 3293 [ru-

356 3310 425 3364 bnxti
437 3310 545 3379 iuuenes
559 3326 605 3380 pro
622 3312 704 3365 muria
725 3311 888 3366 corasiuentes
904 3312 1007 3381 fortiter
1021 3330 1148 3385 repuqnu·
1198 3325 1261 3381 tres,
1277 3326 1300 3369 ct
1313 3317 1361 3369 laoc
1371 3316 1398 3368 in
1407 3315 1567 3385 pereqrinos,
1578 3315 1803 3385 quitertimonium
1815 3316 1983 3371 reddiderunt

357 3405 429 3467 bant,
443 3412 496 3458 etc.
509 3402 631 3458 Diximus
643 3403 669 3456 in
684 3402 782 3472 prioris
795 3401 855 3457 libri
869 3404 1046 3473 expositione,
1057 3406 1102 3459 ubi
1116 3406 1149 3460 de
1163 3410 1185 3471 (ζ
1200 3404 1322 3457 charitati
1332 3412 1384 3457 tutu
1396 3403 1422 3455 iu
1431 3412 1566 3473 conspectu
1582 3402 1721 3457 Ecclesiae:
1737 3420 1802 3473 quos
1821 3402 1985 3473 benefaciens

357 3495 498 3549 Timotheo
514 3502 655 3548 tractatum
670 3501 728 3558 est,
749 3494 820 3562 quod
838 3493 896 3562 ejus
910 3495 1044 3549 exereitus
1058 3495 1143 3564 signi·
1193 3494 1304 3547 dedaaccs
1317 3494 1394 3562 dique
1406 3493 1470 3558 lieo,
1481 3494 1525 3563 qai
1536 3509 1584 3563 pro
1596 3495 1700 3547 nominc
1714 3493 1770 3562 ejus
1785 3494 1896 3563 profecti
1906 3504 1978 3561 sunt,

357 3586 450 3640 bearet
463 3584 571 3639 turbam
585 3583 788 3646 baereticorum
811 3582 936 3637 similiter
949 3592 976 3637 et
989 3583 1022 3637 dc
1035 3583 1144 3653 Eplrron
1194 3582 1258 3636 tuitii
1271 3583 1423 3649 accipientes
1435 3600 1451 3635 a
1465 3582 1611 3651 prutilibus.
1626 3582 1682 3636 Nos
1693 3599 1752 3652 erqo
1767 3584 1888 3637 debemus
1897 3584 1983 3639 susei-

357 3678 432 3732 ttrlris
450 3673 665 3738 habitatoribus,
683 3673 753 3742 quoti
772 3671 993 3742 iilosltguraiitcr
1011 3674 1145 3741 exprime-
1194 3691 1253 3744 pere
1276 3673 1468 3742 nujuscemodi,
1491 3681 1519 3724 ut
1553 3682 1730 3737 cooperatores
1759 3673 1840 3726 simus
1860 3673 1978 3728 ueritatis

359 3774 434 3831 retal,
457 3765 503 3835 qui
527 3765 610 3820 ritum
633 3761 764 3818 ludaismi
783 3762 948 3830 temporibus
966 3762 1059 3833 gratie
1071 3771 1145 3817 exte·
1195 3760 1255 3831 (lll
1274 3758 1406 3831 isarni).
1421 3759 1466 3813 Sic
1480 3767 1507 3813 ct
1525 3756 1624 3813 Paulus
1648 3759 1699 3814 boc
1721 3758 1851 3825 laudarit,
1863 3761 1985 3818 scribent

310 3884 313 3890 -
357 3864 516 3920 nuarcrunt,
541 3864 572 3909 ut
593 3853 701 3908 luserunt
723 3853 772 3923 ipsi
793 3850 878 3907 ludaei
897 3860 925 3907 et
944 3852 1072 3917 baeretlci,
1098 3852 1144 3921 qui
1194 3848 1987 3921 adCorintbios:Obsecro,[ratres.nostisdomumStepltu·

357 3963 418 4001 cum
437 3944 582 4016 Evangelio
599 3943 665 4015 legis
680 3943 854 4001 ceremonias
874 3957 982 3998 serrare
1003 3945 1142 3998 volebant:
1196 3956 1247 4003 nte,
1260 3948 1284 3991 et
1304 3938 1454 4000 Fortunati,
1467 3949 1491 3991 ct
1504 3940 1622 4002 ricimiri,
1633 3940 1755 4008 quoniam
1776 3949 1837 3993 suat
1860 3940 1983 4010 primitie

360 4037 424 4107 quin
442 4036 487 4092 isti
500 4033 644 4091 carnaliter
657 4034 806 4088 sentientes
818 4032 984 4103 spiritualem
1005 4033 1145 4088 scientiam
1195 4027 1322 4091 Acltsst'ws
1336 4035 1361 4079 et
1384 4026 1411 4080 in
1430 4025 1602 4079 ruinistcrium
1624 4035 1774 4079 wiciorum
1798 4026 1984 4080 ordinaverunt

361 4128 465 4183 discere
480 4124 615 4189 uolebant,
638 4138 689 4179 ncc
703 4122 850 4193 intelligere
862 4132 986 4193 poterant
1000 4124 1071 4195 quod
1084 4125 1145 4193 finis
1196 4117 1313 4186 seipsos:
1331 4124 1357 4168 ut
1371 4124 1395 4169 et
1418 4131 1460 4168 uos
1482 4114 1593 4183 subjecti
1613 4116 1669 4168 sitis
1694 4114 1855 4183 iaujuamodi,
1869 4125 1893 4168 ιι
1915 4115 1988 4171 amni

359 4217 422 4287 lepis
431 4225 468 4270 ιιι
478 4214 597 4270 Cirristus
611 4213 645 4267 ud
658 4213 789 4282 justitium
800 4214 870 4266 omrai
881 4214 993 4268 credenti
1006 4213 1095 4285 (Rom.
1105 4214 1145 4284 xi,
1197 4205 1356 4274 cooperuisti
1367 4213 1390 4257 0¹
1404 4202 1544 4256 issl'0l‘1ili'·
1567 4200 1674 4257 Galim
1685 4212 1772 4255 “iiim
1797 4204 1823 4256 ''il
1844 4203 1984 4272 prasentia

359 4306 454 4362 traaas
478 4304 580 4360 urtice
605 4290 684 4372 aque
700 4303 800 4374 genten.
827 4301 949 4373 Quinque
976 4304 1057 4359 martra
1082 4320 1146 4374 pra
1198 4293 1382 4363 &eniterent
1403 4291 1553 4357 Fortunati,
1569 4303 1592 4346 a
1616 4291 1984 4363 Actaimauou'amitrrod

361 4407 446 4454 strata
467 4398 494 4453 in
514 4398 583 4453 bello
605 4397 779 4466 Eplaronitico
795 4395 927 4467 loquantur,
959 4398 1029 4453 sicut
1052 4397 1079 4452 in
1103 4398 1139 4456 illt
1199 4384 1268 4440 '’iiii'‘
1287 4383 1449 4454 deerat,ipri
1470 4380 1669 4453 ‘wiliielmi
1693 4381 1837 4450 “beselini
1858 4382 1925 4435 iiim
1957 4390 1983 4435 θ’

359 4490 428 4544 bello
445 4489 516 4558 qnod
528 4488 554 4541 in
571 4501 678 4542 carmen
692 4485 835 4558 [Carnion]
849 4485 1001 4541 conlectum
1020 4496 1072 4553 cst,
1086 4488 1148 4557 quia
1199 4490 1284 4528 'leiim
1296 4474 1349 4544 spir
1351 4475 1427 4540 itum,
1440 4482 1464 4528 ei
1477 4482 1598 4528 oestrum.
1614 4468 1766 4542 (Ῐθιιθδθὶῖθ
1791 4488 1851 4541 0¹9⁰
1871 4472 1915 4542 ‘lli
1935 4472 1985 4527 1¹1⁸·

358 4582 486 4651 capiemiu
504 4580 583 4648 injus
603 4578 693 4632 naurtdi
722 4578 832 4631 stultitia
855 4576 924 4648 apud
950 4577 1032 4632 licum
1051 4587 1099 4642 ιιι,
1123 4587 1149 4632 ιι
1195 4563 1387 4633 duiilidiium
1403 4561 1429 4634 (¹
1451 4559 1512 4616 ⁶⁰²²
1534 4559 1601 4632 ¹l¹)·

357 4671 496 4740 pendentia
515 4671 601 4723 caruis
614 4685 682 4722 mars
705 4679 741 4722 est
762 4667 787 4739 (l
811 4666 871 4722 Cor.
888 4668 945 4739 ιιι);
962 4667 1061 4724 Littera
1077 4671 1148 4725 enim
1236 4655 1270 4708 Ei
1283 4665 1341 4723 li⁰⁸²
1353 4653 1523 4708 Pimewi‘e'l
1533 4651 1652 4706 “Mirum
1664 4660 1755 4706 ‘Uimi
1766 4648 1902 4721 &liiidie
1914 4667 1984 4722 ΡΜ·

358 4759 467 4821 orcidit,
489 4759 594 4826 spiritus
613 4767 698 4810 autern
718 4757 828 4824 uiuificat
849 4754 897 4826 (ll
912 4754 974 4809 Cor.
1002 4757 1053 4826 ιιι).
1076 4755 1150 4811 Unde
1163 4773 1189 4830 1)
1201 4743 1459 4814 ii0il'lllmffllmoeoe·
1481 4742 1567 4796 ΜΨ
1590 4750 1676 4795 “mim
1689 4741 1883 4811 iiiiiidffibii
1902 4740 1983 4795 ‘'lbi‘'

359 4848 423 4901 item
439 4862 489 4917 per
500 4846 610 4900 Patrium
624 4846 739 4900 dicitur:
755 4844 868 4900 Stadium
884 4844 943 4913 fecit
961 4844 1031 4899 Deus
1050 4847 1151 4915 sapien.

358 4936 510 5005 tiarnltnjus
522 4936 612 4990 mundi
628 4934 653 5005 (l
677 4934 736 4989 Cor.
751 4935 780 5002 ι).
794 4934 826 4987 Ει
845 4934 952 4996 iterum,
970 4935 1091 4988 animalis
1103 4934 1150 4989 lto-

359 5042 402 5079 ma
424 5042 475 5080 non
494 5027 600 5097 percipit
622 5043 653 5079 eu
671 5041 728 5096 quta
743 5033 802 5080 aunt
823 5024 931 5093 spiritus
944 5023 1014 5078 Dei:
1038 5024 1150 5079 stultitia

359 5115 428 5168 enim
448 5124 485 5169 est
506 5111 555 5177 illi,
575 5124 599 5169 et
623 5130 675 5169 uon
697 5123 778 5184 potest
801 5129 832 5167 ca
854 5112 997 5183 intellipere
1010 5130 1068 5185 quau
1092 5114 1149 5184 spi-

360 5202 472 5258 ritaliter
488 5204 673 5258 eaaminuntur
690 5203 715 5275 (l
740 5202 801 5258 Cor.
813 5201 855 5274 ιι).
870 5202 938 5257 ilinc
956 5202 1072 5260 lacobus
1083 5220 1148 5275 apo-

359 5291 454 5357 stolus,
473 5293 594 5348 scribens
608 5294 641 5348 ad
662 5294 807 5363 dispersos,
819 5293 857 5347 ait
872 5292 948 5364 (Cap.
965 5292 1023 5363 nri:
1039 5292 1149 5359 Quodsi

360 5382 443 5437 selune
463 5400 583 5437 amarum
603 5383 701 5437 iubetis
718 5393 741 5436 et
759 5384 933 5437 contentiones
950 5383 1000 5436 sint
1017 5383 1044 5436 in
1060 5382 1148 5435 cordi-

298 5542 301 5548 ‚
359 5473 406 5527 bns
421 5476 522 5540 uestris,
542 5474 620 5528 nolite
642 5474 749 5544 plutiani
767 5483 791 5527 et
806 5474 942 5527 mendaces
958 5490 1012 5528 esse
1024 5474 1148 5527 aduersus

359 5565 513 5617 ueritatem:
527 5579 579 5616 non
595 5572 633 5617 est
648 5564 716 5616 enim
737 5564 788 5616 istu
802 5565 930 5633 supientia
948 5563 1083 5617 desursum
1103 5563 1149 5617 de·

359 5656 483 5707 scerrdens
498 5654 529 5707 dc
547 5650 627 5706 Putre
642 5669 753 5716 suntme,
776 5653 820 5706 aed
846 5662 958 5717 terrena,
982 5651 1104 5707 animalis
1125 5662 1150 5706 et

359 5741 499 5796 ditabaticu.
519 5741 601 5810 Cujus
614 5750 760 5797 sectatores
772 5743 896 5811 princeps
910 5741 1063 5809 praeliorum
1075 5738 1150 5812 [apo-

361 5831 502 5903 stolorum]
519 5834 602 5902 fontes
613 5835 665 5887 siue
678 5849 745 5903 aqua
758 5841 786 5886 et
804 5832 908 5886 nebulas
924 5832 1069 5885 turbinibus
1088 5848 1151 5885 eru-

361 5922 456 5991 qitatas
468 5924 592 5992 appellat,
604 5923 696 5993 quibus
708 5923 791 5992 culaqo
806 5923 969 5976 tenebrarum
985 5932 1149 5976 reseruntur:

363 6019 424 6064 satiat
444 6013 515 6066 enirn
530 6012 660 6066 sanitates
683 6011 831 6077 loquentes,
855 6009 1019 6079 pellicientes
1042 6010 1069 6062 iu
1083 6008 1152 6062 desi-

1202 4833 1327 4897 utititas,
1340 4843 1364 4886 ct
1375 4834 1501 4905 equitibus
1510 4832 1715 4903 quadrinpcntis.
1734 4830 1833 4896 Quibus
1843 4831 1986 4901 conpressis

1202 4923 1308 4993 contipit
1319 4939 1415 4993 paucos
1436 4940 1509 4977 ruere
1523 4921 1687 4975 iudeorum.
1702 4918 1986 4989 Gorgiaspraepositus

1201 5012 1332 5077 idunan,
1349 5012 1418 5068 bene
1427 5020 1515 5081 potest
1524 5019 1614 5081 typum
1624 5023 1716 5080 gerere
1729 5007 1835 5069 diaboli,
1847 5008 1891 5077 qui
1902 5008 1986 5062 rubea
2032 5011 2040 5022 “

1201 5097 1984 5172 atquesanqninolentasemperdelectatuscortrcrsatione‚

1201 5190 1318 5261 speciem
1330 5199 1417 5244 ιιιιιιιι
1429 5188 1572 5259 aliquando
1585 5188 1712 5241 virtutum
1723 5184 1838 5246 simulat,
1851 5185 1914 5240 licet
1926 5186 1984 5255 ipse

1200 5295 1248 5349 per
1262 5276 1325 5332 uitia
1341 5276 1433 5331 sedulo
1448 5284 1541 5332 contra
1561 5274 1674 5329 virtutes
1697 5280 1807 5344 pugnet.
1821 5272 1898 5329 Unde
1918 5274 1985 5328 sim-

1199 5367 1282 5437 pliccs
1295 5365 1430 5435 quoslibet
1446 5366 1478 5420 de
1498 5364 1616 5419 lidelium
1635 5378 1747 5417 numero
1770 5369 1829 5417 astu
1858 5363 1986 5419 deludens

1200 5455 1402 5510 interficitzsed
1428 5463 1518 5509 mmen
1549 5454 1661 5508 uictoria
1684 5452 1779 5507 diuma
1801 5468 1854 5507 non
1875 5452 1983 5521 patitur,

1200 5548 1325 5624 quoniam
1337 5547 1426 5617 potius
1439 5562 1487 5615 per
1500 5546 1627 5600 ducatum
1638 5544 1688 5599 riri
1706 5544 1790 5607 truita,
1804 5543 1931 5597 militibus
1945 5541 1985 5607 ip-

1201 5642 1257 5696 sius
1272 5640 1413 5693 boninum
1427 5638 1613 5693 invocantibus
1627 5636 1788 5707 adjutorem,
1802 5648 1834 5685 ac
1859 5630 1985 5699 precibus

1202 5743 1282 5801 atquc
1306 5732 1413 5802 hymnis
1442 5729 1637 5792 insistentibus,
1658 5741 1721 5796 pars
1747 5725 1868 5785 adversa,
1891 5722 1987 5775 titanorc

1202 5822 1322 5886 confusa,
1335 5823 1362 5876 in
1373 5823 1463 5894 lugam
1479 5822 1602 5882 vertitur,
1615 5826 1642 5871 et
1663 5812 1789 5883 triumphi
1811 5813 1899 5890 ltoraor
1916 5809 1988 5864 retis

1203 5914 1249 5969 Dei
1262 5914 1409 5969 cultoribus
1434 5914 1569 5966 tribuitur.
1584 5907 1658 5963 Unde
1684 5904 1791 5968 Petrus,
1806 5902 1927 5957 scribens
1950 5900 1984 5953 ad

1202 6006 1355 6068 eredentes,
1367 6003 1393 6055 in
1410 6001 1526 6071 Epistola
1542 6013 1588 6052 sua
1607 5996 1643 6050 ait
1655 5994 1729 6066 (Cap.
1746 5993 1785 6059 ri:
1803 5986 1989 6045 litamiliantini
