4709 6767
356 685 408 743 (idi
679 686 708 741 ll.
730 686 857 743 nebant
878 687 986 744 Msttittt
1006 686 1165 743 aucttter.
1188 688 1345 747 tteobttt.
1366 691 1509 748 eruebat
1528 691 1618 749 PARS
1635 692 1656 749 i.
1728 640 1737 654 .

354 801 417 859 ilios
433 801 479 872 qui
490 802 523 857 dc
536 810 653 872 pcccatis
673 802 729 857 suis
743 803 931 872 poenitentiam
945 817 1026 873 agere
1036 802 1140 869 uolunt,
1156 808 1180 865 Λ
1196 803 1241 858 bci
1254 805 1397 860 descendet
1410 806 1444 861 de
1457 806 1534 870 coeio,
1548 815 1575 862 et
1588 807 1687 863 mortui
1698 807 1744 877 qui
1757 807 1784 862 iu
1797 805 1862 864 Cbti

354 894 495 951 sedetiam
522 894 595 964 ipsos
616 893 661 963 qui
682 893 762 949 tidem
781 903 884 950 sauctae
905 893 1047 950 Trinitatis
1066 894 1146 949 bonis
1199 907 1341 967 resurgent
1354 898 1444 967 primi,
1459 897 1556 955 deinde
1575 914 1625 954 nes
1638 899 1683 967 qui
1695 898 1862 970 vivimusqu

353 985 482 1057 operibus
496 984 628 1040 adornare
639 984 787 1056 negligunt,
804 985 899 1056 dignes
914 992 1044 1056 perpetua
1059 994 1147 1040 urertc
1197 1006 1304 1055 sumus,
1317 991 1397 1044 simul
1415 991 1550 1061 rapiemur
1562 1006 1624 1045 cum
1639 990 1691 1045 iilis
1705 990 1732 1045 in
1747 991 1862 1048 nubibus

355 1075 481 1132 ostendit.
498 1073 574 1129 Unde
589 1074 679 1129 evenit
692 1081 722 1129 ut
739 1075 810 1130 sicut
823 1072 908 1129 iudaei
931 1076 959 1129 in
972 1075 1077 1131 duobus
1087 1075 1146 1130 dic·
1199 1082 1312 1136 Detineo
1326 1080 1353 1135 in
1370 1096 1445 1147 acre,
1468 1089 1495 1137 et
1508 1082 1548 1136 sic
1560 1096 1668 1150 senrper
1682 1096 1744 1136 cum
1758 1081 1862 1138 bomini

354 1164 406 1221 bus
427 1165 597 1235 septuaginta
619 1166 740 1236 quinque
763 1164 845 1219 millia
868 1166 987 1221 bestium
1004 1166 1147 1222 interiece-
1199 1169 1423 1241 sterterent»
1782 1229 1784 1233 ,

353 1266 427 1323 runt,
442 1258 478 1312 ita
493 1258 622 1312 instantia
633 1265 660 1312 et
671 1266 768 1313 eouatu
788 1257 907 1313 tidelium
923 1258 1015 1314 bostes
1028 1259 1147 1313 universi
1234 1259 1302 1315 Nam
1316 1269 1431 1330 quartus
1444 1262 1565 1317 decimus
1578 1277 1719 1328 uumerus,
1739 1263 1786 1333 qui
1807 1272 1862 1336 sept

354 1352 400 1421 qui
415 1351 535 1421 quinque
554 1349 679 1405 sensibus
699 1350 823 1419 corporis
844 1349 927 1405 dediti
944 1348 1091 1406 carnaliter
1106 1366 1149 1404 sa-
1199 1355 1241 1409 bis
1253 1354 1384 1419 continet,
1404 1356 1556 1409 animarum
1568 1357 1602 1412 ab
1617 1356 1691 1411 omni
1714 1356 1807 1412 labore
1819 1364 1850 1414 et

353 1444 453 1513 picudo
475 1441 561 1511 legem
576 1442 623 1496 liei
648 1456 696 1511 per
721 1440 907 1511 septiformem
927 1441 1047 1511 Spiritus
1060 1442 1147 1496 sancti
1200 1447 1262 1501 dine
1275 1446 1409 1518 significat
1421 1448 1551 1517 quietem.
1568 1447 1684 1514 Quietus
1695 1449 1816 1507 decimus
1830 1463 1862 1512 arr

355 1536 482 1607 gratiam,
497 1533 629 1604 spirituaii
641 1533 768 1602 dogmate
775 1533 881 1603 plenam
892 1540 973 1602 atque
986 1531 1147 1603 perfectam,
1199 1538 1369 1605 septenarius
1381 1546 1409 1593 et
1422 1538 1579 1593 octonarius
1592 1538 1671 1593 simui
1686 1539 1862 1595 eontinentur

355 1624 533 1695 spiritualiter
557 1622 705 1694 intelligere
726 1631 868 1693 respuunt,
892 1622 1018 1678 claritate
1033 1622 1148 1678 duorum
1199 1640 1252 1695 que
1270 1626 1426 1696 praefigurat
1444 1636 1472 1682 et
1491 1628 1644 1682 animarum
1659 1636 1688 1682 ct
1707 1642 1854 1698 corporum

356 1716 593 1770 Testauteuterum
616 1717 750 1771 veraciter
768 1716 915 1771 vincuntur
928 1723 1011 1785 atque
1029 1724 1149 1786 prester·
1201 1720 1373 1788 rcquicm,et
1388 1720 1634 1787 immortalitatem,
1658 1721 1752 1791 sicque
1771 1721 1862 1778 multit

355 1814 466 1861 rurutur.
499 1806 554 1860 Nec
581 1816 670 1860 tamen
699 1806 770 1861 itlius
794 1806 826 1861 de
856 1804 1016 1860 substantiis
1031 1804 1149 1858 dilerum
1199 1817 1305 1864 ctorem
1317 1819 1377 1879 pest
1386 1810 1682 1881 compictesprmsentis
1695 1812 1755 1865 vitae
1765 1810 1861 1868 labere

354 1897 506 1967 quidquam
516 1895 673 1966 contingere
684 1896 748 1957 vuit,
770 1896 1012 1964 quiancquaquam
1024 1893 1150 1963 nequitiae
1201 1908 1354 1970 perceptam
1366 1901 1399 1954 de
1421 1901 1555 1956 universis
1573 1901 1696 1956 irestibus
1721 1902 1862 1958 victoriam

354 1986 522 2056 perditorum
547 1984 714 2039 credentium
737 1984 834 2039 eiectio
862 1998 892 2039 sc
906 1982 1059 2038 admiscere
1082 2000 1148 2039 cen·
1201 1991 1429 2047 exspirationem
1453 2001 1545 2046 mutua
1569 1993 1714 2047 qqqgcqonp
1737 1993 1764 2048 q„
1782 1992 1862 2050 «ΑΕ

356 2076 455 2140 sentit;
468 2075 532 2144 quin
543 2073 632 2144 petius
655 2072 741 2128 medis
765 2070 890 2127 omnibus
904 2085 1000 2127 corum
1013 2069 1088 2126 salsis
1099 2071 1147 2126 do-
1201 2086 1364 2155 gaqqpbqnq,
1377 2083 1432 2139 Nec
1458 2085 1528 2140 „qus
1544 2085 1623 2154 hujus
1636 2085 1726 2156 gaqqq
1750 2084 1804 2141 epp
1831 2083 1861 2142 qq

353 2165 491 2236 gmatibus
521 2174 603 2234 atque
630 2163 731 2233 ini‘luis
761 2162 889 2233 diesibus
925 2160 1043 2217 illenim
1067 2152 1250 2232 ailuessuee
1264 2176 1335 2230 uitro
1350 2176 1439 2245 aliqua
1453 2176 1573 2231 succedit
1594 2176 1701 2230 tristitia
1721 2176 1862 2243 laboris3t

354 2263 514 2310 “immam
528 2268 557 2309 ⁸⁰
575 2253 672 2308 ieddfl·
1200 2265 1277 2320 lcrtia
1292 2276 1449 2321 sanctorum
1471 2266 1676 2336 predicatorum
1698 2265 1862 2322 auditoribus

648 2365 762 2422 CAPUT
781 2365 850 2421 xiil.
1200 2354 1365 2409 credendum
1387 2365 1467 2424 atquc
1484 2355 1655 2410 sentiendum
1671 2356 1759 2410 veraci
1779 2354 1862 2412 uectat

265 2429 276 2439 ι
355 2458 395 2514 be
407 2460 517 2531 eoquod
529 2458 569 2513 iiii
589 2459 644 2513 dier
666 2458 761 2528 quibas
783 2475 810 2514 re
829 2458 919 2514 iudaei
941 2458 991 2514 uiti
1010 2459 1152 2514 semeleter
1200 2445 1319 2499 mendat.
1335 2444 1412 2501 Unde
1425 2453 1451 2500 θῑ
1462 2446 1608 2500 subditur:

581 2529 709 2583 ⁸⁰¹⁶m710³
720 2530 922 2599 reverebamur.
1240 2552 1249 2585 (
1269 2532 1384 2604 Scripsit
1395 2535 1486 2604 itaque
1508 2534 1693 2591 biardecbaus
1714 2536 1807 2592 emnia
1819 2537 1862 2594 ba

394 2622 485 2677 «Dies
511 2631 601 2678 autern
621 2622 718 2677 tertius
742 2622 864 2677 decimus
889 2621 963 2678 ildar
984 2637 1055 2677 unus
1081 2621 1150 2692 apud
1205 2643 1214 2675 (
1233 2625 1298 2679 teris
1315 2626 1510 2694 comprehensa
1535 2625 1609 2679 misit
1622 2626 1655 2679 ad
1679 2624 1789 2681 iudaeos
1806 2625 1856 2696 qui

360 2727 482 2769 somnes
507 2712 707 2769 interiectionis
730 2712 801 2778 luit,
822 2720 961 2781 etquarte
981 2712 1088 2768 decime
1109 2711 1152 2766 die
1205 2717 1284 2770 rbus
1313 2715 1386 2783 regis
1405 2716 1553 2786 provinciis
1576 2718 1762 2782 merebantur,
1792 2726 1852 2774 taur

359 2827 370 2859 ι
390 2805 494 2861 cedere
508 2804 657 2860 desierunt.
679 2803 766 2870 Quem
790 2803 990 2871 constituerunt
1019 2817 1080 2858 esse
1105 2818 1150 2857 so·
1205 2824 1214 2857 r
1229 2805 1323 2876 positis
1336 2822 1417 2875 quam
1430 2806 1534 2876 procul,
1549 2816 1578 2868 ut
1590 2817 1715 2877 quartam
1730 2808 1862 2864 decimare

360 2914 371 2947 (
390 2896 517 2961 iernucm,
533 2907 561 2950 ut
576 2896 642 2951 inco
650 2895 776 2964 deinceps
790 2904 911 2965 tempere
920 2894 1149 2965 vacarentepulis‚
1206 2916 1215 2949 (
1237 2905 1292 2951 tam
1303 2896 1436 2952 decimam
1458 2898 1528 2952 diem
1542 2898 1642 2953 mensis
1665 2898 1739 2953 adar
1761 2912 1811 2967 pro
1824 2896 1862 2956 iet

359 3004 371 3038 (
386 2986 485 3058 gaudio
499 2994 581 3056 atque
595 2984 735 3041 conviviis.
749 2982 784 3038 At
798 2985 825 3040 bi
838 2984 921 3054 quiin
936 2984 1003 3039 urbe
1013 2983 1089 3039 Susis
1100 3000 1152 3040 cae·
1206 3007 1216 3040 ι
1233 2999 1339 3060 percat,
1350 2996 1378 3043 et
1393 2996 1546 3044 revertente
1563 3003 1671 3059 semper
1685 3002 1757 3042 unire
1769 2986 1862 3044 selertu

360 3098 371 3132 (
388 3078 449 3134 dem
464 3086 656 3143 exercuerunt,
673 3077 754 3133 tertio
768 3077 875 3133 decime
889 3084 918 3132 ct
931 3084 1029 3147 quarte
1047 3078 1152 3133 decimo
1207 3100 1216 3133 (
1234 3081 1413 3138 celebrarent.
1428 3081 1495 3149 Quia
1510 3082 1537 3136 in
1560 3081 1627 3153 ipsis
1638 3082 1735 3137 diebus
1746 3096 1776 3136 se
1795 3080 1845 3136 ulti

359 3168 505 3240 «ejusdem
524 3171 626 3227 rucrrsis
643 3171 686 3226 dic
706 3170 732 3226 in
756 3171 830 3226 cmde
849 3168 950 3224 versati
965 3175 1044 3235 suut,
1058 3168 1153 3241 quinte
1206 3170 1283 3225 ‹daei
1301 3172 1334 3227 dc
1349 3172 1466 3227 inimicis
1490 3172 1557 3236 suis,
1575 3182 1603 3227 et
1628 3171 1718 3226 luctus
1739 3178 1823 3242 atque
1841 3176 1862 3226 tt

361 3280 372 3315 ι
390 3263 495 3318 decimo
515 3271 604 3319 autem
623 3261 667 3316 die
685 3268 828 3332 percutere
843 3259 993 3327 desierunt,
1011 3260 1153 3316 etidcirco
1206 3279 1216 3312 ι
1235 3261 1398 3316 bilaritatem
1411 3262 1592 3332 gaudiumque
1613 3275 1744 3316 conversa
1762 3265 1862 3325 sunt,t

360 3353 513 3410 «eumdem
524 3354 595 3409 diem
616 3354 817 3409 constituerunt
841 3353 990 3408 solemnem
1011 3351 1152 3422 epularum
1208 3373 1217 3405 ι
1237 3355 1280 3409 isti
1295 3356 1352 3410 dics
1367 3354 1506 3426 epularum
1524 3362 1605 3423 atque
1620 3353 1732 3417 letitiae,
1745 3358 1774 3407 et
1791 3349 1862 3406 mite

361 3464 371 3495 (
393 3454 474 3515 atque
488 3444 599 3500 lacteae.
616 3443 649 3498 lli
668 3458 733 3499 vere
746 3441 832 3499 tuear
847 3442 893 3513 qui
920 3442 947 3496 in
973 3442 1080 3512 oppidis
1100 3458 1153 3496 urm
1209 3465 1218 3497 (
1238 3446 1352 3501 invicem
1362 3446 1483 3500 ciberum
1497 3453 1599 3515 partes,
1612 3451 1640 3499 et
1658 3442 1862 3512 pauperibus*

360 3535 505 3589 «muratis
528 3550 560 3590 ac
580 3533 650 3588 villis
664 3534 841 3588 morabantur
866 3540 994 3603 quartum
1017 3531 1151 3587 decimum
1167 3503 1189 3565 C
1208 3555 1217 3590 (
1235 3537 1406 3609 largirentur.
1426 3537 1662 3607 Susceperuntque
1684 3534 1771 3589 ludaei
1797 3533 1826 3589 ln
1849 3546 1862 3590 t

361 3646 373 3678 (
393 3628 464 3683 diem
489 3627 591 3682 mensis
611 3627 685 3681 Adar
706 3624 891 3682 conviviorum
903 3631 930 3680 et
944 3622 1035 3695 gaudii
1057 3622 1152 3678 decre·
1208 3629 1604 3698 ‹ritum,cuuctaqueeuaeco
1617 3626 1862 3696 tempereiaeerec

362 3736 373 3771 (
389 3726 498 3783 verunt,
510 3717 548 3773 ita
559 3724 589 3772 ut
598 3716 734 3773 exsultent
746 3715 774 3771 in
784 3730 829 3781 eo,
841 3722 868 3771 et
877 3712 987 3768 mittant
996 3712 1047 3782 sibi
1061 3720 1154 3767 mutue
1207 3738 1217 3772 (
1236 3726 1263 3773 et
1273 3733 1332 3788 quae
1342 3717 1527 3773 llardocbaeus
1541 3717 1638 3772 litteris
1651 3716 1776 3773 iaciettda
1790 3730 1862 3772 mant

363 3817 485 3879 «partes
510 3808 650 3879 epularum
679 3815 708 3863 ct
735 3807 867 3863 ciborum.
893 3803 993 3873 rQuid
1017 3805 1154 3875 estquod
1205 3809 1319 3881 Semper
1336 3810 1409 3865 euim
1430 3809 1531 3879 quique
1549 3808 1642 3863 tideies
1670 3808 1716 3878 pio
1741 3805 1836 3862 labere

358 3899 502 3972 Scriptura
532 3908 626 3955 rrarrat
648 3900 780 3971 quosdam
805 3896 960 3954 iudeorum
980 3897 1008 3954 in
1030 3897 1154 3953 bestibus
1204 3904 1341 3972 operibus,
1370 3911 1449 3972 atque
1472 3902 1705 3971 elecmosynarum
1720 3896 1862 3970 largitioni

358 3992 418 4048 suis
433 3990 631 4047 tertiadecima
653 3991 697 4046 die
711 3989 814 4045 mensis
841 3988 915 4043 Adar
938 3985 1154 4043 interiectionem
1206 3995 1258 4049 hoe
1276 3993 1416 4048 desertam
1438 4000 1467 4046 qt
1486 3992 1634 4047 secundum
1653 3989 1678 4043 id
1697 3987 1769 4057 qued
1798 4001 1862 4044 erar

359 4085 535 4151 exercuisse,
548 4091 577 4139 et
596 4083 808 4153 quartadecima
829 4081 873 4137 die
888 4080 993 4137 caedere
1005 4080 1146 4143 desivisse,
1206 4080 1351 4152 apostolica
1358 4081 1479 4136 doctrina
1490 4080 1577 4143 decet,
1587 4078 1705 4147 iide‚spe
1713 4084 1740 4131 et
1750 4073 1862 4131 charitat

359 4184 442 4246 atque
462 4177 534 4231 bane
556 4175 705 4231 solemnem
727 4173 853 4230 babere:
874 4173 1006 4244 quosdam
1023 4186 1087 4227 vere
1107 4186 1156 4241 per
1206 4189 1265 4230 sum
1277 4174 1340 4228 vitm
1352 4183 1461 4228 aeternae
1474 4172 1585 4243 adipisci
1601 4175 1797 4226 mereanturet
1809 4174 1862 4224 tau

360 4270 430 4325 dues
448 4268 516 4336 dics,
528 4269 581 4325 boc
594 4276 646 4334 est,
659 4268 768 4322 tertiam
780 4265 913 4322 decimam
934 4272 1016 4336 atqua
1029 4272 1154 4335 quartam
1206 4266 1287 4321 etiam
1307 4265 1358 4320 sibi
1372 4266 1553 4334 obsequentes
1567 4265 1593 4318 in
1608 4278 1728 4317 sertrmna
1743 4268 1862 4330 pnesertt

359 4361 493 4416 decimam
500 4356 1023 4433 praedietimensisoccisionembestium
1031 4364 1153 4428 agentes,
1205 4356 1369 4413 consolando
1400 4355 1564 4419 consortem,
1597 4354 1635 4407 ita
1663 4361 1692 4407 ut
1719 4367 1768 4420 spe
1800 4365 1862 4422 gaus

359 4451 454 4521 quinta
470 4452 577 4507 decima
589 4452 698 4508 tandem
711 4451 780 4507 diea
795 4448 869 4507 caede
883 4446 1043 4506 abstinendo
1055 4447 1155 4503 selem-
1206 4446 1425 4503 tribulationibus
1450 4447 1505 4500 siut
1530 4446 1684 4515 patientes,
1711 4444 1770 4498 sine
1793 4443 1862 4498 inter

360 4541 435 4597 niter
455 4542 611 4613 quievisse:
627 4542 680 4597 nisi
702 4542 775 4612 qued
799 4540 885 4611 aliqui
903 4546 1073 4605 sanctorum,
1095 4545 1157 4608 pest
1205 4548 1295 4605 orent,
1315 4539 1343 4593 iu
1357 4538 1482 4594 omuibus
1503 4538 1604 4607 gratias
1624 4543 1714 4605 agant,
1730 4542 1759 4589 et
1780 4547 1862 4605 ageret

360 4630 485 4701 impletos
496 4632 604 4688 iabores
618 4647 688 4703 quos
699 4631 727 4686 in
748 4630 859 4687 servitio
871 4629 919 4686 bei
934 4636 1008 4685 reete
1020 4628 1155 4684 eredendo
1206 4630 1258 4699 piis
1278 4629 1404 4698 precibus
1426 4628 1499 4682 tideii
1523 4626 1637 4682 Deeriue
1652 4623 1855 4690 commendent,

359 4730 389 4778 et
400 4723 470 4778 bene
484 4722 599 4778 vivendo
612 4722 799 4793 expieverunt,
810 4720 891 4777 mede
902 4727 968 4773 ante
978 4725 1085 4788 tempus
1096 4716 1156 4771 uni·
1206 4738 1254 4795 pqr
1263 4721 1323 4793 ejus
1333 4737 1411 4792 opem
1424 4729 1524 4775 aeoeqm
1546 4726 1754 4775 remrrrrerenrur
1768 4714 1862 4771 besue

360 4813 579 4884 versatisjueicti
593 4815 621 4870 in
632 4814 759 4870 manibus
773 4812 830 4868 suis
840 4810 1035 4868 sabbatismum
1047 4816 1155 4862 aeterum
1171 4850 1194 4908 ὓ
1245 4831 1254 4862 ι
1272 4809 1359 4865 eman
1372 4809 1446 4864 enim
1461 4808 1532 4863 itlius
1546 4806 1690 4861 ilmadatbi
1702 4804 1796 4875 stirpis
1812 4800 1862 4874 tp

362 4905 462 4975 quietis
485 4904 732 4970 babent,aiiivere
745 4918 831 4971 usque
845 4902 880 4957 ad
896 4899 1020 4954 ultimum
1033 4913 1155 4954 resurrc-
1210 4919 1219 4952 (
1241 4908 1269 4956 et
1295 4899 1468 4955 adversarius
1491 4894 1658 4959 iudaeorum,
1680 4892 1809 4963 cogitavit
1834 4906 1862 4948 et

362 4986 462 5053 etienis
472 4995 544 5050 diem
559 4996 588 5051 in
598 5009 681 5050 carue
694 4993 881 5065 perdurantes,
895 4990 935 5046 sic
945 4989 1081 5059 superatis
1092 4988 1154 5042 uui·
1209 5012 1219 5045 a
1235 4992 1336 5047 malurn
1355 5000 1385 5044 qt
1402 4989 1539 5044 occideret
1561 4987 1629 5049 iiius,
1653 4995 1736 5055 atque
1752 4982 1862 5049 deleret,

361 5088 448 5144 versis
463 5088 596 5155 hostibus,
614 5088 704 5145 subite
726 5101 775 5157 per
795 5084 916 5141 divinam
930 5082 1081 5154 potentiam
1103 5080 1155 5135 im-
1210 5083 1319 5151 «phur,
1342 5080 1414 5149 qued
1430 5086 1521 5133 irestra
1544 5076 1634 5145 lingna
1660 5075 1775 5130 vertitur
1795 5074 1823 5128 iu
1847 5090 1861 5130 s

362 5179 471 5245 rrrutati,
496 5188 626 5236 aetcream
649 5179 768 5250 quietem
785 5184 866 5247 atque
890 5175 998 5230 beatam
1017 5172 1157 5228 immorta·
1210 5196 1219 5225 ι
1242 5182 1335 5244 postea
1349 5172 1471 5242 ingressa
1483 5180 1526 5223 cst
1538 5169 1636 5223 listber
1648 5169 1681 5223 ad
1693 5182 1797 5237 regem,
1811 5165 1862 5221 ebs

362 5271 478 5338 litatem,
492 5282 548 5329 tam
563 5274 591 5329 in
603 5274 745 5329 animabus
761 5286 843 5343 quam
859 5271 941 5327 etiam
956 5268 984 5323 in
996 5265 1156 5337 corporibus
1211 5280 1220 5315 (
1235 5271 1349 5318 conatus
1361 5262 1420 5332 ejus
1435 5260 1534 5314 litteris
1550 5260 1621 5328 regis
1632 5258 1700 5312 irriti
1724 5256 1832 5323 tierent,
1850 5270 1862 5311 ι

363 5362 605 5433 suis,percipiuut,
618 5363 696 5433 Juxta
718 5360 783 5416 iilud
797 5358 919 5432 Apostoli
930 5357 1001 5428 quod
1014 5356 1047 5411 ad
1059 5354 1154 5410 Cerin-
1212 5354 1310 5425 «quod
1333 5361 1426 5408 contra
1450 5349 1558 5406 iudaeos
1581 5350 1748 5420 cogitaverat
1770 5354 1862 5403 reveri

364 5451 436 5509 tbios
458 5452 581 5509 scribens
593 5455 630 5508 ait
645 5472 653 5509 :
671 5472 681 5505 t
703 5453 774 5509 Eece
792 5450 950 5524 mysterium
975 5446 1053 5502 vobis
1074 5445 1153 5502 dice:
1212 5466 1222 5499 (
1241 5453 1322 5516 caput
1334 5443 1403 5515 ejus.
1429 5442 1550 5512 lienique
1564 5450 1593 5496 et
1613 5442 1701 5510 ipsum
1719 5446 1747 5494 et
1759 5436 1862 5507 dlioaep'

362 5557 459 5598 omues
471 5542 579 5611 quidem
594 5558 775 5615 resurgemus,
789 5542 836 5598 sed
856 5556 909 5595 noe
921 5552 1016 5595 omnes
1030 5536 1156 5591 immuta·
1213 5556 1222 5589 ‹
1239 5544 1302 5592 ruut
1312 5535 1397 5591 cruci.
1408 5534 1496 5603 Atque
1507 5548 1540 5587 cx
1551 5533 1732 5599 istetempere
1742 5527 1801 5583 dics
1812 5527 1859 5584 isti

362 5632 462 5688 bimur.
475 5633 503 5688 ln
517 5642 665 5700 memento,
678 5635 705 5689 in
716 5635 770 5690 ictu
781 5632 862 5695 eceli,
875 5632 902 5685 in
913 5628 1060 5685 novissima
1074 5627 1153 5681 turba:
1213 5648 1222 5680 ι
1237 5635 1300 5683 sunt
1307 5627 1427 5698 phurim,
1440 5625 1466 5679 id
1479 5631 1530 5689 cst,
1542 5623 1673 5685 sortium,
1690 5635 1723 5675 ee
1733 5618 1805 5689 qued
1816 5617 1863 5689 pbr

363 5736 442 5783 canet
453 5728 607 5792 enimtuba,
618 5719 1156 5797 etmertuiresurgerrtiecerrupti‚etnqs
1213 5738 1222 5769 (
1240 5734 1310 5782 sors,
1326 5717 1352 5772 in
1367 5732 1462 5771 urnam
1477 5715 1559 5769 missa
1574 5712 1666 5794 luerit.
1687 5730 1697 5763 r
1711 5710 1789 5782 Saepe
1799 5709 1862 5766 enta

362 5818 604 5893 irrrututabimur(i
615 5821 720 5877 (lemur
732 5821 753 5893 i.
771 5841 780 5872 t
797 5818 873 5875 Etad
884 5813 1153 5873 Thessalonicenses:
1208 5811 1363 5867 bominibus
1387 5808 1465 5863 aliter
1477 5823 1555 5863 suum
1573 5803 1713 5876 perveniet
1735 5811 1829 5858 vetem
1846 5817 1862 5873 q

367 5926 378 5960 ι
395 5911 450 5966 iiec
461 5912 544 5978 enim,
559 5912 655 5983 iuquit,
672 5912 749 5968 vebis
762 5912 878 5967 dicimus
890 5908 919 5963 in
935 5906 1019 5963 verbe
1037 5902 1154 5966 bertuini,
1207 5902 1472 5971 evenirespcrarent,
1483 5908 1510 5953 ct
1521 5898 1657 5966 laqueum,
1665 5909 1745 5964 qucut
1760 5894 1795 5951 ad
1808 5892 1861 5950 dec

365 6016 419 6055 non
429 6005 625 6072 preveniemus
641 6020 689 6062 eos
703 6005 749 6075 qui
762 6003 940 6065 dormierunt,
955 5997 1083 6070 quoniam
1099 5995 1156 6066 ipsc
1207 5995 1268 6050 aliis
1280 5995 1436 6063 disponunt,
1450 5991 1499 6063 ipsi
1514 5990 1540 6044 iu
1555 6005 1588 6045 ee
1601 5988 1762 6061 obligentur,
1777 5985 1852 6043 sieut

366 6091 536 6153 noemmin
557 6092 672 6166 iussuet
685 6097 712 6152 in
739 6111 803 6151 voce
819 6090 974 6159 arebanqcii
994 6098 1020 6145 ct
1048 6088 1154 6144 intuba
1210 6086 1327 6143 ostendit
1350 6085 1462 6140 dicens:
1482 6101 1490 6134 (
1507 6082 1535 6137 lu
1550 6080 1655 6137 insidiis
1669 6080 1725 6136 suis
1747 6079 1862 6152 capienti
