4709 6767
362 674 415 732 ers
681 670 710 725 ιι.
731 669 857 726 simtu
875 667 985 726 nsunt
1003 631 1161 724 sucrum.
1181 666 1334 726 noctur.
1353 667 1495 727 orentes
1514 668 1603 726 rins
1619 671 1640 727 ι.
1685 697 1687 702 -
1929 683 1967 742 52,

360 789 405 843 sed
419 787 559 840 oreirrinrit
579 785 608 837 ire
625 783 672 838 riis
687 799 776 852 repam
795 779 892 836 lsrael.
920 778 1034 850 lmrrper
1051 789 1075 834 et
1087 789 1143 834 stn-
1158 783 1181 840 A
1197 777 1224 832 in
1235 776 1374 848 pcrlrdiam
1385 785 1413 834 et
1424 776 1514 834 scelus
1525 777 1682 836 irioloistrine
1694 779 1824 852 delapsos
1836 793 1890 852 esi,
1903 787 1966 858 signi

360 889 420 931 tuoe
433 876 500 946 [odit
514 874 627 928 llooiiru.
648 870 710 943 lpse
725 882 763 927 est
783 872 829 943 qsi
843 870 954 925 adolent
968 871 1102 924 interessem
1118 871 1147 924 in
1197 867 1468 937 srcatlrrrrotiens,qni
1480 883 1514 924 ea
1525 867 1667 925 catholicis
1681 872 1807 940 patribus
1818 889 1966 936 sacramento

360 966 426 1021 nolle
443 964 593 1028 benennon,
604 973 628 1017 et
641 962 762 1016 instravit
776 960 847 1030 filios
859 961 959 1016 eoosirr
971 960 1047 1029 ique,
1065 959 1145 1034 josto
1198 956 1258 1012 lirici
1285 958 1380 1013 imbuti
1402 966 1485 1019 sunt.
1502 959 1549 1014 sed
1568 961 1602 1015 ad
1624 962 1788 1030 apostasiam
1809 965 1965 1036 declinantes,

360 1059 439 1112 ritum
458 1055 583 1127 pentinum,
605 1070 670 1124 quus
684 1052 813 1122 interiecit
833 1048 962 1107 liomirrsi
986 1053 1015 1104 in
1032 1051 1146 1104 oduerrte
1197 1050 1297 1104 cultum
1309 1050 1428 1106 ditinum
1446 1050 1598 1107 simulacris
1608 1067 1730 1108 errorum
1744 1070 1858 1111 suorum
1868 1060 1967 1128 prebere

359 1147 474 1218 filrorom
489 1143 584 1200 lsroei.
594 1143 730 1213 Scriptum
741 1151 783 1198 est
794 1143 821 1197 iu
834 1142 902 1197 libro
919 1141 1021 1213 ueqrnn
1032 1140 1146 1196 delosia
1197 1157 1250 1196 non
1262 1142 1366 1197 timent.
1380 1141 1429 1210 Qui
1443 1140 1561 1198 fructum
1576 1144 1646 1198 uteri
1660 1145 1715 1208 sui,
1730 1146 1781 1202 lroc
1795 1157 1849 1213 cst,
1861 1149 1966 1208 affeetu

359 1252 433 1307 rege,
456 1237 527 1306 quorl
550 1233 775 1290 coritarninurcrit
800 1233 941 1304 Topbetlr,
964 1231 1036 1301 qnod
1054 1241 1096 1286 est
1118 1232 1145 1286 in
1196 1246 1286 1301 pratae
1302 1232 1486 1288 meditationis
1501 1233 1528 1287 in
1552 1233 1615 1304 igne
1635 1235 1686 1290 seli
1701 1237 1819 1293 darnoni
1836 1239 1967 1306 immolari,

359 1328 480 1384 convalle
505 1327 552 1381 ltiii
575 1327 690 1391 Ειιιιοιι,
715 1334 746 1380 ut
767 1339 847 1379 nestro
870 1330 1043 1379 consecraret
1061 1321 1146 1376 silium
1196 1337 1291 1378 omnes
1303 1323 1485 1378 adulterantes
1497 1339 1612 1394 quorum
1635 1340 1710 1380 mens
1727 1326 1806 1396 justa
1826 1333 1968 1388 sententian

358 1433 435 1471 srrrrrn
449 1425 496 1470 ant
509 1415 590 1469 tiliam
605 1415 754 1486 perignem
768 1413 874 1468 lloloclr
888 1430 894 1467 ι
909 1412 1043 1482 frequens
1059 1420 1101 1467 est
1118 1412 1145 1467 in
1197 1412 1273 1469 Oscae
1284 1414 1361 1483 qenai
1378 1412 1496 1469 siilorrrrs
1516 1430 1656 1470 esssemes
1670 1428 1824 1487 oroqserrte
1838 1417 1914 1490 (lires
1923 1423 1968 1492 ιιι).

359 1507 508 1578 Scripturis
522 1507 618 1561 lrorunr
638 1502 882 1567 uretrliolncerurn,
901 1504 1019 1559 ntaxime
1035 1502 1061 1557 in
1076 1502 1146 1557 libro
1196 1501 1315 1556 iliricum
1326 1513 1418 1558 estcor
1432 1519 1534 1569 cornert,
1549 1513 1578 1560 et
1594 1506 1725 1562 Dominus
1738 1509 1885 1582 consciuere
1905 1513 1971 1568 siu·

357 1600 461 1670 lioqum
475 1605 503 1653 et
515 1597 630 1652 ieremia
643 1597 784 1667 propbeta.
804 1595 853 1652 Est
867 1603 958 1652 auum
980 1593 1057 1648 vallis
1074 1593 1145 1650 lieu·
1193 1591 1269 1676 ¹locrn
1279 1609 1379 1658 eorem,
1397 1609 1430 1649 ae
1446 1594 1647 1665 depopulabitur
1661 1615 1721 1653 ores
1741 1616 1835 1655 cerere
1855 1601 1930 1673 (Osee
1942 1606 1970 1674 ri.

356 1705 447 1744 enrron
461 1689 518 1744 sine
532 1687 579 1742 lilii
594 1686 786 1757 denominata
805 1701 912 1742 murum
933 1687 961 1741 in
975 1684 1145 1740 lliernsalern
1196 1682 1248 1748 Qui
1262 1682 1434 1738 sicntlclraz
1450 1684 1563 1754 spoliate
1575 1685 1784 1752 domoliomini‚
1804 1698 1834 1746 et
1847 1692 1926 1747 ἀοιιιο
1941 1709 1973 1750 rr·

357 1790 452 1835 contra
475 1780 628 1844 orientem,
662 1779 689 1833 in
714 1794 767 1848 qna
798 1793 894 1834 ncrnus
915 1777 1145 1847 pulcherrimum,
1196 1788 1259 1845 qum
1282 1783 1310 1830 et
1331 1775 1495 1847 principum,
1510 1778 1655 1851 deditrepi
1676 1781 1851 1853 Assyriorum
1866 1799 1972 1852 munem,

358 1868 438 1924 siloe
460 1867 581 1923 lontibus
603 1867 740 1937 irrigetur.
769 1865 892 1936 Tapbetir
909 1873 1000 1920 autern
1023 1863 1146 1920 sireio
1195 1871 1328 1920 ettamen
1347 1865 1455 1921 ciuilril
1475 1865 1646 1937 proluitrita
1657 1870 1814 1928 istiaorum
1824 1875 1973 1945 sagacisir

356 1961 452 2032 piretu,
462 1969 607 2030 utmmqne
617 1959 688 2014 eninr
702 1958 838 2023 scribitur,
851 1966 912 2012 erat
921 1956 997 2013 loeas
1010 1956 1145 2012 iraeadem
1196 1954 1278 2025 genii,
1292 1965 1320 2012 et
1332 1964 1474 2026 arpentum
1489 1957 1607 2015 mallent
1625 1961 1659 2016 ¹in
1678 1961 1782 2018 celtum
1798 1964 1975 2032 idolorum

356 2048 479 2106 convelle
496 2048 573 2118 juxta
606 2048 740 2119 piscinam
760 2047 891 2114 inbonis,
916 2045 995 2117 coins
1021 2046 1145 2102 rnemirtit
1197 2044 1342 2108 intereant,
1362 2047 1665 2119 AEqyptuminnoeeot,
1687 2059 1716 2107 et
1734 2053 1973 2125 Assyricsedrsrt

357 2142 516 2212 Scriptura;
531 2150 560 2196 ct
576 2140 655 2211 juxta
679 2156 773 2210 agrum
795 2139 971 2208 Aeheldime,
995 2138 1042 2209 qui
1060 2151 1146 2209 nsque
1159 2131 1183 2192 B
1197 2151 1258 2192 curo
1271 2138 1450 2207 potestatibus
1464 2139 1543 2196 lelius
1552 2141 1644 2196 mnndi
1657 2144 1762 2214 protegi
1774 2151 1920 2214 quaeraris
1939 2145 1975 2204 erl

358 2235 617 2289 bodiemoustratur
631 2233 664 2288 ad
677 2232 823 2288 arrstralem
836 2231 941 2304 plagam
953 2231 1054 2289 montis
1068 2229 1144 2286 Sion.
1197 2227 1352 2300 intransitu
1367 2243 1461 2285 eormn
1476 2233 1549 2301 capti
1563 2234 1828 2302 atqueoccisisnnt,
1852 2237 1916 2306 qnia
1934 2251 1976 2292 ι·

360 2328 489 2384 Sciebant
502 2335 591 2382 atrtcrn
605 2326 633 2382 in
646 2325 764 2397 Topbet,
781 2325 844 2395 quia
859 2324 934 2380 locus
945 2331 1004 2380 erat
1017 2323 1147 2384 amoeuis·
1197 2320 1314 2378 ledictns
1333 2330 1377 2378 est
1397 2322 1478 2378 lrouto
1493 2337 1575 2392 super
1585 2325 1760 2395 terramqni
1771 2325 1889 2382 oonddit
1901 2327 1927 2382 ie
1939 2327 1975 2384 be·

361 2420 456 2483 sintne,
479 2420 551 2476 rende
573 2417 707 2488 pridieque
728 2418 868 2474 nortorum
896 2414 999 2485 precbct
1022 2411 1145 2478 delicias,
1196 2417 1269 2470 nrine
1286 2414 1521 2484 etpooltoamem
1549 2414 1733 2472 brechinensi
1753 2432 1769 2472 a
1786 2418 1976 2476 dominororu-

354 2509 500 2580 positaara
521 2507 678 2563 sacriticarc
698 2507 879 2570 daemonibus,
898 2505 1068 2575 neiandoque
1083 2505 1147 2576 igne
1196 2507 1236 2562 dit
1250 2504 1375 2575 eorcjns.

354 2615 419 2655 arros
438 2613 598 2654 consecrare
620 2598 738 2660 liberos,
764 2597 823 2653 sire
838 2596 1023 2652 holocaustum
1035 2593 1144 2651 oll'orrc.
1231 2596 1712 2669 llorrnieitqueririroscssspotriise
1722 2599 1975 2671 seis,etsepeliereet

326 2707 335 2728 ·
355 2691 514 2750 lindenune
527 2689 787 2745 historierlsichae
800 2688 837 2743 lta
851 2696 964 2744 narrat:
977 2685 1039 2757 lpse
1053 2695 1091 2741 eet
1101 2686 1147 2757 qai
1195 2704 1254 2744 esre
1277 2691 1306 2744 ie
1328 2690 1433 2745 ciritme
1446 2689 1625 2756 llieressleer,
1643 2705 1724 2761 reeqse
1743 2691 1817 2745 reite
1839 2701 1974 2762 receperent

354 2781 468 2837 udoleoit
482 2782 615 2836 incensum
626 2780 655 2833 ire
666 2778 733 2834 roiie
744 2777 896 2844 lleeenrsort,
909 2787 934 2831 et
944 2776 1065 2832 iestrorit
1074 2775 1145 2845 filios
1195 2798 1254 2837 eurr
1264 2783 1292 2838 irr
1304 2782 1431 2853 sepulcris
1449 2799 1540 2854 repere
1555 2781 1651 2838 isreel.
1677 2781 1770 2853 licque
1785 2783 1862 2842 enim
1878 2783 1974 2856 dim

355 2889 417 2927 reos
433 2873 463 2927 ie
477 2873 546 2943 ipse.
586 2870 731 2925 benennon
753 2869 885 2938 siqnidem
901 2868 985 2923 fllium
997 2867 1094 2922 Ennon
1109 2867 1146 2923 sl·
1194 2881 1279 2927 estut
1301 2873 1422 2928 baeretici
1445 2872 1603 2928 societatem
1626 2887 1687 2927 cum
1707 2871 1855 2928 catholicis
1872 2873 1976 2928 balent

357 2962 483 3034 quidest,
510 2960 700 3017 callisensem
723 2960 818 3014 Ennon
835 2958 935 3014 dieitur
949 2957 1081 3014 liebraioe
1092 2955 1147 3014 Ge·
1196 2961 1222 3016 in
1238 2960 1327 3017 lutura
1340 2962 1441 3032 quiete,
1462 2960 1508 3033 qui
1520 2960 1563 3016 bic
1580 2961 1730 3030 semperab
1740 2960 1780 3015 eis
1795 2961 1976 3018 dimordsbaei

358 3055 476 3109 lrennorr.
503 3051 586 3122 cuim
604 3051 714 3116 nomine
732 3051 760 3105 in
782 3048 857 3105 Novo
876 3049 1050 3105 Testamento
1065 3061 1145 3119 pepe
1195 3052 1248 3108 lide
1260 3059 1287 3106 et
1298 3052 1516 3108 conversatione.
1535 3050 1687 3108 ¹Undeillnd
1698 3050 1876 3121 subperaous
1890 3049 1975 3120 sapitis

355 3146 506 3203 iulcrornnt
530 3147 653 3218 qehenna
679 3144 896 3216 cognominatur,
928 3143 991 3215 qnia
1016 3143 1145 3198 nimirum
1195 3143 1236 3198 sui
1249 3158 1298 3213 per
1308 3142 1471 3212 Prophetam
1484 3142 1585 3198 dicitnr
1598 3142 1625 3197 in
1639 3141 1763 3212 pmlmo:
1781 3141 1907 3198 boniet
1926 3157 1973 3195 ιι-

356 3237 426 3293 sicui
438 3238 464 3292 iu
479 3236 602 3292 corinello
615 3236 722 3300 Ennon,
736 3236 783 3305 qni
798 3234 876 3289 idolis
889 3234 1050 3294 sersieront,
1068 3232 1095 3288 in
1112 3247 1144 3287 ca
1195 3234 1280 3288 litium
1303 3250 1382 3305 seper
1403 3234 1604 3305 tenentum,-
1623 3235 1791 3304 ieiqeitnterrs
1805 3234 1891 3304 stopie
1907 3245 1973 3302 esee

355 3327 493 3398 propinetis
512 3326 706 3380 attestantibus
720 3324 872 3394 perierunt;
889 3323 925 3378 ita
941 3332 1099 3394 peccatores
1109 3338 1145 3392 ex¹
1195 3325 1265 3397 ioqui
1281 3328 1437 3398 (equitatem.
1451 3325 1574 3381 Dilexisti
1585 3326 1758 3381 omnioeerlo
1769 3323 1972 3397 preeiptuofoe'r

355 3414 397 3470 iris
411 3429 471 3485 qum
481 3421 670 3485 peccarentnt‚
683 3423 784 3468 nterea
800 3413 1143 3483 damnationepuuiuntnr.
1195 3415 1286 3488 linquo
1299 3415 1408 3479 doloso,
1423 3426 1559 3488 propterea
1571 3417 1685 3471 destruet
1709 3425 1735 3471 te
1754 3415 1888 3478 licuisse
1904 3415 1973 3485 iei-

356 3507 477 3577 lienique
491 3505 623 3562 ieremias
634 3521 695 3561 enm
711 3504 825 3560 relerret
844 3506 1006 3576 precepisse
1023 3505 1076 3559 sibi
1091 3473 1179 3560 lio·C
1196 3524 1264 3570 orm,
1279 3506 1370 3562 coellet
1382 3515 1417 3571 te,
1431 3516 1456 3561 rt
1468 3507 1603 3578 emiqrriit
1618 3518 1643 3562 te
1654 3508 1688 3574 de
1703 3507 1876 3565 tabennesio
1890 3517 1970 3573 teeti

354 3596 458 3652 tuioum
473 3610 505 3650 ac
517 3595 619 3650 dixisse
635 3612 643 3649 ε
666 3594 795 3665 lipredere
810 3595 845 3648 od
865 3593 956 3650 roliers
970 3593 1019 3663 filii
1035 3593 1141 3659 Eresos,
1195 3597 1310 3664 redires
1325 3606 1397 3651 tuam
1410 3596 1523 3652 deterre
1537 3597 1676 3653 riormierst
1697 3597 1785 3670 (Psei-
1801 3599 1851 3666 ιι).
1871 3597 1970 3656 llioole

357 3703 415 3758 qur
425 3686 547 3755 caineto
561 3686 696 3741 introitum
713 3695 795 3757 portic
815 3684 917 3755 fictilis,
935 3684 1016 3754 paolo
1028 3691 1091 3755 post
1103 3685 1145 3742 di·
1194 3687 1384 3744 Ecclesiastico
1398 3686 1498 3750 dieitur
1511 3705 1518 3742 s
1533 3685 1653 3744 Perdidit
1675 3687 1748 3746 bees
1766 3691 1921 3744 monadem
1935 3705 1970 3744 n·

356 3781 395 3835 sit
409 3794 417 3834 t
432 3779 465 3834 lit
479 3797 531 3836 rrorr
546 3780 679 3836 recolitur
697 3781 746 3836 ieie
765 3779 837 3836 loces
854 3779 967 3851 emplius
981 3778 1105 3850 Topirstlr,
1119 3789 1144 3834 et
1194 3779 1332 3848 perborum
1365 3785 1388 3832 et
1422 3777 1526 3848 reliquit
1557 3780 1711 3834 memorien
1743 3779 1884 3835 itereiliees
1906 3793 1970 3836 serta

355 3870 432 3925 collis
446 3870 495 3940 filii
509 3871 620 3936 Eneorr,
643 3871 688 3925 srd
706 3870 947 3936 collisoceisiorrie,·
967 3878 993 3925 et
1010 3870 1144 3942 dissipabo
1195 3868 1291 3940 (ilreli.
1308 3871 1347 3940 s).
1594 3922 1596 3925 ,
1774 3915 1778 3924 .

354 3959 574 4016 conettnretooa
591 3969 616 4015 et
633 3959 800 4016 liiertrselere
813 3959 841 4015 irs
855 3959 911 4014 loeo
924 3961 984 4027 bio,
999 3969 1024 4014 et
1036 3961 1143 4016 reiter-
1230 3960 1316 4034 lqiter
1330 3959 1458 4034 Eseririoe
1476 3975 1586 4031 repuore
1604 3960 1679 4028 copis
1693 3977 1755 4014 reas
1767 3961 1861 4032 sipieti
1872 3963 1970 4034 qeieqet

355 4059 409 4104 turn
422 4066 466 4105 eoe
478 4048 568 4120 plodio
579 4048 647 4121 (ier.
662 4049 734 4121 xnr).
754 4049 839 4106 isaias
851 4064 961 4120 quoque
979 4048 1144 4108 manifestis-
1195 4061 1260 4106 esset
1274 4067 1414 4117 sertorem,
1426 4061 1449 4108 ct
1460 4050 1550 4122 sipioti
1565 4053 1743 4110 romensis
1759 4056 1876 4125 repuens
1891 4056 1918 4108 ie
1933 4051 1969 4108 lt·

354 4141 534 4212 simeTopbet
547 4139 817 4211 inieruomappeilat.
839 4140 965 4207 Quicum
983 4147 1144 4212 perpetuum
1195 4141 1310 4198 roseiere
1328 4157 1337 4197 .·
1353 4158 1446 4206 conten
1466 4144 1559 4198 ιιιιιιιιι
1579 4142 1640 4212 ejes
1659 4141 1727 4197 liin
1749 4143 1809 4214 fiiis
1832 4142 1967 4201 tutem

356 4231 455 4288 diaboii
470 4231 608 4287 interitum
623 4229 674 4288 sub
693 4231 802 4287 nomine
820 4231 907 4287 Assur
920 4231 1089 4288 describeret
1102 4231 1145 4287 di·
1194 4230 1273 4308 llnne
1296 4231 1454 4290 Zachariam
1477 4233 1554 4303 enjus
1576 4232 1646 4288 Abia
1669 4242 1758 4290 mater
1778 4235 1905 4292 Eraclia
1927 4235 1969 4292 dit

355 4338 440 4379 cens:
458 4323 550 4378 deese
561 4323 631 4379 eries
645 4322 752 4379 lloreirri
765 4323 865 4393 pereto
885 4322 969 4379 elsarn
989 4323 1061 4395 rirqo
1083 4338 1144 4394 per·
1194 4336 1255 4378 esse
1265 4333 1442 4398 muneretur,
1457 4324 1700 4394 asssmntllsbrsei
1713 4327 1887 4396 postlromurrr
1900 4327 1970 4384 ilion

353 4430 463 4470 sesses:
476 4424 500 4469 et
511 4415 559 4469 crit
571 4415 699 4468 transiisse
709 4414 788 4484 sirpe
802 4413 940 4483 luodotse,
951 4430 1032 4485 qoore
1042 4415 1145 4485 reqsie·
1194 4414 1402 4486 csseZaelrariae
1412 4417 1587 4486 prophetaret
1597 4417 1758 4482 sacerdotis.
1772 4419 1923 4488 quemloes
1934 4431 1968 4475 ret

354 4521 426 4560 scere
438 4505 515 4575 [edet
527 4504 656 4559 bossinus
671 4520 750 4574 snper
768 4520 849 4558 esur:
865 4505 957 4560 statim
967 4506 1102 4575 quomodo
1116 4513 1144 4561 et
1195 4503 1377 4561 interiecerat.
1843 4551 1845 4557 .

353 4595 399 4650 triti
414 4603 487 4650 esset
503 4595 640 4665 perittrrns
659 4596 778 4652 subdidit
797 4596 890 4653 dicens
907 4611 915 4651 s
931 4594 1088 4669 Prrcporoto
1105 4607 1143 4653 est
1230 4593 1354 4665 Fecitqrte
1375 4597 1445 4667 qeod
1464 4607 1519 4652 erat
1540 4597 1666 4669 plocitrne
1684 4602 1714 4656 ιἰι
1725 4613 1865 4672 conspecte
1880 4599 1970 4657 Dostitl

355 4687 423 4740 ruint
437 4685 470 4739 nb
490 4686 546 4740 lrsri
570 4683 687 4756 Yiropiret
702 4703 799 4757 orcpe,
817 4696 985 4759 preparato.
999 4688 1141 4759 profrudo,
1190 4687 1270 4758 josto
1283 4688 1440 4761 omrriaqrroe
1453 4691 1549 4760 iecerat
1565 4690 1650 4746 dauid
1669 4693 1828 4764 poterrjer,
1845 4695 1970 4765 ipseseee

354 4785 378 4828 et
390 4774 502 4830 diletote
516 4774 593 4846 (lsai.
608 4775 685 4846 ans).
701 4775 817 4832 Pulchro
832 4778 871 4831 ait
893 4787 917 4832 et
931 4776 1058 4843 diiototo,
1077 4779 1141 4849 quia
1194 4789 1218 4834 et
1234 4795 1320 4834 mense
1334 4782 1418 4851 primo
1442 4782 1514 4852 repei
1530 4783 1572 4837 sui
1584 4784 1686 4854 apersit
1709 4785 1798 4840 selene
1818 4784 1913 4842 dones
1928 4785 1970 4842 bt·

355 4862 477 4933 Toplretlr
496 4865 596 4920 dieitur
616 4863 738 4919 latitudo.
770 4865 954 4932 detrimento,
969 4867 1067 4937 inquit,
1085 4868 1143 4938 sies
1155 4853 1182 4914 D
1195 4870 1258 4924 mirsi
1269 4910 1278 4935 ,
1291 4879 1317 4924 et
1330 4871 1485 4926 isetesrers't
1505 4889 1560 4928 ese.
1588 4873 1667 4940 Nola,
1688 4873 1783 4942 letior,
1799 4879 1874 4948 qued
1886 4877 1972 4936 &ir

354 4953 441 5021 ipris,
461 4962 484 5007 et
505 4953 577 5023 iipuo
597 4954 680 5007 molto
698 4970 708 5009 .·
726 4955 806 5025 pimus
826 4955 933 5012 liorrirri
952 4957 1020 5012 sicot
1040 4967 1143 5014 torreris
1195 4960 1253 5031 ipso
1268 4975 1341 5016 euno
1362 4970 1389 5016 ot
1411 4978 1505 5018 mense
1523 4964 1699 5036 primoreqni
1717 4967 1759 5022 sui
1772 4966 1907 5026 Ezechiae
1920 4979 1971 5040 sps·

354 5044 488 5115 soiptreris
498 5043 639 5099 succederes
656 5061 725 5100 roes.
753 5043 875 5113 Qualiter
887 5054 978 5102 autem
993 5046 1085 5104 bobas
1097 5063 1143 5106 so·
1195 5055 1282 5107 ruisse
1292 5052 1386 5108 raires
1397 5052 1494 5109 domtrs
1504 5053 1621 5122 vestini,
1636 5065 1665 5112 et
1678 5056 1848 5116 instaurasse
1860 5073 1922 5126 east
1934 5053 1971 5130 trel

355 5140 531 5194 inlernsnam
548 5137 576 5193 in
595 5137 1141 5210 iqnelustraveritostenditiosepbnsita
1194 5142 1268 5198 enim
1285 5143 1364 5202 aliter
1385 5159 1433 5216 per
1452 5147 1542 5214 ompie
1558 5148 1678 5205 imitator
1689 5148 1783 5206 luisset
1798 5151 1886 5210 llarid
1899 5149 1971 5225 patrii

354 5232 466 5285 dicens:
485 5229 592 5284 «Porro
600 5229 717 5285 loathan
734 5232 849 5286 mutant
858 5230 942 5286 ritem
955 5246 1017 5287 eum
1027 5230 1143 5288 risisset
1194 5234 1247 5300 sui,
1267 5236 1314 5304 qui
1334 5238 1369 5292 ab
1382 5235 1495 5293 infantie
1515 5238 1570 5294 lieo
1589 5228 1696 5296 diditus
1716 5241 1743 5297 in
1759 5242 1838 5299 initio
1851 5240 1972 5318 rcqoieel

355 5334 440 5374 arrnos
451 5335 533 5374 nuum
550 5327 578 5374 ot
594 5320 788 5390 quodraginta,
806 5322 950 5392 exquibus
962 5323 1086 5394 regnarit
1098 5335 1143 5378 se-
1195 5326 1296 5382 cuitum
1317 5327 1366 5383 lici
1389 5329 1417 5384 in
1437 5328 1535 5400 popnlo
1550 5329 1632 5386 lsrael
1648 5331 1728 5402 plene
1745 5332 1914 5398 instituebat.
1930 5327 1973 5392 trid

355 5409 480 5464 decimet
494 5409 614 5478 sepultus
625 5418 668 5465 est
681 5413 708 5466 in
722 5412 804 5482 regiis
815 5415 1006 5478 monumentis,
1014 5414 1143 5485 venitque
1192 5416 1277 5471 ritum
1291 5415 1357 5487 legis
1376 5426 1404 5473 ct
1424 5420 1647 5475 ceremoniarum
1666 5420 1743 5490 ejus,
1761 5435 1813 5491 per
1828 5423 1921 5479 ilclrar
1932 5437 1975 5496 pr·

355 5513 467 5568 rcqnnru
483 5496 515 5551 ad
529 5495 587 5564 ejus
601 5497 685 5554 illium
699 5498 800 5554 ileliae.
819 5500 870 5567 Qui
884 5500 983 5572 impios
999 5502 1073 5558 circa
1089 5502 1143 5558 lio·
1193 5517 1263 5563 trem
1285 5523 1363 5564 suum
1383 5510 1513 5565 ebolium
1526 5512 1617 5568 statim
1639 5512 1907 5583 ooepitinstanrarel
1928 5515 1978 5570 Ur

356 5587 459 5643 nitrum
470 5586 601 5650 exissem,
616 5596 644 5642 rt
655 5597 783 5657 premas
794 5589 987 5658 prevaricator
997 5589 1079 5661 teges,
1095 5606 1141 5647 re·
1193 5598 1372 5655 retinerentur
1387 5600 1445 5672 ipsa
1457 5603 1605 5658 riennes
1626 5603 1759 5668 mente,
1781 5618 1816 5659 ac
1836 5605 1980 5660 munster

355 5694 402 5751 qes
412 5676 594 5733 israelitarum
607 5676 747 5744 inuitatus,
763 5677 792 5734 in
804 5678 996 5750 Hierosolymis
1008 5679 1141 5738 idolorum
1193 5687 1221 5743 in
1239 5689 1344 5745 enricum
1371 5690 1466 5747 domm
1488 5692 1535 5748 pet
1555 5695 1684 5751 admones
1705 5703 1826 5752 mm
1842 5697 1983 5754 m,

355 5785 418 5827 arras
430 5769 586 5834 constitnit,
599 5776 628 5824 et
649 5783 732 5839 snper
747 5785 795 5826 eas
814 5770 987 5836 saerillcarit,
1002 5772 1031 5828 iu
1043 5773 1141 5843 quibos
1192 5792 1289 5836 utnon
1305 5782 1464 5854 sinerem
1478 5799 1566 5855 neqm
1578 5786 1689 5842 hebetes
1704 5787 1731 5842 in
1743 5785 1833 5843 cilicie
1849 5787 1905 5844 sibi
1914 5797 1985 5844 eea·

354 5861 437 5916 etiem
457 5875 536 5916 suurn
558 5858 585 5913 in
612 5858 799 5916 holocaustum
820 5860 920 5916 obtulit
940 5861 1044 5931 biom,
1065 5876 1142 5920 moro
1191 5871 1294 5936 misso.
1321 5872 1369 5929 md
1391 5875 1483 5930 omnis
1503 5876 1648 5946 diiigenter
1670 5885 1752 5948 atque
1772 5877 1870 5935 devote
1889 5879 1983 5951 eqaol·

354 5949 579 6018 tiltsnenaoomm,
593 5964 622 6011 et
633 5970 715 6026 snper
727 5955 785 6014 broc
797 5957 882 6013 mulia
900 5957 953 6014 aila
967 5959 1069 6018 soeiere
1079 5973 1142 6031 per·
1192 5959 1268 6020 l'nde
1282 5961 1382 6021 Paulae
1395 5965 1430 6020 ad
1441 5965 1613 6023 Timotheum
1627 5968 1749 6027 scribens
1762 5969 1800 6025 eit
1822 5987 1829 6024 :
1844 5967 1986 6041 ferrifioe'

353 6041 478 6104 trctrstit.
493 6063 504 6098 r
519 6043 640 6120 lienique
652 6045 742 6104 liobae
759 6049 849 6121 quiex
863 6046 935 6114 iusto
949 6057 1027 6119 patre
1039 6050 1138 6118 editus,
1190 6067 1278 6108 rorent
1295 6053 1408 6111 boesirw
1428 6066 1453 6112 st
1474 6055 1576 6116 cinno
1594 6057 1675 6134 lese,
1699 6061 1744 6132 qei
1754 6061 1930 6132 isdicsteres
1944 6061 1980 6116 erl
