4709 6767
342 594 388 651 tts

798 575 974 634 consterit.
995 573 1030 631 tn
1048 573 1328 630 etttttteottunn.
1349 603 1384 615 -
1402 574 1465 629 Llll'.
1486 572 1528 628 lli.

1920 574 1983 629 tto·

339 705 447 767 nster-tio
459 704 590 759 uirtutum
604 709 655 765 est,
668 698 727 753 hnc
744 697 874 753 disceruit
885 696 1016 751 mundum
1031 696 1065 750 ab
1079 695 1130 749 im·
1143 700 1167 759 Α
1182 698 1245 767 quia
1267 698 1324 768 ipse
1346 697 1533 751 uniuersorum
1549 696 1702 752 dominator
1720 707 1773 764 est,
1797 698 1874 754 etesi
1892 702 1976 756 utitur

340 800 448 857 inundo.
464 796 579 852 uirtutes
593 808 608 847 a
621 792 710 857 uitiis3
726 797 753 845 et
766 790 862 845 domtus
873 798 915 845 est
936 789 1087 853 montium,
1104 787 1130 842 id

339 904 390 958 est,
411 862 545 946 habitatio
568 894 740 947 sauctorum,
764 890 791 937 et
814 881 904 935 lrtrctu
927 879 1039 950 justitie
1062 879 1132 933 sieut

340 986 424 1054 pulum
438 978 540 1034 boreus
554 974 676 1029 ascendit
690 972 834 1027 dealitate
847 972 874 1025 iu
888 971 1031 1030 uirtutem,
1047 979 1077 1023 ιιι
1092 969 1133 1022 ui-

339 1078 397 1130 deat
418 1073 504 1127 Deum
516 1069 628 1124 deorum
644 1066 671 1118 iu
693 1062 768 1119 Sion.
792 1063 892 1118 Omnes
905 1062 980 1115 uicus
993 1061 1038 1130 qni
1055 1061 1132 1115 adse

339 1164 508 1236 pertinebant
521 1166 549 1214 et
565 1157 703 1227 quierant
717 1156 819 1222 absque
831 1167 910 1206 ιιιιιιο
924 1151 1037 1204 muniuit
1052 1149 1131 1203 Salo-

339 1271 410 1321 mon,
433 1254 496 1326 quia
511 1250 637 1306 Cirristus
659 1257 746 1302 coetus
767 1244 883 1299 bdelium
906 1257 1016 1297 suorum
1038 1241 1133 1312 gratiae

338 1361 391 1401 suae
403 1344 572 1417 protectione
583 1342 620 1395 ita
631 1338 756 1401 munivit,
771 1344 802 1390 ιιι
815 1335 938 1389 hostibus
947 1333 1132 1404 spiritualibus

338 1451 444 1507 semper
458 1428 653 1504 insuperabiles
668 1429 826 1483 existerent.

370 1527 468 1582 Omnia
488 1536 649 1595 quecunque
663 1518 744 1573 ualuit
762 1514 887 1570 Salomon
901 1524 978 1584 atque
993 1513 1130 1582 disposuit,

338 1621 475 1689 adificanit
494 1610 734 1675 interminamur
755 1611 783 1662 in
803 1607 914 1671 Libana,
932 1616 955 1660 et
970 1607 997 1659 in
1012 1606 1132 1658 urrirersa

337 1726 405 1768 terra
417 1708 553 1781 potestatis
568 1722 633 1760 sate.
658 1701 735 1770 Qttotl
750 1702 794 1756 lrie
809 1700 909 1755 dicitur
921 1700 947 1752 iu
963 1698 1075 1760 Libano,
1091 1696 1132 1751 uel

339 1802 466 1873 itnttplttm
489 1796 625 1869 signifieat
647 1794 719 1863 quod
734 1792 876 1846 cedrorum
892 1789 991 1845 decore
1004 1788 1131 1842 restitum

339 1902 396 1947 erat
408 1890 491 1947 simul
505 1897 533 1944 et
546 1887 606 1942 auri
622 1884 730 1940 laminis
743 1884 770 1937 iu
786 1897 817 1937 en
830 1881 955 1944 conlisis,
968 1878 1047 1948 juxta
1067 1878 1132 1934 illutl

339 1986 407 2054 quod
419 1984 447 2039 in
457 1982 589 2042 Zacharia
601 1980 731 2049 seriptum
744 1986 803 2031 cst:
816 1977 904 2047 Aperi,
921 1975 1028 2040 Liiaue,
1040 1984 1132 2046 portus

1184 788 1217 842 ad
1234 787 1500 852 suamvoluntatem,
1526 789 1551 841 in
1568 788 1646 859 cujus
1667 788 1807 845 uolunate
1828 800 1892 847 snut
1916 796 1976 846 uut-

1182 893 1262 933 uersa
1275 879 1374 947 posita.
1398 878 1477 933 Tales
1498 878 1562 933 lieet
1586 880 1613 934 in
1627 881 1719 935 multis
1732 879 1976 947 adversetrtur,'ta·

1184 987 1246 1026 utcu
1265 971 1422 1040 frequenter
1444 974 1536 1028 usilms
1559 975 1679 1029 seruiunt
1705 974 1842 1041 Ecclesia,
1866 992 1927 1032 eum
1948 979 1975 1032 iu

1183 1065 1310 1133 prasenti
1333 1072 1453 1135 tempure
1477 1070 1629 1123 necessaria
1651 1069 1783 1134 tribmmt,
1798 1070 1873 1125 etde
1895 1072 1976 1127 reluts

1183 1156 1240 1209 suis
1258 1154 1355 1210 solatia
1370 1157 1500 1225 pratum.
1517 1158 1553 1211 lic
1570 1158 1631 1212 liliis
1647 1168 1735 1213 autem
1750 1161 1841 1226 lsrael,
1856 1161 1908 1216 boc
1923 1172 1975 1227 est,

1183 1247 1228 1315 qui
1246 1262 1298 1299 non
1313 1246 1417 1301 aucillae
1434 1246 1479 1302 unt
1495 1255 1569 1312 suut,
1583 1250 1629 1303 sed
1651 1250 1755 1314 liberae,
1771 1267 1840 1319 quus
1856 1252 1913 1321 ipse
1930 1251 1975 1305 t't-

1183 1334 1235 1391 lius
1250 1338 1296 1391 bei
1312 1338 1442 1408 sanguiue
1455 1352 1505 1393 suo
1519 1338 1652 1403 liberauit,
1674 1356 1727 1395 uon
1740 1344 1883 1397 constituit
1897 1344 1975 1397 Satin-

1184 1445 1246 1484 tuun
1272 1440 1365 1484 noster
1387 1432 1490 1486 seruire
1505 1447 1680 1502 qumquam,
1694 1436 1765 1504 quod
1781 1439 1916 1493 nerninem
1931 1455 1976 1494 cn·

1183 1522 1221 1590 git
1239 1522 1292 1575 ritu
1308 1522 1447 1593 gentilium
1462 1524 1564 1588 uiuere,
1588 1525 1723 1579 nemiuem
1737 1530 1914 1583 curcutcuias
1932 1546 1977 1587 ιϊ

1184 1612 1248 1665 teris
1266 1611 1332 1682 legis
1347 1612 1513 1683 temporibus
1528 1613 1595 1668 Novi
1610 1614 1776 1669 Testamenti
1788 1632 1913 1685 seruare;
1928 1622 1976 1675 sed

1183 1702 1256 1755 uiros
1270 1701 1413 1757 bellatores
1424 1718 1492 1767 csse,
1505 1705 1551 1772 qui
1566 1714 1659 1758 eontra
1674 1705 1829 1774 spirituales
1839 1689 1977 1777 'nequitias

1183 1799 1260 1844 seruo
1275 1790 1335 1844 dalei
1351 1800 1378 1845 et
1397 1791 1486 1860 gladio
1500 1791 1618 1862 Spiritus
1631 1793 1776 1860 dimicent,
1791 1804 1819 1850 et
1836 1796 1977 1854 ministras

1183 1897 1247 1936 suos
1260 1881 1330 1947 lieri,
1344 1882 1395 1937 lroc
1407 1891 1458 1949 est,
1474 1884 1589 1954 speciale
1600 1886 1758 1954 obsequium
1780 1886 1807 1939 iu
1822 1886 1901 1941 bouis
1913 1902 1977 1959 ope-

1182 1971 1259 2026 ribus
1273 1971 1324 2026 sibi
1342 1973 1475 2041 praebere,
1489 1981 1516 2027 et
1529 1973 1665 2044 principes
1680 1982 1708 2029 et
1723 1975 1815 2040 duces,
1830 1975 1933 2031 scilieet
1948 1986 1979 2032 ut

339 2085 405 2141 tuas,
418 2082 441 2128 et
455 2071 572 2127 summat
585 2071 653 2141 ipnis
666 2068 756 2124 cedros
769 2077 828 2121 tuas
842 2066 933 2139 (Zarin.
955 2068 1012 2138 ιιι);
1028 2067 1069 2122 uel
1082 2082 1129 2122 ιιι
1146 2060 1169 2121 B
1183 2065 1252 2119 bene
1268 2064 1319 2119 sibi
1341 2066 1535 2135 principentur,
1551 2076 1579 2123 et
1593 2068 1683 2123 carnis
1696 2067 1835 2124 lasciuiam
1854 2071 1976 2139 doment,

340 2175 392 2220 tera
404 2163 519 2220 anneta
534 2163 608 2233 regia
621 2176 681 2231 quae
694 2161 819 2216 similiter
830 2161 910 2231 liguis
922 2160 1040 2215 cedrinis
1055 2175 1069 2213 a
1083 2158 1128 2213 bi-

341 2260 407 2312 tanro
419 2254 509 2310 ductis
520 2252 652 2309 aedideata
667 2261 756 2317 urrann,
777 2263 806 2308 ut
821 2251 871 2306 luit
890 2251 1130 2306 armamentarium

342 2350 432 2403 diurnas
451 2346 537 2403 saltus
553 2344 666 2410 Libani,
688 2354 716 2399 et
737 2344 789 2398 alia
811 2343 948 2398 normulla.
971 2343 1020 2398 Cui
1038 2343 1129 2397 sensui

342 2436 503 2495 concordare
515 2435 622 2490 videtur
641 2434 785 2503 ioseptms,
799 2435 845 2504 qui
864 2436 896 2489 de
913 2433 1034 2489 adificiis
1054 2432 1132 2488 Salo·

343 2530 423 2586 monis
436 2528 528 2583 taliter
541 2524 625 2580 refert
641 2544 646 2579 :
663 2524 774 2579 Difficile
788 2539 904 2594 namque
918 2532 959 2579 est
970 2538 1131 2578 enumerare

342 2620 552 2691 rtragnitndiuem
568 2627 596 2673 et
612 2617 769 2671 uarietatem
790 2615 935 2681 domuum,
954 2614 1131 2684 aulammque

340 2714 478 2787 waliam,
493 2719 593 2781 quauta
605 2719 684 2764 eraut
694 2710 810 2763 maxima
824 2717 852 2763 et
864 2715 964 2778 quanta
979 2707 1074 2761 borum
1088 2706 1130 2761 ln·

337 2801 435 2862 teriora
446 2812 476 2861 et
486 2812 587 2873 quanta
599 2803 649 2858 sub
663 2812 747 2866 terra,
759 2816 819 2871 quae
830 2801 913 2855 rideri
928 2815 982 2854 uon
995 2805 1131 2868 poterant,

334 2907 380 2954 tce
396 2913 456 2953 non
479 2904 507 2951 et
521 2892 749 2965 pulchritudinem
765 2891 926 2946 solariorum
948 2897 975 2945 ct
990 2887 1132 2943 viridario·

330 3000 389 3046 rum
405 3003 470 3061 qua,
483 2995 561 3044 erant
576 2986 644 3041 laeta
660 2984 854 3039 delectabiliter
868 2983 901 3037 ad
916 2990 1064 3052 aspectum,
1078 2995 1132 3051 quo

326 3091 430 3137 exusta
441 3094 557 3149 corpora
571 3084 682 3148 possent
695 3078 728 3130 ab
741 3084 823 3129 aestus
835 3074 932 3128 ardore
945 3070 1076 3142 reingere.
1087 3070 1130 3137 Et,

323 3182 353 3227 ttt
366 3174 502 3230 breuiter
523 3170 623 3236 dicam,
641 3177 724 3223 totam
748 3168 849 3239 regiam
865 3166 973 3222 dornttm
988 3181 1021 3219 ex
1044 3164 1132 3234 lapido

319 3262 401 3331 albo,
424 3271 455 3318 et
469 3262 565 3324 cedro,
578 3270 606 3316 et
620 3275 696 3323 narro,
712 3267 740 3313 et
761 3266 882 3329 argento,
899 3255 1037 3327 splendido
1050 3254 1133 3309 nimis

316 3364 348 3410 et
359 3354 581 3426 opulentissime
592 3350 721 3406 insinuarit
733 3367 739 3403 :
751 3364 875 3405 cameras
884 3357 911 3403 et
923 3349 1039 3419 parietes
1048 3348 1132 3403 uesti-

1182 2155 1239 2208 sive
1256 2162 1287 2208 ιιι
1301 2156 1422 2211 subditos
1435 2156 1486 2211 sibi
1503 2157 1572 2213 bene
1587 2168 1697 2231 regant,
1714 2168 1741 2215 et
1755 2161 1782 2214 iu
1799 2161 1922 2216 semitam
1932 2159 1977 2232 ju·

1181 2244 1263 2299 stitia
1275 2243 1385 2301 ducant.

1218 2333 1314 2389 Omnes
1333 2346 1418 2390 autem
1440 2338 1567 2410 principes
1588 2342 1716 2396 exercitus
1734 2345 1801 2414 repis
1826 2342 1975 2402 Salomonis

1182 2428 1289 2494 {uerunt
1305 2428 1410 2483 dueerrti
1420 2431 1609 2501 quinquaqinta
1621 2434 1826 2504 quierutiieiant
1837 2439 1973 2510 populant.

1182 2516 1294 2572 Constat
1306 2533 1370 2589 erga
1392 2535 1533 2575 numerum
1553 2524 1739 2579 centenarium
1761 2527 1849 2595 quiin
1864 2544 1976 2600 eompu-

1183 2616 1211 2662 to
1225 2609 1368 2679 digitorum
1392 2610 1425 2665 de
1439 2610 1504 2665 larva
1518 2612 1680 2669 transfertur
1697 2615 1725 2669 in
1746 2615 1885 2672 dexteram
1907 2636 1977 2675 trun·

1182 2717 1320 2772 nunquam
1333 2704 1359 2757 in
1375 2702 1523 2775 seripturis
1533 2707 1595 2761 vitae
1608 2709 1726 2765 caelestis
1736 2710 1837 2767 babere
1848 2712 1972 2785 liguram.

1183 2793 1249 2861 Quae
1266 2797 1337 2851 sicut
1360 2797 1454 2852 dextra
1467 2797 1552 2863 laat'ae,
1570 2800 1606 2853 ita
1624 2801 1723 2855 merito
1746 2802 1808 2857 ritae
1832 2803 1975 2874 praesertin

1182 2888 1310 2956 praesenti
1324 2888 1401 2957 eujus
1415 2890 1544 2943 nimirum
1563 2894 1667 2948 nrrrneri
1685 2894 1813 2964 frequens
1832 2896 1859 2950 iu
1878 2896 1979 2954 divinis

1183 2974 1281 3030 litteris
1307 2978 1466 3047 mysterium
1502 2980 1644 3049 reperitur.
1668 2981 1887 3040 AEditicationem
1907 3002 1978 3043 arcer

1183 3066 1469 3124 serenissimorum
1476 3070 1687 3143 conrpleuitquia
1696 3085 1817 3131 sanctam
1828 3078 1979 3136 Ecclesiam

1183 3175 1264 3230 quam
1277 3160 1303 3214 in
1318 3161 1368 3215 buc
1379 3161 1486 3216 interim
1497 3164 1553 3216 vita
1563 3163 1687 3227 eniteat,
1704 3166 1833 3223 Dominus
1844 3169 1872 3223 in
1887 3168 1980 3227 lutura

1183 3250 1315 3321 perficiet.
1326 3252 1443 3306 somna
1455 3255 1613 3309 centenario
1633 3256 1704 3313 tilius
1721 3260 1907 3329 promissionis
1930 3281 1979 3320 na-

1184 3345 1270 3399 scitur
1284 3344 1368 3409 lsane,
1396 3346 1459 3415 qnia
1479 3347 1605 3402 uimintm
1617 3349 1771 3407 benedictio
1797 3353 1976 3419 hereditatis,

315 3450 362 3506 m
379 3462 470 3511 aum,
487 3455 524 3510 et,
545 3444 680 3516 quomodo
695 3443 742 3497 Dei
763 3442 900 3512 templum,
917 3440 1132 3511 resplendentem
1146 3419 1169 3482 C
1185 3449 1245 3506 quae
1255 3435 1281 3489 in
1303 3436 1405 3491 semiue
1416 3436 1474 3504 ejus
1487 3439 1613 3493 omnibus
1627 3438 1736 3497 familiis
1751 3450 1830 3500 terrm
1843 3449 1980 3515 proruitti-

315 3539 472 3596 extribuit.
489 3536 598 3606 llysriee
610 3543 699 3588 autem
713 3534 803 3587 orrtnia
816 3548 877 3603 quae
896 3531 1021 3586 Salomon
1042 3538 1134 3586 noster

318 3631 420 3686 toluit
433 3637 519 3697 atque
530 3626 674 3695 disposuit,
691 3622 834 3679 aedificavit
849 3623 876 3676 iu
887 3621 1053 3685 ierusalem,
1067 3631 1095 3675 et
1107 3622 1133 3675 in

316 3714 453 3784 Libano,
475 3724 504 3771 et
525 3716 551 3770 iu
575 3715 700 3770 uniuersa
724 3723 796 3769 terra
818 3714 961 3784 potestatis
983 3728 1048 3777 suae,
1072 3713 1135 3782 quia

318 3813 429 3869 omnia
456 3809 486 3863 in
509 3806 663 3862 caelestibus
685 3815 767 3877 atque
792 3805 966 3860 terrestribus
988 3805 1135 3859 secuudum

321 3914 434 3960 uutnrn
452 3901 570 3972 propria
582 3900 730 3955 ruitantatis
751 3899 869 3968 disponit
892 3905 973 3969 atque
987 3884 1135 3967 dispensat,

322 3989 360 4049 tle
379 4008 446 4064 quo
470 3991 499 4044 iu
521 3989 626 4044 Psalruo
641 3989 844 4058 scriptumest:
866 3986 962 4041 Omnia
978 4003 1137 4058 quecumque

322 4087 415 4141 anan
430 4082 562 4136 Dnrrrians
576 4080 635 4151 ierit
650 4082 676 4133 in
690 4078 752 4133 coelo
766 4090 789 4133 et
810 4081 837 4133 iu
854 4088 932 4143 terra,
948 4080 976 4133 in
991 4080 1058 4132 mari
1073 4087 1097 4131 et
1111 4078 1136 4131 in

325 4177 462 4233 omnibus
475 4173 574 4243 aipssis
589 4170 675 4245 (Psoi.
687 4172 808 4242 cxxxiv),
823 4187 873 4225 nec
887 4170 986 4239 estqui
999 4168 1085 4238 possit
1098 4183 1134 4223 re·

325 4268 439 4327 sistere
460 4265 592 4320 uoluntati
614 4263 687 4333 ejus,
712 4264 775 4333 quia
798 4262 928 4317 Dominus
950 4261 1139 4314 ttuit'ersorum

327 4356 390 4429 lpse
410 4368 469 4424 est,
493 4365 520 4412 et
534 4358 560 4412 in
579 4356 687 4412 nomine
700 4354 759 4425 ejus
771 4354 888 4409 flectitur
902 4367 981 4406 omne
1001 4366 1068 4423 genu
1085 4363 1140 4404 ιιι-

328 4444 466 4515 lessinm,
491 4448 671 4510 terrestrium,
696 4457 778 4515 atque
801 4444 978 4505 iulernorum,
1001 4449 1029 4495 et
1051 4440 1140 4495 ornnis

328 4535 432 4615 bagua
456 4536 612 4602 cantitetur,
637 4537 700 4607 quin
725 4536 854 4590 bantinus
875 4533 953 4589 lesus
967 4533 1089 4588 Christus
1112 4532 1140 4586 in

330 4632 424 4701 torta
442 4636 486 4685 est
501 4629 548 4684 bet
568 4629 656 4683 Patris
671 4625 781 4701 (Philip.
799 4627 840 4694 ιι).
862 4626 995 4696 liegtrabit
1017 4626 1042 4678 iu
1062 4634 1140 4678 aner·

331 4738 401 4783 nurn
416 4732 449 4780 et
464 4722 494 4777 in
509 4721 636 4777 saeculum
649 4729 676 4776 et
688 4720 785 4788 adbuc,
800 4727 827 4773 et
840 4718 915 4789 requi
938 4717 996 4787 ejus
1018 4732 1071 4770 non
1089 4715 1141 4769 erit

331 4815 410 4876 bats.

369 4912 493 4967 Omnem
512 4907 635 4980 populum
655 4907 700 4977 qtti
715 4906 854 4960 derelictus
876 4904 962 4974 suerat
977 4904 1009 4958 de
1022 4901 1141 4957 lletlrais

334 5007 358 5050 et
371 5000 553 5063 Amorrltoeis,
568 5008 629 5063 ete,
643 4998 688 5068 pati
701 5014 751 5051 non
764 5005 839 5051 erant
851 4996 882 5050 de
894 4997 974 5066 stirpe
987 4993 1071 5048 lsrael
1084 5008 1092 5044 :
1108 4993 1141 5047 de

336 5088 515 5152 titanorum
535 5091 606 5145 etde
622 5092 732 5160 posteris
745 5108 810 5161 quos
829 5106 880 5144 nort
894 5089 1076 5159 interfecerant
1090 5085 1141 5156 filii

337 5174 450 5246 tat-aet,
472 5181 620 5251 suljupauit
643 5179 768 5235 Salomon
791 5182 819 5234 in
841 5181 994 5235 tributarios
1018 5180 1142 5251 usquein

337 5267 411 5327 diem
427 5270 507 5324 tanc.
521 5266 607 5323 Porro
619 5269 653 5324 'de
667 5270 730 5339 filiis
747 5269 831 5325 lsrael
845 5287 896 5325 nau
913 5272 998 5341 posuit
1014 5280 1042 5322 ut
1060 5269 1141 5323 serni-

338 5360 539 5431 repromittas
555 5359 639 5431 repis;
657 5361 707 5431 ipsi
721 5362 788 5415 etnim
804 5370 878 5415 erant
891 5359 940 5414 oiri
956 5358 1103 5424 bellatores,
1117 5367 1142 5413 et

338 5454 423 5510 trimi
436 5449 526 5518 dures,
537 5462 562 5505 et
574 5454 702 5524 principes
713 5454 901 5525 quadriparnm
913 5462 936 5506 et
949 5454 1063 5519 equitant
1074 5452 1142 5522 eins.

341 5534 514 5603 Universum
537 5547 665 5615 populum
687 5548 732 5620 qul
757 5564 809 5603 nou
828 5547 909 5602 luerit
932 5550 965 5603 de
985 5548 1047 5603 liliis
1063 5547 1144 5602 lsrael

340 5628 411 5695 tacta
431 5636 564 5707 partums
588 5647 681 5694 noster
702 5641 868 5706 tributarios,
890 5655 950 5694 eum
966 5641 1072 5710 eosqui
1090 5655 1143 5695 uon

339 5730 409 5783 sunt
427 5727 457 5781 in
472 5725 590 5782 illiorum
613 5744 739 5795 narnuero,
762 5732 809 5785 sed
833 5732 860 5785 lu
886 5731 975 5786 seruili
991 5731 1144 5786 eorrditionc

338 5815 442 5881 dositi,
458 5815 485 5870 in
501 5825 636 5886 potestate
654 5835 702 5873 sua
724 5821 852 5884 eontinet,
877 5831 904 5875 ct
926 5821 1039 5892 singulis
1059 5821 1144 5876 utitur

340 5902 380 5958 ad
401 5906 546 5979 proprium
561 5909 713 5964 seruitium.
729 5909 793 5967 Siue
804 5911 877 5965 enirn
892 5910 987 5977 ludaei,
1005 5912 1061 5967 siue
1083 5925 1145 5985 pen-

343 5992 424 6065 stles.
448 5999 506 6056 sire
524 6000 655 6071 nantia,
672 6004 699 6058 in
713 6002 770 6075 ejus
781 6005 964 6063 dominatione
981 6007 1143 6077 eorrsistunt,

1186 3535 1240 3591 tur,
1253 3527 1280 3581 in
1294 3526 1384 3582 lutura
1395 3528 1498 3583 caelesti
1510 3530 1596 3599 patria
1611 3531 1748 3587 reddetur.
1765 3532 1879 3590 Centum
1891 3553 1979 3595 auitos

1183 3620 1375 3688 peregrinatur
1388 3620 1445 3689 ipse
1468 3621 1580 3675 interra
1606 3626 1837 3693 repromissionis,
1854 3630 1916 3699 qnia
1933 3630 1982 3700 qui

1186 3710 1234 3764 lilii
1246 3712 1360 3766 Abrabae
1372 3727 1421 3782 per
1431 3712 1511 3768 iidem
1522 3706 1662 3782 efficimur,
1678 3718 1704 3771 in
1721 3733 1768 3789 spe
1785 3736 1908 3790 supernae
1926 3723 1981 3777 bar·

1187 3802 1310 3857 reditatis
1328 3803 1457 3858 debemus
1477 3806 1649 3875 peregrinam
1665 3808 1691 3861 in
1711 3812 1838 3877 praseae
1861 3812 1982 3868 Ecclesia

1188 3891 1287 3947 ducere
1301 3894 1394 3947 vitam.
1409 3893 1484 3948 Serit
1497 3894 1569 3951 lsaae
1584 3897 1611 3950 in
1624 3896 1744 3966 Geraris,
1760 3902 1831 3971 quod
1845 3903 1982 3974 iuterpre-

1189 3990 1262 4037 tatur
1273 3984 1415 4050 incolatus,
1436 3996 1463 4040 et
1473 3986 1576 4040 inuenit
1588 3988 1646 4056 ipso
1656 4004 1726 4043 :irruo
1738 3992 1902 4059 centuplum,
1918 3995 1983 4064 quia

1189 4088 1357 4142 quaeeunque
1391 4073 1437 4129 tilii
1449 4076 1638 4146 promissionis
1647 4078 1672 4131 iu
1682 4079 1732 4133 bae
1744 4080 1798 4134 rita
1810 4082 1984 4151 peregrinan-

1191 4173 1232 4219 tes
1242 4166 1310 4220 boua
1331 4180 1485 4235 operamur,
1504 4182 1567 4220 moa
1586 4171 1687 4239 egressi
1708 4171 1741 4225 de
1753 4186 1868 4241 corpore
1883 4173 1910 4226 iu
1924 4187 1981 4231 cee-

1190 4254 1250 4310 lesti
1265 4258 1319 4310 uita
1331 4257 1504 4327 recipiemus.

1226 4346 1315 4418 lnqua
1331 4346 1417 4417 ligura
1431 4356 1459 4403 et
1471 4362 1564 4404 semen
1579 4352 1725 4422 euarrgeliei
1741 4355 1886 4421 sermonis,
1910 4357 1985 4427 qnod

1192 4440 1219 4493 in
1238 4440 1337 4495 bonam
1345 4447 1445 4494 terram
1456 4440 1564 4506 cecidit,
1576 4453 1699 4498 exortum
1715 4445 1778 4501 lecit
1792 4445 1910 4503 tractum
1922 4464 1986 4505 eeu·

1193 4532 1305 4600 turpium,
1319 4533 1382 4601 quia
1398 4534 1444 4602 qui
1459 4537 1617 4604 temporalia
1632 4538 1702 4592 bona
1720 4549 1831 4611 propter
1845 4541 1985 4599 Christum

1192 4634 1219 4681 et
1229 4635 1339 4695 propter
1351 4628 1541 4699 Euangelicum
1557 4632 1694 4702 relinquit,
1707 4645 1862 4707 centuptum
1884 4640 1986 4711 accipit

1194 4719 1221 4771 iu
1233 4719 1369 4788 prasenti,
1380 4729 1407 4775 et
1421 4722 1448 4775 iu
1469 4724 1568 4779 saeculo
1579 4723 1668 4781 lutum
1692 4729 1776 4784 uitam
1793 4741 1934 4801 aeternam,
1959 4733 1987 4789 id

1193 4818 1246 4873 est,
1270 4812 1396 4881 gaudium
1422 4811 1547 4869 fraternae
1562 4817 1699 4873 societatis
1721 4836 1794 4876 nunc
1814 4822 1840 4876 in
1860 4838 1908 4892 spe
1924 4824 1987 4880 vtae

1193 4902 1323 4967 caelestis,
1344 4911 1371 4957 et
1387 4913 1450 4960 tuuc
1465 4906 1491 4960 ia
1514 4922 1543 4962 re
1558 4908 1642 4977 ipsam
1657 4910 1739 4964 uitam
1758 4913 1833 4982 regui
1853 4914 1983 4971 caelestis.

1193 4993 1444 5064 Quinquageuarius
1456 5009 1659 5067 erganumerus
1680 4987 1866 5058 remissionem
1884 5018 1983 5073 pecca·

1194 5092 1294 5147 torum,
1314 5092 1342 5137 et
1365 5085 1486 5154 requiem
1505 5095 1646 5154 aeterumu,
1670 5106 1702 5144 ac
1728 5093 1842 5162 gratiam
1868 5092 1987 5163 Spiritus

1196 5177 1281 5229 sancti
1309 5176 1443 5245 signifieat
1460 5195 1466 5230 :
1481 5178 1543 5248 quia
1560 5180 1586 5233 in
1612 5181 1715 5250 psalmo
1740 5184 1861 5253 ejatsdcm
1881 5189 1988 5244 ratameri

1196 5266 1364 5334 poerritcutia,
1379 5267 1524 5335 consessio,
1538 5279 1565 5324 et
1579 5273 1704 5328 remissio
1718 5275 1850 5347 descripta
1866 5287 1908 5333 est
1922 5295 1985 5348 pec-

1196 5362 1329 5422 catorum,
1356 5365 1382 5411 et
1396 5373 1445 5427 per
1455 5358 1594 5426 J'ubilaeum
1624 5366 1732 5435 requies
1755 5365 1844 5423 lutura
1869 5372 1987 5441 expleta,

1196 5456 1277 5516 atque
1292 5464 1341 5517 per
1358 5446 1540 5509 Pentecosten
1557 5455 1582 5508 iu
1598 5458 1714 5513 aalueutu
1730 5458 1849 5532 Spiritus
1862 5463 1987 5535 paracliti

1194 5536 1360 5607 septiformis
1372 5542 1459 5611 gratia
1478 5553 1518 5598 est
1534 5560 1671 5615 expressa.
1692 5548 1839 5606 Cotrstituit
1854 5569 1919 5625 ergo
1935 5552 1989 5622 Sag

1195 5633 1284 5688 lumon
1297 5644 1390 5689 noster
1405 5637 1535 5694 titreentas
1549 5643 1744 5714 quinquaginta
1756 5646 1893 5717 principes
1906 5660 1987 5715 super

1195 5737 1279 5785 toturn
1291 5732 1442 5787 exercitum
1458 5750 1547 5800 suum,
1565 5727 1670 5805 quiucu
1686 5747 1800 5807 utroque
1815 5737 1912 5807 papula
1932 5736 1987 5792 ele-

1198 5824 1235 5894 git
1246 5831 1369 5893 pastores
1380 5831 1460 5895 atque
1472 5836 1590 5881 rectores
1602 5828 1741 5895 Ecclesiae,
1755 5829 1798 5898 qm
1811 5842 1859 5897 per·
1871 5828 1987 5898 gratiam

1200 5913 1318 5984 Spiritus
1333 5921 1420 5970 sancti
1436 5916 1578 5972 illuminati
1590 5928 1670 5990 aitque
1683 5919 1761 5990 plene
1779 5917 1879 5983 ealoeti,
1892 5918 1991 5974 remis·

1199 6009 1303 6065 sionem
1317 6018 1490 6080 peecatomm
1503 6011 1710 6082 impetrandam,
1725 6011 1863 6081 uitamque
1879 6019 1988 6068 aeterne
