4709 6767
322 619 367 676 tsi
776 619 951 675 corrasus.
972 618 1006 675 lN
1025 618 1305 677 ranasrrohun's.
1325 652 1361 662 -
1380 622 1443 677 ltu.
1462 622 1503 678 ΙΙΙ.
1896 634 1948 693 ⁴¹5⁸

318 731 444 804 implerit.
459 731 488 787 hs
502 748 557 803 arro
568 733 653 804 ligium
665 735 867 802 exprimebatur
880 742 1047 798 sanctorum,
1059 733 1106 801 qui
1119 737 1145 795 Α
1158 732 1250 802 templi
1264 734 1388 788 doctores
1407 744 1468 789 sunt
1483 742 1569 788 sancti
1585 749 1616 788 ae
1637 737 1807 806 sacerdotes,
1835 742 1880 810 arri
1903 745 1947 800 in·

317 822 387 887 duln,
397 821 530 893 neglectis
538 823 726 892 temporalium
733 837 825 876 rerum
835 823 1039 892 cupiditatibus,
1051 831 1108 877 tota
1161 822 1300 888 struendo,
1313 824 1487 892 baptizando,
1501 825 1724 882 communicando
1735 827 1868 885 Doruiaici
1887 847 1950 888 cor-

316 913 464 971 'tuteutioue
485 914 610 969 caelestia
634 923 767 985 querunt,
782 914 857 969 relat
871 915 943 969 intus
967 914 994 968 in
1010 914 1107 968 ricinia
1159 912 1234 983 poris
1246 922 1274 967 ct
1294 914 1434 984 sanguinis
1448 915 1595 984 mysteria,
1618 915 1705 984 prima
1720 919 1797 974 nohis
1821 920 1951 980 Ecclesiae

314 1006 414 1061 oraculi
428 1012 492 1060 sunt
502 1006 595 1076 positi,
613 1021 664 1060 nec
678 1006 757 1075 longe
771 1017 835 1062 sunt
846 1006 942 1060 remoti
953 1021 968 1059 a
980 1005 1042 1060 rclo
1055 1021 1109 1075 quo
1159 1005 1550 1076 praescntislimlnapaudunt;
1562 1007 1763 1076 quidcardincs
1774 1021 1951 1087 utrorumque

315 1097 442 1168 templum
468 1107 496 1153 et
522 1106 616 1152 sancta
640 1107 797 1153 sanctorum
819 1098 985 1153 dirimuntur
1008 1116 1015 1152 ε
1044 1100 1107 1169 qrria

313 1203 425 1259 corpore
438 1196 543 1242 mutum
556 1195 657 1242 terram
670 1188 801 1251 incolunt,
816 1198 944 1243 caeterum
958 1189 1107 1244 secundum

313 1279 468 1334 interiorem
483 1279 620 1334 hominem
632 1286 716 1333 totam
724 1279 824 1334 habeut
835 1280 1067 1334 conversationem
1079 1281 1105 1335 in

311 1372 396 1427 ciclis.
411 1372 594 1441 ¹lscenditque
606 1371 640 1425 ab
650 1372 805 1441 hujusmodi
821 1371 899 1425 altari
912 1372 1001 1427 lamus
1013 1373 1106 1427 inccn-

310 1477 401 1517 sorum
412 1462 483 1515 intra
493 1456 591 1516 sancta'
599 1469 766 1526 sanctorum,
774 1463 820 1516 ubi
832 1477 894 1516 arca
905 1471 947 1516 est
955 1463 1104 1529 recondita,

308 1570 369 1609 cunr
381 1555 520 1608 orationes
531 1562 688 1608 sanctorum
699 1552 807 1608 ilamrna
823 1554 966 1609 charitatis
980 1555 1104 1609 excitatae

309 1645 341 1700 sd
354 1643 457 1698 coelum
472 1659 558 1714 usque
571 1645 742 1713 perveniunt,
757 1644 801 1697 uhi
812 1643 936 1699 Christus
951 1655 988 1699 est
1000 1646 1026 1699 in
1041 1646 1104 1699 der»

307 1745 362 1790 tero
375 1733 426 1788 nes
439 1734 533 1789 sedens
544 1733 612 1805 (Col.
627 1737 680 1806 ιιι).
696 1736 755 1790 b'on
766 1735 839 1790 enim
852 1737 877 1790 in
891 1738 942 1792 hoc
953 1737 1030 1791 altari
1044 1753 1105 1793 san-

306 1825 366 1895 guis
390 1825 566 1890 hostiarum,
592 1825 639 1880 sed
663 1826 927 1897 thymiamaterium
948 1827 1104 1882 incenditur

307 1915 406 1987 (Esou.
428 1914 534 1987 xxxva)
556 1930 564 1969 :
588 1917 651 1986 quia
677 1917 744 1972 tales
757 1917 808 1971 viri
824 1932 877 1972 non
897 1918 997 1974 habent
1019 1934 1102 1989 opera

305 2007 398 2060 carinis
412 2014 441 2060 et
464 2006 615 2077 sanguinis,
640 2022 700 2077 quac
716 2009 743 2062 iu
764 2023 811 2062 ara
836 2009 878 2063 sui
893 2011 983 2065 cordis
1003 2010 1100 2064 immo-

1159 1096 1301 1161 estiorum,
1315 1096 1366 1150 alsi
1378 1112 1474 1152 sensus
1487 1106 1515 1151 et
1526 1099 1609 1152 corda
1621 1108 1685 1153 sunt
1698 1103 1855 1157 corrrurdcm
1868 1121 1951 1176 ange.

1158 1184 1257 1249 larunt,
1270 1185 1327 1239 sire
1338 1185 1478 1239 homiuum
1490 1196 1657 1253 sauctorum,
1667 1189 1764 1257 quibus
1777 1192 1951 1251 immobiliter

1157 1275 1379 1344 contemplationi
1390 1291 1422 1332 ac
1434 1277 1571 1332 dilectioni
1585 1280 1626 1334 sui
1642 1282 1789 1337 conditoris
1800 1285 1948 1352 uilliconum,

1156 1373 1187 1418 ut
1203 1381 1236 1420 co
1259 1367 1440 1422 ministerium
1469 1369 1599 1423 divinitus
1621 1371 1672 1424 sibi
1695 1372 1848 1443 delegatum
1877 1387 1950 1431 rectc

1156 1458 1323 1529 consideant,
1347 1476 1401 1530 quo
1425 1462 1594 1517 aroluutate
1618 1464 1948 1536 illius,cuin1inistrant,

1156 1563 1293 1616 nunquam
1308 1550 1402 1604 ocrrlos
1414 1553 1555 1606 avertant?
1572 1553 1739 1622 Aperiantur
1749 1559 1821 1612 enim
1833 1571 1862 1614 ot
1875 1562 1947 1616 clau-

1156 1637 1257 1691 duntur
1270 1639 1339 1693 ostia
1356 1654 1475 1710 congruo
1490 1648 1621 1712 tempore,
1638 1646 1684 1699 sed
1704 1647 1777 1702 nrrllo
1792 1665 1870 1704 suam
1890 1668 1943 1708 car·

1155 1728 1247 1782 dinem
1275 1739 1396 1800 tempore
1419 1734 1564 1800 deserunt,
1592 1737 1655 1805 qiria
1678 1739 1765 1808 angeli
1781 1750 1808 1794 ot
1825 1742 1949 1799 hominos

1155 1821 1262 1885 sancti,
1289 1822 1347 1877 sire
1369 1824 1395 1877 ln
1410 1825 1479 1879 hanc
1492 1826 1574 1880 ritant
1590 1828 1662 1893 lliloi,
1686 1846 1734 1910 scu
1759 1831 1785 1884 in
1801 1833 1873 1889 illam
1890 1837 1947 1906 spei

1155 1909 1247 1965 lidcles
1269 1921 1351 1980 atque
1366 1913 1466 1969 clectos
1479 1917 1639 1985 suscipiant,
1656 1932 1763 1988 scrupea
1776 1922 1897 1977 animum
1919 1926 1946 1979 iu

1155 2002 1246 2057 radice
1260 2013 1369 2060 aeternae
1390 2006 1542 2063 dilectionis
1556 2010 1638 2064 linum
1663 2021 1765 2066 transeat·
1784 2014 1860 2070 Unde
1879 2017 1948 2072 hone

306 2096 393 2152 anses
403 2097 519 2152 pomino
530 2105 661 2162 macram,
677 2099 725 2154 sea
736 2098 906 2154 501u1n1n0a0
919 2099 1100 2171 lacrymarum
1115 2092 1138 2150 Ii
1154 2091 1234 2147 iidem
1243 2096 1369 2152 cardines
1378 2113 1411 2152 er
1423 2114 1489 2153 auro
1499 2115 1559 2154 csse
1568 2098 1632 2156 lacti
1644 2104 1830 2171 perhibentur,
1838 2117 1948 2178 primter

307 2196 332 2242 et
341 2188 477 2244 orationis
491 2189 516 2242 ei
532 2197 594 2243 rota
608 2204 658 2259 pro
670 2189 805 2243 desiderio
818 2189 894 2259 regul
907 2190 1025 2245 coelcstis
1035 2191 1100 2246 olic-

306 2288 376 2334 nrnt.
393 2279 472 2335 Fecit
497 2295 604 2350 quoque
627 2280 754 2336 Salomon
775 2290 802 2336 et
828 2282 914 2337 altare
936 2298 1041 2337 terreum
1065 2285 1100 2338 ad

306 2369 463 2425 holocausta
485 2379 513 2425 et
536 2370 683 2436 sacrilleia,
699 2372 777 2442 cujus
794 2370 899 2427 lactura
922 2382 950 2426 et
970 2374 1099 2444 mysteria

306 2461 429 2532 saperius
438 2462 498 2531 jam
511 2462 634 2532 exposita
651 2472 724 2528 sunt,
738 2463 809 2517 sicut
824 2473 849 2517 et
864 2479 898 2518 es
909 2479 1099 2520 mensurarum

307 2551 514 2623 significatione.
526 2552 593 2609 Cum
608 2562 699 2609 autem
715 2555 747 2608 de
763 2554 926 2612 candelabro
939 2571 1000 2611 curm
1012 2557 1100 2612 lucer·

307 2642 341 2697 nis
355 2643 415 2698 suis
438 2640 512 2697 iacto
535 2651 564 2698 et
585 2642 706 2698 colorato
730 2652 793 2698 ιιιῑο
807 2645 947 2700 oraculum
970 2647 1097 2713 dixisset,

308 2733 428 2802 sihuuxit
443 2749 451 2788 ε
465 2734 501 2788 m
511 2735 634 2804 florentia
643 2735 806 2806 quadarnad
822 2735 942 2792 lucernas
952 2748 978 2792 et
988 2739 1099 2810 forcipes

1152 2182 1277 2239 uidelicet
1291 2188 1334 2241 rol
1353 2189 1480 2243 meritum
1504 2193 1620 2261 propriae
1644 2193 1787 2260 claritatis,
1802 2197 1844 2251 rcl
1859 2198 1947 2264 illius,

1151 2290 1231 2344 quarn
1243 2278 1342 2334 habent
1354 2281 1379 2334 in
1393 2281 1487 2348 baum,
1503 2285 1655 2340 charitatis.
1670 2287 1746 2353 Quod
1763 2298 1855 2344 autem
1869 2291 1946 2358 dicit,

1150 2368 1220 2422 ostia
1237 2385 1298 2425 esse
1317 2372 1410 2427 calata
1426 2383 1479 2428 tarn
1497 2377 1635 2433 interioris
1655 2380 1752 2434 danius
1769 2397 1850 2449 quam
1864 2384 1947 2440 ctiam

1152 2460 1306 2524 exterioris,
1321 2463 1456 2531 significat
1472 2467 1543 2534 qriod
1555 2482 1608 2519 ιιοιι
1621 2467 1707 2521 solum
1719 2470 1847 2539 angelicae
1864 2473 1947 2527 rintu-

1152 2551 1203 2608 tes,
1217 2546 1264 2600 sed
1274 2547 1356 2600 ctiam
1368 2549 1523 2603 sanctabci
1533 2550 1660 2607 Ecclesiae
1673 2554 1798 2610 doctores
1808 2559 1944 2615 rariacum

1151 2633 1281 2688 uirtutum
1297 2637 1394 2691 decore
1416 2650 1480 2693 suut
1496 2640 1677 2709 honorabiles,
1695 2646 1769 2699 etad
1783 2647 1944 2704 inritandam

1150 2725 1230 2780 nohis
1253 2725 1386 2782 salubres.
1412 2728 1571 2800 Quicunque
1594 2733 1667 2788 enirn
1688 2750 1782 2790 corum
1800 2738 1892 2793 decori
1916 2739 1945 2794 in

311 2843 423 2888 osseos:
452 2828 542 2881 ontnia
555 2827 588 2881 de
602 2843 668 2882 aura
683 2828 854 2883 mundissimo
866 2829 936 2898 [acta
951 2843 1020 2886 sunt.
1039 2831 1100 2888 Flo·
1147 2813 1264 2883 lllssffllih
1280 2819 1436 2885 ὃᾶῐῑῡῑὶῑῢῑθι
1459 2829 1487 2874 θῑ
1505 2823 1620 2879 vernale
1642 2840 1690 2894 por
1702 2825 1804 2893 filleffis
1827 2844 1902 2898 Sl)em
1917 2838 1946 2886 ⁰²

309 2918 392 2972 nuxia
408 2918 536 2988 quiedam
556 2919 678 2973 nominat
694 2918 799 2988 species
812 2919 930 2974 liliosam
958 2922 984 2975 in
998 2923 1098 2976 cange.
1151 2907 1313 2962 charitatem
1327 2910 1355 2964 in
1370 2914 1576 2980 praesentiarum
1590 2918 1773 2987 propinquare
1795 2921 1945 2990 studuerit,

307 3007 376 3065 labro
384 3009 486 3075 lactas,
492 3025 575 3081 super
583 3026 651 3081 quas
660 3011 961 3081 ponebanturlucernae.
972 3014 1100 3086 Forcipcs
1149 3000 1245 3069 lll⁰⁰¹¹¹
1260 3002 1341 3055 ‘¹⁰¹150
1354 3018 1448 3058 0⁰¹¹¹¹¹¹
1465 3005 1557 3076 &⁰¹5ae
1572 3008 1733 3079 participem
1745 3011 1772 3065 5¹¹
1783 3010 1876 3068 sulum
1888 3015 1945 3070 Vlla

308 3108 393 3156 sutem
409 3116 512 3157 aureos
533 3102 701 3158 emunctoria
726 3111 873 3172 nuncupat,
889 3104 986 3174 qrribus
1005 3119 1099 3160 oman·
1150 3105 1181 3145 ὅθ
1195 3106 1256 3146 ⁰⁵⁵0
1268 3093 1406 3163 Wlffli-

307 3197 438 3266 gebsmm
450 3196 554 3251 lumina
570 3197 742 3258 candelabri,
759 3204 790 3251 ut
809 3207 935 3268 reparata
949 3199 1045 3255 melius
1059 3199 1100 3254 lu·
1463 3187 1577 3245 CAPUT
1596 3191 1628 3246 V·

307 3296 407 3342 tersui.
436 3287 572 3343 (Iaelerum
597 3287 714 3359 forcipes
733 3287 781 3354 illi,
806 3289 851 3358 (llll
867 3289 893 3343 ln
914 3289 1008 3344 altaris
1020 3306 1098 3346 usum
1150 3299 1189 3356 De
1201 3315 1231 3357 eo
1241 3302 1311 3373 guod
1325 3303 1413 3356 intulit
1431 3300 1556 3358 Salomon
1566 3305 1654 3359 omnia
1665 3322 1724 3377 aaa
1738 3315 1842 3360 rosnat
1855 3307 1942 3363 Dauid

303 3375 362 3444 tissi
376 3379 522 3444 suntllcri,
535 3381 601 3436 aenei
616 3380 701 3437 luere.
716 3380 770 3437 Sed
783 3389 810 3436 et
821 3382 849 3436 hi
860 3381 988 3452 forcipes,
1000 3383 1097 3454 quibus

305 3471 521 3543 emungebantur
539 3470 666 3538 lucernae,
683 3473 746 3541 quid
771 3473 824 3527 nisi
844 3473 1094 3544 interpretationem
1110 3442 1133 3504 C

304 3563 452 3634 miritualis
474 3578 573 3620 sensus
591 3580 642 3635 per
663 3564 803 3620 doctorum
819 3561 921 3629 olheia,
934 3563 1094 3635 designant?

304 3650 349 3726 lpsi
365 3656 442 3710 enim
459 3656 542 3710 rerba
557 3657 626 3712 sacri
649 3655 749 3726 eloquii
773 3658 807 3712 ab
820 3656 932 3711 historia
949 3657 976 3711 in
996 3656 1096 3728 allego·

304 3746 378 3814 ιὶιιιι,
393 3755 423 3803 et
441 3746 476 3802 ab
490 3748 587 3803 umbra
597 3749 624 3803 in
637 3749 780 3803 veritatem
796 3747 1002 3813 transferentes,
1018 3750 1095 3820 quasi

303 3833 385 3894 lucem
405 3837 532 3895 scientiae
546 3839 573 3894 in
588 3839 709 3895 Ecclesia
733 3840 782 3895 Dci
806 3855 887 3909 super
906 3840 1095 3897 candelabrum
1185 3835 1440 3907 Sisquecompietam
1453 3842 1733 3912 estomaeopstsgaad
1742 3842 1801 3912 [ecit
1814 3842 1941 3898 Salamas

303 3929 446 4000 mysticum
464 3930 557 3999 positi,
580 3930 768 4000 multiplicant,
784 3947 816 3985 ac
830 3930 1003 4001 predicanda
1015 3947 1095 3988 rena.
1147 3926 1175 3979 in
1188 3925 1387 3980 domollamhsl.
1397 3926 1505 3982 Perhcit
1516 3927 1643 3982 Salomon
1653 3928 1941 3998 quodlacichatindo·

303 4025 371 4083 rant,
386 4027 472 4088 atque
487 4017 548 4073 ideo
561 4018 688 4074 dicuntur
698 4020 732 4075 de
745 4035 813 4074 auro
828 4021 1005 4077 mundissima
1020 4021 1094 4090 lacti,
1147 4031 1193 4071 ¹¹¹0
1205 4018 1391 4082 ”Otsslssiscuffl
1400 4017 1586 4088 lethaeislclts
1597 4021 1727 4075 hostetin
1740 4020 1941 4075 diersarissima

304 4110 359 4180 guia
374 4109 481 4166 lumine
493 4126 564 4167 serm
579 4114 718 4183 sapientia
730 4115 851 4170 esistunt
870 4114 1023 4170 clarissimi,
1146 4122 1243 4162 omues
1253 4109 1356 4164 clectos
1367 4111 1576 4164 resurrectionis
1585 4109 1788 4165 immortalitate
1798 4109 1940 4180 glorificat.

333 4200 560 4274 Thymiamatesia
584 4221 686 4275 quaque
707 4214 732 4258 ει
755 4205 888 4259 stastatuta
914 4215 938 4259 es
951 4206 1052 4265 striatas
1071 4216 1096 4262 ιι
1129 4196 1273 4280 ‘Alioquin
1288 4199 1407 4266 quandia
1429 4206 1518 4254 status
1541 4199 1621 4267 hujus
1635 4200 1724 4254 saeculi
1734 4201 1850 4270 geritur,
1872 4201 1940 4256 l'acit

304 4292 457 4349 maasiam
471 4311 505 4349 a
526 4311 594 4349 asro
613 4297 764 4367 passarino,
781 4297 1011 4369 Thymjamarerja
1032 4312 1096 4369 ergo
1146 4289 1255 4358 quidem
1268 4304 1336 4358 opus
1357 4288 1452 4344 ilomus
1467 4290 1573 4343 Darnini
1589 4290 1731 4356 Salomon,
1748 4291 1796 4345 sed
1818 4293 1937 4346 nondum

304 4398 378 4460 rigae
387 4389 544 4455 thuribula,
559 4398 623 4455 etc,
640 4404 705 4444 rasa
719 4390 746 4444 in
759 4390 857 4460 quibus
871 4390 1018 4462 thymiama
1031 4390 1097 4445 odo·
1145 4379 1272 4449 Psslslssili
1294 4381 1358 4450 quia
1380 4382 1463 4436 ⁰⁰ll¹³
1486 4381 1634 4436 ⁰¹0⁰l⁰s¹¹¹1¹
1658 4383 1789 4437 ⁰0¹¹¹l¹¹¹¹⁸
1814 4393 1845 4438 ¹1²
1869 4385 1939 4439 lt0¹¹³

304 4480 421 4548 sabatur,
447 4481 519 4537 hene
532 4491 648 4553 possunt
662 4482 815 4552 exprimere
833 4482 914 4537 corda
930 4481 1094 4550 electorum,
1145 4481 1304 4543 operentur,
1329 4473 1445 4543 inspirat
1465 4481 1495 4529 et
1508 4474 1634 4544 adjurat;
1652 4474 1718 4528 nulli
1733 4482 1823 4528 tamen
1847 4475 1874 4529 iu
1889 4475 1941 4529 hae

305 4569 330 4625 ln
350 4572 450 4644 qadim
474 4573 562 4627 oraria
582 4587 651 4643 pura
674 4580 701 4627 st
728 4587 811 4628 suas-e
837 4571 954 4645 flagrans
982 4573 1096 4629 homino
1146 4564 1279 4619 duntaxat
1290 4566 1345 4619 rita
1359 4568 1556 4632 commoranti,
1570 4571 1672 4637 absque
1687 4577 1799 4637 peccato
1814 4583 1874 4624 esse
1888 4569 1939 4622 tri·

306 4660 431 4730 Μοιιιιι,
453 4661 489 4716 de
506 4677 559 4732 quta
581 4663 647 4718 dicit
665 4662 804 4734 psalmista
827 4681 834 4717 ε
858 4664 996 4735 dirigatur
1010 4667 1095 4720 aratio
1145 4659 1206 4714 buit
1219 4677 1225 4712 :
1240 4673 1358 4728 namque
1369 4659 1421 4713 boc
1433 4658 1638 4734 donumluturae
1649 4660 1711 4714 ritae
1722 4659 1884 4714 beatitudini
1897 4675 1941 4715 re·

306 4767 365 4819 srea,
379 4753 614 4819 sicatincensam,
628 4754 656 4808 in
677 4765 816 4823 conspecta
841 4764 886 4808 tao
911 4754 996 4826 (Psoi,
1021 4756 1093 4828 css).
1147 4749 1539 4806 serratl’erhcitreroomne
1563 4765 1630 4821 opus
1655 4751 1747 4820 templi
1769 4751 1827 4817 sui,
1844 4762 1872 4805 ot
1886 4752 1940 4807 hoc

308 4837 376 4899 llnde
387 4843 456 4899 etin
474 4842 636 4916 Apocalypsi
648 4844 766 4900 loannes
779 4844 857 4911 uidit,
870 4853 979 4899 sanctos
995 4846 1095 4902 babere
1147 4841 1311 4897 dedicationi
1323 4849 1415 4910 aptum
1430 4841 1528 4907 reddit,
1539 4856 1602 4896 cum
1616 4841 1764 4895 translatos
1774 4843 1808 4896 de
1818 4842 1869 4894 hae
1883 4842 1939 4894 rita
1973 4832 1980 4850 '

306 4932 404 5000 pristas
430 4949 530 4989 aureas
552 4934 646 5005 plenas
660 4935 916 5003 odoramentorum
940 4937 1011 5006 guod
1031 4953 1095 4993 con-
1146 4933 1249 4988 electos
1259 4941 1463 4987 suosceternum
1474 4933 1597 5002 perducit
1608 4934 1642 4989 ad
1653 4948 1776 5004 regnum.
1787 4932 1940 4999 Quodbcne

245 5082 246 5093 ,
308 5021 388 5080 ludin
409 5025 571 5097 exponenda
594 5025 732 5097 subjunxit
760 5047 767 5081 2
792 5027 858 5094 Ωιι
883 5030 1094 5083 macerationes
1138 5014 1314 5095 ¹significatur
1326 5024 1353 5077 in
1370 5023 1487 5092 mquod
1499 5025 1628 5094 templum
1644 5033 1747 5094 septem
1760 5025 1839 5078 annis
1853 5023 1938 5078 {calid-

245 5096 247 5113 ’
310 5127 451 5171 morum
466 5116 559 5189 (apoc.
575 5116 614 5188 r),
627 5132 687 5188 qua
696 5133 729 5172 ex
742 5118 909 5173 aromatibus
923 5118 1053 5172 uirtutum
1066 5119 1093 5173 in
1145 5121 1402 5177 catumest,octaro
1414 5121 1503 5167 autem
1514 5112 1667 5181 >pericetum
1681 5121 1761 5183 atque
1772 5113 1937 5168 dedicatum.

312 5207 431 5262 mrtario
447 5207 450 5212 ’
466 5220 541 5277 purte
569 5208 744 5264 conscientiae
761 5208 879 5264 conditae
901 5210 1093 5265 suavissimum
1145 5205 1254 5276 &pum
1270 5220 1388 5275 uanique
1407 5206 1502 5260 diebus
1522 5220 1605 5260 osane
1620 5205 1672 5259 hoc
1686 5213 1792 5275 tempus
1809 5204 1936 5270 rolritur,

1184 3382 1259 3444 pater
1275 3389 1350 3437 suas,
1376 3390 1470 3427 aarum
1484 3384 1508 3427 et
1533 3386 1680 3445 argent-itm,
1699 3386 1723 3431 et
1747 3378 1943 3434 substratiora

1184 3442 1264 3497 simiai
1276 3460 1335 3497 curn
1349 3460 1413 3498 arca
1427 3443 1543 3509 Domini,
1563 3456 1587 3499 ct
1600 3457 1727 3517 paratura
1738 3447 1901 3503 tabernaculi
1913 3450 1941 3503 in

1185 3513 1308 3584 templum
1326 3513 1443 3568 Domini.
1465 3512 1541 3579 Qitad
1559 3515 1738 3571 sacerdotibus
1753 3516 1941 3573 collocantibus

1184 3598 1275 3636 arcam
1303 3585 1331 3637 ia
1348 3585 1446 3638 sanctis
1466 3595 1635 3649 sanctorum,
1660 3584 1757 3641 Ledus
1775 3587 1901 3657 cymbalis
1919 3599 1944 3642 rt

1184 3652 1316 3722 psalteriis
1326 3664 1349 3707 et
1362 3655 1470 3709 citharis
1483 3654 1575 3709 laudes
1595 3656 1650 3710 bea
1667 3658 1812 3724 concham,
1833 3659 1941 3729 quando

1184 3723 1279 3777 trebatio
1294 3723 1406 3795 impleuit
1420 3725 1526 3779 dostram
1539 3725 1653 3780 domiui.

313 5295 412 5354 bitrem
427 5298 558 5354 exhibent
572 5299 697 5366 Domino.

340 5384 369 5441 Et
382 5389 451 5443 ostiu
465 5388 568 5444 ‘celauit
581 5389 670 5461 templi
693 5392 835 5457 irater-ioris,
849 5392 877 5445 id
889 5401 943 5456 est,
955 5394 983 5446 in
1002 5403 1092 5447 sancto

315 5490 461 5548 morsm,
475 5491 499 5534 et
524 5481 591 5537 ostia
607 5482 697 5553 templi
711 5482 857 5552 [enascens
874 5500 966 5537 aurea.
981 5482 1050 5537 llinc
1065 5483 1091 5537 iu

313 5564 370 5629 ilia
379 5572 483 5646 Regum
494 5574 531 5629 ita
546 5575 677 5646 scriptum
693 5584 735 5630 est
753 5595 759 5629 :
773 5575 807 5629 Et
825 5575 946 5629 cardines
965 5577 1092 5629 ostiorum

315 5659 392 5720 lom
408 5666 498 5736 templi
512 5666 646 5721 misrior-h
659 5667 743 5721 sancti
755 5677 909 5720 sanctarum
921 5673 945 5719 et
964 5667 1091 5719 ostiorum

315 5750 392 5811 tom
403 5756 493 5828 templi
507 5774 540 5812 cs
552 5773 619 5811 auro
638 5766 713 5813 crant
731 5756 790 5830 (lll
817 5756 880 5828 lleg.
898 5756 956 5828 ιιι).
973 5754 1002 5811 Si
1021 5756 1091 5810 ostia

314 5840 395 5905 danus
409 5847 547 5904 interioris
561 5849 647 5905 ancti
658 5856 814 5906 sanctorum
827 5848 948 5919 angelica
964 5857 1028 5902 sunt
1041 5847 1092 5900 mi-

313 5935 422 6006 tisteria,
449 5954 510 6010 quae
525 5941 604 5995 uobis
618 5942 652 5996 dc
668 5954 782 6011 corpore
808 5939 927 6011 egressis
949 5938 1091 5996 introitum

311 6022 363 6080 sits
382 6028 504 6085 coelcstis
530 6037 653 6085 reserant
677 6029 754 6102 (Lac.
776 6028 973 6105 anhelastis
995 6026 1093 6084 domus

481 6129 620 6192 Prason.
635 6127 724 6209 dlx.

1146 5311 1242 5354 octava
1252 5307 1342 5352 autem
1350 5307 1392 5353 est
1404 5297 1561 5366 dlesjudlcii
1572 5307 1600 5353 et
1611 5297 1818 5352 resurrectionis
1829 5295 1938 5361 iuturtc,

1146 5390 1181 5444 dc
1195 5404 1253 5459 -qua
1267 5389 1388 5459 psalmus
1401 5396 1493 5442 sesam
1508 5397 1535 5442 ct
1549 5387 1708 5442 undecimus
1720 5385 1848 5440 attitulati
1864 5393 1937 5440 suut.

1145 5479 1451 5549 Cuirhleliccttearpori
1462 5479 1588 5534 contenit
1598 5486 1692 5548 aperte
1712 5478 1784 5548 qrrod
1800 5479 1937 5548 sequitur:

1183 5570 1278 5626 Intulit
1302 5588 1364 5641 ergo
1388 5570 1515 5625 Salomon
1540 5572 1628 5624 onruia
1642 5571 1670 5624 ia
1683 5570 1857 5633 dedicatione,
1879 5583 1939 5636 guas

1145 5672 1248 5717 uouerat
1260 5662 1344 5716 dauid
1358 5671 1433 5733 pater
1443 5679 1520 5726 sirum
1533 5671 1670 5730 asperatum
1680 5669 1705 5714 et
1715 5675 1821 5721 sumtis,
1836 5669 1860 5713 ct
1876 5657 1937 5711 urri-

1145 5771 1219 5810 cersa
1236 5772 1298 5810 uasa
1313 5756 1399 5825 positis
1413 5756 1440 5808 ia
1454 5755 1584 5808 thesauris
1598 5754 1691 5806 domus
1702 5750 1765 5804 Dei.
1781 5755 1809 5801 et
1820 5745 1934 5813 reliqua·

1144 5848 1293 5917 Argentum
1315 5862 1432 5915 namque
1451 5847 1485 5901 ad
1507 5846 1622 5900 nitorem
1635 5839 1815 5910 eloquentiae,
1838 5847 1934 5887 aurum

1146 5941 1180 5995 ad
1195 5939 1366 6010 splendorem
1381 5938 1537 6008 sapientiae,
1549 5952 1614 5991 vasa
1628 5930 1791 6005 generaliter
1800 5924 1835 5978 ad
1849 5921 1934 5979 ratio-

1146 6029 1264 6087 nabilem
1278 6037 1432 6085 crcaturam
1456 6027 1549 6093 rasit,
1565 6026 1642 6091 siro,
1664 6030 1695 6077 ut
1707 6021 1735 6075 iu
1748 6017 1817 6073 libro
1831 6012 1935 6085 llegura

1698 6110 1737 6175 la
