4709 6767
356 494 423 552 lidi

715 478 891 540 cadhuna.
912 480 944 535 bv
963 477 1087 535 stauos
1106 477 1391 536 ttatzuanmotttttt.
1413 511 1448 521 -
1465 477 1500 534 tn
1517 477 1580 536 tte.
1600 478 1620 533 i.
1669 472 1671 474 ¹

1915 483 1984 541 llhO

354 619 403 659 cur
425 601 470 671 qui
498 595 564 651 nihii
579 596 686 650 dixerat
711 592 848 648 inchoavit
869 592 962 646 dicens
977 610 982 643 :
999 589 1030 644 Et
1045 584 1143 660 [ortam
1161 596 1314 661 Mentem,
1334 594 1360 647 in
1385 593 1546 649 deditionem
1561 597 1883 664 aceepit3l2aliisthene1n
1899 599 1989 673 pbilo-

355 703 391 749 est
399 709 409 757 ,·
423 687 519 744 deiude
532 683 684 754 subjungit:
696 681 839 751 Postquam
853 681 979 751 percussit
995 681 1146 736 Alexander

356 786 472 856 Philippi
494 781 614 844 Macedo,
640 780 685 851 qut‘
708 780 807 849 primus
834 780 949 849 regnarit
974 780 1001 831 iu
1031 774 1144 840 Graecia,

354 894 471 951 egressus
483 874 515 928 de
528 884 597 927 term
616 869 727 936 Cetlriro,
744 869 854 923 Dorium
870 868 1012 922 Persarum
1026 884 1110 938 regem
1122 878 1146 921 et

360 970 504 1025 diodorum.
514 963 807 1035 ltaqneAlexandrum,
818 960 933 1031 Philippi
945 967 972 1015 et
981 959 1147 1032 Olympiadis

355 1062 450 1127 hlium,
467 1060 576 1114 Darium
589 1072 680 1129 regem
696 1055 841 1110 Persarum
858 1063 939 1124 atque
949 1053 1086 1108 Medorum
1099 1069 1146 1106 oc-

354 1152 452 1207 cidisse
477 1144 782 1203 omnibusmauiicstum
802 1151 854 1198 est.
872 1142 950 1210 Quod
962 1150 989 1197 et
1011 1141 1104 1195 Daniel
1119 1143 1145 1196 ixx

354 1242 459 1296 visione
473 1254 532 1304 sna,
544 1252 598 1308 qua
611 1235 716 1290 hircum
732 1248 877 1303 caprarum
889 1233 1003 1287 arietem
1016 1231 1149 1286 ventilan-

354 1338 408 1385 tem
424 1328 552 1383 cornibus
562 1324 724 1380 contrivisse
734 1321 873 1387 describit,
887 1322 1027 1376 evidenter
1039 1334 1149 1390 expres-

355 1424 400 1479 sit.
416 1420 470 1476 Sed
491 1418 621 1490 qtncritur
643 1415 779 1487 quomodo
792 1415 900 1469 dicatur
912 1413 1066 1468 Alexander
1091 1414 1142 1483 pri·

356 1531 418 1572 artus
432 1527 560 1585 regnasse
572 1511 598 1565 in
614 1509 729 1574 Gracia,
745 1523 805 1562 cum
819 1506 896 1562 multi
911 1507 1009 1562 ibidem
1022 1508 1048 1561 in
1062 1507 1150 1562 direr-

356 1608 394 1664 sis
407 1606 474 1660 locis
486 1612 549 1657 ante
562 1616 691 1673 regnasse
706 1600 892 1669 reperiantur;
908 1599 993 1654 multo
1003 1602 1075 1654 cuim
1086 1609 1150 1655 ante

356 1699 473 1772 Argivis,
485 1696 706 1761 Atheniensibus,
722 1693 944 1757 Lacedaemoniis,
963 1692 1109 1749 Corinthiis
1124 1702 1152 1749 et

356 1790 438 1863 Lydis
449 1803 526 1859 reges
540 1786 716 1859 pensaverunt.
733 1784 788 1840 Nec
800 1799 865 1841 vero
881 1784 908 1838 in
926 1782 1081 1838 blaoedonia
1095 1783 1151 1852 pri-

358 1898 417 1938 mus
438 1897 484 1937 rex
509 1879 661 1935 Alexander
686 1891 745 1932 esse
767 1874 914 1938 invenitur,
934 1873 981 1928 sed
1007 1872 1150 1928 vicesimus

1199 683 1324 752 sophum,
1344 684 1448 754 sibique
1473 684 1543 754 apud
1566 685 1738 741 Aristotelem
1762 688 1987 764 condiscipulum,

1199 788 1260 828 cum
1274 773 1400 843 plurimis
1412 774 1472 831 aliis
1486 776 1662 846 principibus,
1678 780 1749 848 quod
1775 796 1847 845 eum,
1867 783 1991 854 deposito

1199 863 1332 919 salutandi
1347 880 1432 931 more,
1455 875 1485 919 ut
1498 867 1635 921 dominum
1650 883 1705 922 non
1730 869 1866 937 adoraret,
1877 874 1987 930 oceidit.

1200 955 1263 1010 Post
1278 957 1335 1011 lxaec
1343 957 1444 1011 indiam
1463 957 1539 1027 petit,
1558 965 1587 1011 ut
1602 957 1709 1013 Oceano
1724 960 1870 1032 ultimoque
1881 961 1992 1022 Oriente

1201 1048 1290 1103 liniret
1305 1049 1456 1118 imperium,
1474 1048 1566 1103 Nisam
1579 1052 1671 1105 urbem
1688 1052 1763 1113 adiit,
1777 1054 1899 1109 O.edalos
1913 1072 1989 1111 mon-

1200 1149 1249 1202 tes,
1265 1155 1401 1210 reguaque
1428 1139 1582 1212 cleophidis
1604 1142 1680 1214 iiis,
1705 1143 1861 1218 Ocopbylis]
1891 1147 1990 1218 reginae

1201 1230 1378 1300 expugnavit3
1393 1246 1452 1300 quae
1464 1246 1525 1285 eum
1547 1248 1576 1287 sc
1595 1234 1722 1300 dedisset,
1746 1236 1891 1290 concubitu
1917 1238 1991 1309 regio

1201 1333 1312 1389 regnum
1327 1320 1449 1375 redemit.
1463 1321 1608 1392 Peragrata
1623 1324 1828 1395 pordovxritaque
1838 1326 1991 1383 Alexander

1201 1409 1284 1475 ludia,
1299 1427 1360 1466 eum
1374 1413 1407 1465 ad
1419 1429 1513 1466 saxum
1528 1415 1603 1467 mirae
1614 1415 1769 1485 asperitatis
1783 1425 1810 1471 et
1826 1418 1991 1486 altitudinis,

1202 1500 1310 1571 inqrvod
1326 1502 1401 1556 multi
1428 1503 1517 1573 populi
1541 1504 1728 1577 confugerant,
1745 1508 1924 1577 pervenisset,
1943 1526 1991 1565 co-

1202 1592 1293 1662 gnovit
1319 1591 1461 1649 llercnlem
1484 1596 1518 1650 ab
1543 1596 1742 1668 impugnatione
1768 1596 1990 1676 [expugnatione]

1202 1683 1322 1753 ey'txsdeux
1346 1688 1402 1741 saxi
1431 1697 1585 1742 terremotu
1612 1690 1789 1759 prohibitum.
1812 1692 1993 1751 AEvxxtdatiouc

1203 1788 1350 1845 permotus,
1366 1788 1396 1834 ut
1417 1778 1540 1836 llerculis
1560 1791 1619 1836 acta
1645 1792 1797 1853 superaret,
1811 1800 1873 1839 cum
1888 1801 1994 1842 summo

1203 1868 1295 1925 labore
1317 1886 1349 1926 ac
1377 1872 1496 1943 periculo
1515 1888 1581 1928 saxo
1606 1874 1718 1943 potitus,
1741 1890 1836 1930 omues
1861 1875 1913 1932 loci
1936 1876 1994 1945 ejus

358 1984 470 2047 quartus
485 1991 491 2028 :
507 1973 612 2043 primus
635 1985 683 2025 rex
709 1968 781 2022 enim
814 1964 990 2020 Macedonum
1013 1963 1152 2018 caraunus
1167 1957 1190 2016 B
1203 1969 1297 2029 gentes
1312 1962 1338 2015 in
1354 1961 1517 2017 deditionem
1531 1966 1647 2034 accepit.
1663 1964 1731 2020 Cum
1752 1964 1834 2032 Poro,
1846 1965 1994 2023 fortissimo

358 2074 428 2128 erat,
444 2079 476 2119 co
489 2072 672 2131 temporeque
694 2056 868 2113 liebraeorum
885 2052 953 2109 luda
964 2055 1087 2118 Azarias,
1104 2056 1151 2124 qui

359 2166 386 2212 ct
409 2156 498 2218 Ozias,
523 2169 569 2207 rex
589 2150 638 2203 init
665 2147 726 2220 (tlt
754 2146 818 2217 lleg.
847 2148 909 2215 arr),
929 2154 957 2198 et
977 2144 1151 2199 llcbraeomm

359 2245 440 2301 lsrael
453 2259 500 2297 rex
514 2240 657 2295 teroboam
676 2235 718 2309 (Η
735 2235 800 2289 Por.
815 2234 901 2305 axau).
918 2233 1075 2288 Latinorum
1090 2247 1153 2302 quo

360 2349 413 2404 que
426 2331 525 2385 Procas
547 2328 664 2400 Sylvius,
680 2334 708 2380 et
727 2323 991 2378 Lacedaemoniorum
1013 2322 1152 2378 Calcame-

360 2438 419 2483 nes.
441 2418 696 2486 Corinthiorumque
713 2414 877 2477 Alexander,
896 2421 923 2467 et
943 2411 1152 2469 Atheniensium

361 2512 518 2583 Tirespitcs;
534 2508 581 2564 scd
591 2509 652 2563 idco
662 2507 766 2576 primus
777 2518 905 2576 regnasse
919 2503 1018 2559 dicitur
1032 2505 1059 2559 iu
1074 2504 1152 2560 Grn-

362 2606 403 2659 cia
417 2602 578 2665 Alexander,
591 2598 655 2669 quia
667 2597 773 2652 ceteris
785 2595 893 2667 regibus
906 2601 986 2649 autea
1002 2595 1028 2649 in
1041 2595 1154 2665 singulis

361 2696 483 2766 partibus
504 2692 689 2764 regnantibus,
710 2690 813 2760 primus
833 2688 890 2758 ipse
915 2696 942 2742 et
965 2687 1039 2743 solus
1053 2689 1078 2742 in
1098 2697 1153 2744 tota

361 2785 467 2842 Graecia
495 2781 626 2854 regnavit.
650 2780 719 2835 Nam
737 2779 875 2834 subversis
886 2778 997 2843 Thebis,
1018 2780 1044 2834 in
1058 2779 1155 2836 Persas

363 2892 439 2932 arma
463 2874 614 2944 corripiens
628 2871 699 2942 apud
718 2869 840 2941 Gangem
858 2868 970 2924 fluvium
988 2869 1055 2924 inito
1068 2879 1156 2925 certa-

362 2968 435 3023 mine
449 2964 521 3019 Oarii
537 2963 619 3018 duces
632 2960 778 3031 superavit,
792 2969 819 3015 et
843 2958 877 3013 ad
894 2969 1045 3013 extremum
1068 2962 1155 3029 ipsum

363 3056 498 3129 percussit
511 3052 634 3117 arietem,
648 3058 675 3105 et
689 3050 743 3105 duo
756 3048 815 3118 ejus
825 3063 926 3103 cornua
944 3048 1087 3120 confregit,
1104 3049 1157 3105 lle·

364 3146 414 3201 dos
429 3160 460 3200 ac
481 3143 588 3206 Persas,
613 3141 740 3209 misitque
766 3153 827 3192 enm
843 3138 893 3194 sub
919 3139 1032 3209 pedibus
1053 3140 1109 3195 suis
1130 3150 1158 3196 et

364 3239 491 3306 utriusque
506 3250 588 3289 cornu
606 3248 655 3288 suo
672 3231 825 3303 subjugarit
839 3230 962 3299 imperio.
974 3229 1051 3297 Quod
1065 3240 1156 3287 autem

1205 2048 1332 2105 ludorum
1344 2066 1417 2124 rege,
1434 2055 1654 2109 cruentissimum
1667 2055 1766 2111 bellum
1778 2060 1871 2127 gessit.
1887 2059 1993 2123 Postea,

1204 2159 1265 2199 cnm
1278 2144 1429 2201 Orientales
1452 2147 1564 2218 populos
1596 2148 1765 2220 singularum
1791 2152 1995 2221 provinciarum

1204 2248 1257 2289 txon
1276 2236 1334 2291 siue
1354 2245 1465 2291 cruenta
1480 2238 1593 2293 victoria
1607 2239 1734 2308 cepisset,
1749 2244 1906 2298 conscensis
1920 2245 1995 2299 navi·

1203 2326 1265 2392 bus,
1280 2343 1341 2383 enm
1356 2329 1455 2385 Oceani
1470 2330 1561 2386 littora
1574 2340 1740 2402 peragraret,
1752 2334 1786 2388 ad
1798 2334 1892 2389 urbem
1902 2351 1996 2405 quam-

1204 2416 1266 2472 dam
1283 2419 1326 2473 eui
1349 2420 1476 2491 Ambigcr
1490 2420 1625 2493 [Ambira]
1652 2437 1700 2476 rex
1721 2431 1848 2493 praeerat,
1861 2426 1995 2493 pervenit.
2066 2430 2068 2433 ’

1206 2503 1259 2560 Sed
1279 2506 1305 2559 in
1320 2509 1518 2578 expugnatione
1529 2508 1648 2566 civitatis
1662 2527 1787 2582 magnam
1801 2521 1906 2583 partem
1919 2529 1997 2570 exer-

1205 2596 1275 2651 citus
1291 2598 1395 2667 sagittis
1407 2600 1536 2665 bostium,
1550 2614 1654 2655 veneno
1669 2601 1752 2666 illitis,
1770 2603 1878 2669 amisit;
1895 2621 1926 2659 ac
1935 2615 1998 2676 post

1206 2687 1288 2743 herba
1303 2704 1362 2757 quae
1381 2705 1430 2760 per
1442 2706 1567 2746 somnum
1583 2691 1741 2765 [sonvuinxn]
1753 2694 1804 2750 sibi
1819 2704 1928 2751 ostensa
1943 2704 1997 2766 est,

1207 2780 1233 2833 iu
1247 2790 1339 2851 potum
1354 2784 1452 2839 sauciis
1461 2785 1533 2851 data,
1542 2801 1604 2840 eum
1615 2785 1726 2856 reliquis
1737 2788 1936 2854 subveniretur,
1949 2806 1994 2845 ur-

1206 2874 1268 2927 bem
1290 2876 1452 2946 expugnavit
1474 2885 1502 2932 ct
1524 2878 1605 2948 cepit.
1623 2878 1769 2949 Postquam
1786 2880 1888 2936 circum
1909 2890 1997 2937 actam

1208 2960 1284 3034 [Post
1299 2966 1375 3035 quasi
1388 2966 1551 3021 circumacta
1563 2968 1646 3040 meta]
1662 2970 1695 3024 ad
1709 2969 1846 3025 Oceanum
1861 2979 1888 3026 et
1902 2971 1996 3026 ludum

1208 3054 1306 3111 humen
1332 3057 1478 3126 ingressus,
1504 3058 1678 3130 Babyloniam
1703 3062 1829 3118 celeriter
1844 3065 1933 3129 rediit,
1953 3066 1999 3120 ubi

1209 3166 1269 3206 cum
1285 3168 1346 3207 cum
1357 3154 1547 3208 exterritamm
1559 3155 1642 3209 totius
1656 3155 1732 3211 orbis
1743 3156 1943 3225 provinciarum
1958 3156 1998 3213 lc-

1210 3241 1264 3312 gati
1275 3250 1474 3311 exspectarent,
1489 3245 1539 3299 boc
1550 3252 1593 3299 est
1605 3243 1857 3316 Carthaginensium
1872 3257 1900 3302 ct
1917 3248 2000 3304 totius

363 3326 464 3382 dicitur
478 3340 595 3395 egressus
608 3323 640 3376 de
651 3321 768 3385 Cetbim,
783 3320 816 3375 de
827 3321 884 3390 ipsa
897 3319 1000 3376 Graecia
1011 3322 1154 3394 signillcat.
1170 3323 1193 3383 C
1209 3329 1306 3386 Africae
1320 3333 1470 3400 civitatum,
1482 3335 1529 3389 sed
1542 3343 1570 3390 et
1580 3334 1773 3404 Hispanorum,
1788 3336 1937 3404 Gallorum,
1952 3338 1994 3394 st-

366 3416 471 3472 Sctbim
485 3415 557 3470 enim
571 3413 620 3468 luit
635 3411 796 3482 deposceris
811 3409 877 3476 Noc,
895 3412 947 3466 hoc
959 3420 1012 3476 est,
1026 3413 1096 3468 tilius
1110 3412 1158 3469 Ja-

365 3528 428 3574 vau,
442 3503 488 3565 lilii
499 3508 607 3580 iaphet,
622 3508 669 3562 fibi
685 3506 751 3573 Noc,
766 3514 794 3560 et
804 3504 964 3561 Sitammam
980 3504 1057 3578 [Mt.,
1073 3507 1160 3563 Cithi·

366 3602 442 3675 ntan]
458 3602 573 3657 insulam
591 3600 694 3664 habuit,
712 3614 772 3669 quae
789 3613 863 3652 nanc
882 3598 982 3652 dicitur
996 3596 1114 3669 Cyprus,
1129 3607 1160 3652 ut

366 3695 499 3766 Iosephus
511 3694 591 3749 testis
605 3700 656 3758 cst,
672 3700 699 3746 et
712 3692 746 3745 ab
761 3706 793 3745 ea
812 3703 907 3744 omnes
923 3689 1020 3743 insulae
1035 3695 1062 3742 et
1075 3688 1159 3743 mari·

367 3788 433 3842 tima
449 3786 507 3841 loca
532 3783 632 3839 Cetbim
658 3780 790 3836 Hebraico
813 3779 999 3834 nominantur.
1024 3777 1159 3849 Legamus

366 3878 499 3933 Varrouis
512 3876 545 3930 dc
558 3871 770 3941 Antiquitatibus
787 3868 871 3924 libros
898 3876 926 3923 ct
947 3866 1059 3924 Sisinuii
1081 3866 1161 3937 Capi-

367 3970 440 4025 tonis
456 3978 483 4024 et
493 3968 615 4024 Graecum
630 3964 759 4035 Flegonta
780 3972 948 4030 ceterosque
961 3960 1160 4016 eruditissimos

367 4062 452 4127 siros,
470 4069 498 4115 et
507 4058 657 4114 videbimus
670 4070 765 4110 ontnes
779 4068 847 4124 pene
860 4051 962 4111 insulas
975 4058 1003 4107 et
1018 4052 1102 4107 totius
1113 4066 1160 4105 or-

368 4151 412 4206 bis
428 4150 518 4204 littora
535 4155 563 4203 et
590 4156 677 4202 terras
693 4146 760 4200 mari
778 4146 883 4200 vicinas
903 4160 918 4198 a
942 4140 1045 4199 Graecis
1060 4142 1161 4199 accolis

368 4253 525 4315 occupatas,
541 4244 587 4313 qui
611 4245 645 4298 ab
658 4243 763 4297 Amano
777 4240 853 4315 [Ms.,
869 4239 1001 4313 hamane]
1025 4247 1053 4294 ct
1072 4239 1161 4294 Tauro

369 4336 506 4391 montibus
529 4335 618 4389 omnia
641 4335 776 4388 maritima
799 4333 954 4403 locatisque
976 4331 1160 4387 adOceanum

369 4425 514 4497 possedere
528 4425 720 4478 Britannicum.

406 4516 557 4581 Constituit,
576 4515 673 4585 iuquit,
699 4513 790 4585 pretia
806 4514 901 4577 reticita,
913 4522 936 4567 et
952 4514 1068 4567 omniunt
1095 4512 1162 4566 obti-

370 4609 428 4660 nu⁷t
440 4606 605 4669 nunnitioues,
615 4615 638 4658 et
646 4604 772 4674 itrtersecit
781 4620 850 4673 reges
863 4612 948 4666 terror,
958 4615 980 4657 e!
991 4603 1087 4673 accepit
1102 4619 1161 4672 spo-

370 4700 408 4751 lio
419 4696 593 4750 auarititndinis
617 4695 742 4766 gentium,
763 4706 786 4746 et
810 4693 881 4747 siluit
898 4704 967 4746 tcrrn
984 4694 1011 4746 iu
1023 4706 1161 4761 conspectu

369 4788 441 4864 ejus..
453 4785 520 4854 Ergo
532 4784 682 4839 Alexander
694 4783 815 4852 linguas,
825 4783 894 4837 sicut
907 4784 1016 4837 tradunt
1029 4783 1162 4850 historici,

370 4885 435 4945 pust
462 4874 531 4927 Darii
551 4882 664 4928 mortem
693 4874 855 4943 ilyrcaniauv
887 4872 1057 4941 blacidosquc
1086 4871 1161 4944 [tta

372 4966 512 5037 llyrcanos
527 4981 558 5020 ac
576 4963 790 5037 Gyrodoruauos]
808 4964 927 5035 subegit;
950 4974 1011 5034 post
1025 4966 1082 5019 bac
1097 4963 1163 5018 Par-

372 5059 480 5110 thorum
494 5071 610 5125 pugnam
626 5070 768 5126 aggressus
790 5064 842 5120 est,
865 5071 932 5123 quos
951 5056 995 5110 diu
1017 5056 1164 5110 renitentes

371 5147 473 5200 delevit
489 5147 682 5216 propemodum
701 5156 844 5215 autequam
868 5146 943 5201 ricit.
967 5147 1029 5201 lude
1045 5146 1164 5202 Thraces

372 5233 518 5307 [Drangas]
535 5235 689 5306 Evcrgctes
709 5236 851 5307 Paryuxas,
868 5236 1090 5302 Parxamxneuos,
1114 5237 1164 5308 lly-

371 5326 482 5395 daspios
496 5337 664 5394 caeterosque
687 5326 800 5397 populos
823 5326 867 5395 qui
887 5326 914 5379 in
934 5324 1047 5382 Caucasi
1072 5327 1163 5382 radice

371 5415 549 5470 morabantur
579 5417 695 5488 subegit,
725 5417 790 5471 urbe
819 5417 854 5472 ibi
882 5416 1045 5472 Alexandria
1081 5432 1163 5488 super

371 5523 482 5562 aurarem
494 5507 607 5562 Tanaim
633 5511 788 5564 constituta.
811 5508 863 5565 Sed
888 5509 999 5564 humani
1024 5510 1161 5581 sauguinis.

370 5601 600 5665 inexsaturabilis,
613 5602 670 5657 sive
694 5604 821 5667 hostium,
838 5602 894 5658 sive
916 5603 997 5657 ctiam
1013 5605 1160 5667 sociorum,

370 5696 509 5743 recentem
532 5698 623 5744 tamen
652 5708 758 5762 semper
778 5692 886 5767 sitiebat
910 5707 1044 5747 eruorem.
1071 5690 1162 5759 ltaque

370 5778 505 5848 pertinaci
523 5778 622 5848 impetu
637 5781 663 5834 in
689 5781 757 5836 bella
771 5797 934 5851 procurrens
953 5780 1116 5836 Cbcrasiuos
1134 5791 1161 5836 ct

371 5870 474 5924 ttracas
499 5871 574 5943 ills,
600 5871 779 5928 Choroasiuos
806 5885 832 5928 et
857 5874 976 5945 delatos]
1004 5874 1160 5930 indomitam

573 5964 708 6023 Priuer..
731 5967 810 6025 Ctx'.

1211 3420 1278 3475 eilia
1296 3421 1490 3493 Sardiniaeque,
1512 3425 1634 3495 plurimae
1648 3436 1779 3494 preterea
1801 3437 1892 3498 partes
1904 3430 1998 3488 ltaliae.

1210 3510 1312 3565 Tantus
1326 3511 1406 3567 timor
1419 3511 1446 3566 io
1463 3529 1569 3568 summo
1584 3513 1694 3570 Oriente
1707 3518 1846 3572 constituti
1860 3519 1936 3575 ducis
1948 3536 1998 3589 po-

1210 3602 1287 3671 pulos
1297 3603 1382 3658 ultimi
1395 3602 1547 3659 Occidentis
1558 3605 1705 3672 invaserat,
1721 3616 1750 3662 ut
1763 3609 2000 3682 indeperegriuaxn

1210 3710 1336 3750 cernercs
1360 3703 1416 3749 toto
1430 3696 1530 3750 mundo
1552 3697 1725 3767 legationem,
1741 3714 1794 3769 quo
1808 3700 1854 3754 rix
1875 3701 2001 3757 crederes

1209 3784 1366 3853 pervenisse
1391 3801 1544 3852 rumorcm;
1559 3787 1631 3841 uude
1653 3786 1721 3842 bene
1734 3788 1864 3858 scriptum
1887 3798 1929 3846 est
1945 3808 1952 3845 :
1966 3790 2000 3845 h't

1210 3872 1281 3927 siluit
1292 3875 1397 3928 terrain
1412 3885 1549 3945 conspectu
1563 3876 1630 3946 ejus,
1644 3877 1708 3947 quia
1723 3877 1813 3933 nullus
1828 3879 1853 3933 ei
1865 3880 1998 3936 rebellare

1211 3964 1334 4018 audebat.

1246 4051 1280 4105 Et
1294 4055 1456 4123 corcyregneit
1468 4056 1588 4109 uirtutem
1601 4064 1625 4110 et
1635 4048 1778 4112 exercitum
1801 4058 1895 4128 sortem
1908 4061 1998 4116 nimis.

1211 4139 1328 4195 herictis
1348 4140 1448 4210 ubique
1472 4144 1596 4215 gentibus
1608 4144 1726 4214 undique
1741 4146 1882 4203 thesauros
1897 4156 1926 4202 et
1936 4163 2001 4217 opes

1211 4248 1304 4287 earum
1318 4234 1470 4291 Alexander
1480 4236 1600 4301 abstulit,
1618 4238 1690 4293 unde
1704 4254 1737 4293 eo
1752 4250 1859 4295 mortuo
1870 4242 2000 4299 satellites

1211 4331 1291 4393 atque
1306 4325 1405 4381 milites
1415 4326 1474 4397 ejus
1489 4336 1599 4398 propter
1610 4344 1689 4399 opum
1702 4330 1913 4400 magnitudinem
1932 4350 2001 4404 quas

1211 4423 1386 4483 congregatas
1397 4416 1524 4482 habebat,
1538 4432 1569 4471 ac
1584 4417 1618 4471 ob
1632 4420 1779 4487 potentiam
1794 4422 1880 4491 regni,
1892 4424 1925 4477 ab
1934 4423 2001 4478 inxi-

1211 4518 1270 4559 ccm
1280 4505 1483 4572 dissentiebant,
1492 4508 1822 4582 sieutPompeiusTrogus
1832 4512 2000 4583 ejusqucab-

1211 4595 1347 4650 breviator
1355 4594 1476 4653 lustinus
1488 4599 1513 4653 in
1525 4598 1600 4653 libris
1608 4600 2001 4660 ilistoriarumsuarumostcn-

1174 4675 1296 4750 Ddunt,
1312 4688 1461 4742 scribentes
1478 4690 1558 4757 quod,
1576 4690 1702 4746 defuncto
1720 4692 1885 4758 Alexandro,
1897 4695 1924 4749 iu
1942 4697 2001 4750 thc-

1216 4778 1304 4832 sauris
1316 4777 1374 4847 ejus
1395 4780 1590 4852 qninquaginta
1605 4782 1688 4838 millia
1705 4782 1805 4839 talenta
1827 4786 1885 4839 auri
1898 4795 2003 4857 reperta

1216 4875 1287 4932 suut,
1311 4877 1338 4923 et
1351 4869 1378 4924 in
1401 4886 1489 4926 annuo
1513 4873 1651 4945 vectigalis
1667 4874 1766 4929 tributo
1786 4876 1887 4930 tricena
1907 4878 2001 4933 millia.

1216 4957 1336 5028 Denique
1361 4959 1522 5026 Alexander,
1550 4964 1620 5019 iuter
1643 4964 1762 5035 pericula
1785 4965 1937 5034 praeliorum
1957 4968 2004 5023 Oci

1216 5055 1282 5101 nutu
1297 5058 1429 5113 serratus,
1447 5049 1480 5103 ad
1494 5061 1643 5106 extrenutox
1656 5069 1718 5107 cum
1740 5054 1767 5107 in
1788 5054 1924 5127 Babylone
1937 5057 2004 5111 urbe

1217 5150 1377 5204 moraretur,
1390 5157 1438 5212 per
1453 5143 1565 5197 insidias
1580 5142 1717 5198 Medorum
1738 5144 1896 5202 interiectus
1912 5156 1963 5212 est,
1977 5157 2004 5203 ct

1217 5232 1333 5285 inarime
1352 5232 1468 5287 factione
1481 5233 1630 5301 Antipatris
1643 5234 1719 5289 ducis
1731 5234 1797 5304 ejus,
1813 5239 1858 5307 qui
1874 5255 1922 5309 per
1937 5240 2004 5296 Cas·

1216 5325 1342 5379 sandrum
1366 5325 1450 5380 lilium
1476 5341 1553 5381 suum
1569 5310 1630 5381 cnm
1654 5344 1759 5386 veneno
1779 5335 1920 5400 exstinxit,
1935 5336 2004 5390 sieut

1214 5415 1358 5483 pradictus
1367 5414 1509 5486 Pompeius
1520 5417 1624 5491 Trogus
1634 5430 1738 5487 narrat,
1754 5424 1846 5480 dicens
1859 5428 2004 5497 quodcum

1215 5506 1377 5577 babylonem
1392 5510 1535 5564 revertenti
1557 5509 1821 5585 [reversus]·multis
1832 5517 1929 5577 ,diebus
1947 5517 2004 5571 otio

1216 5598 1296 5662 datis,
1317 5600 1500 5656 intermissum
1513 5602 1577 5657 olim
1593 5604 1747 5660 convivium
1770 5606 1883 5661 solerter
1895 5606 2004 5678 [solem-

1216 5691 1298 5764 niter]
1323 5691 1476 5750 Alexander
1493 5694 1659 5762 institueret,
1685 5705 1809 5766 totusque
1834 5697 1859 5750 in
1884 5696 2002 5751 laetitiam

1216 5781 1316 5837 cliusus
1329 5800 1389 5838 cum
1404 5786 1457 5840 diei
1470 5795 1575 5841 noctem
1590 5787 1746 5857 pervigilem
1764 5786 1910 5853 junxisset,
1930 5803 2004 5842 rece·

1217 5872 1385 5940 derrtemjavn
1400 5893 1413 5928 a
1426 5877 1548 5930 coxvvivio
1561 5877 1842 5940 attalicuslhcssalus‚
1856 5878 2008 5933 instaurata

1768 5971 1804 6029 dt
