4709 6767
309 666 312 673 .
355 617 409 676 68¹)
774 614 952 674 coltttuit.
974 616 1007 672 ΙΝ
1026 614 1158 673 tinnuli
1179 616 1382 677 sententie.
1403 653 1439 663 -
1457 622 1522 679 itit.
1541 620 1561 678 i.
1945 632 1999 689 tter

355 740 415 785 sunt
428 731 497 781 iuter
508 726 579 796 filios
591 725 649 792 Dei,
661 736 684 779 et
700 725 767 779 inter
784 736 889 781 sanctor
903 726 951 781 liri
971 743 1028 781 rora
1040 724 1147 780 iliorum
1163 724 1284 789 Alinere
1314 730 1499 799 conqueritur,
1524 731 1629 803 litgrreis
1645 734 1708 788 vitae
1722 749 1754 789 ne
1771 745 1940 791 terrenmunn
1956 755 1997 793 re·

355 824 420 880 est?
438 822 513 876 Tune
528 823 621 891 utique
642 819 825 890 stabuntjusti
849 821 984 891 iuntugua
1000 819 1151 875 constantia
1204 833 1265 873 rum
1293 818 1415 875 deiectus
1450 821 1528 877 uobis
1562 823 1776 879 demonstratur.
1817 825 1894 882 Siout
1923 830 1996 885 eninr

355 914 487 970 adsersus
499 918 691 981 persecutores
711 926 784 977 suos,
809 911 854 981 qui
867 925 914 966 eos
925 911 1014 981 poenis
1026 909 1152 965 indebitis
1204 909 1308 964 umbra·
1327 910 1485 967 firmitatem
1506 913 1548 968 sni
1578 921 1665 969 status
1696 914 1797 969 nullum
1820 915 1912 982 nubet,
1947 934 2000 973 nee

355 1004 401 1060 itio
420 1002 580 1066 atieeeruut,
597 1009 624 1057 et
639 1001 745 1056 iabores
756 1001 862 1056 iliorum
878 1002 956 1071 qttusi
967 1000 1066 1056 stultos
1083 1000 1151 1054 rito-
1203 1000 1315 1055 nuntias
1326 1000 1482 1056 discurrens
1500 1012 1591 1057 moras
1605 1004 1739 1060 sustinere
1755 996 1867 1075 p'atitur,
1890 1015 1918 1061 et
1929 1008 2000 1063 sient

354 1100 541 1167 perat'ernn23
564 1092 691 1162 quonium
707 1091 831 1147 claritate
842 1102 958 1163 superus
975 1090 1086 1146 relevati
1105 1088 1153 1158 ju·
1203 1089 1261 1145 atis
1278 1089 1305 1145 in
1323 1090 1402 1155 eoelo,
1432 1090 1693 1161 velnat'isinmori,
1718 1094 1872 1168 reisapitta
1894 1097 1999 1153 iuuene
2058 1106 2063 1113 '

355 1186 430 1240 dtrtrs
445 1189 527 1237 cnrut
540 1181 686 1236 mettndum
699 1181 854 1248 veritatem,
873 1182 996 1252 quiante
1010 1189 1040 1236 se
1054 1180 1154 1250 injuste
1204 1180 1308 1238 incerto
1322 1183 1430 1238 tramite
1442 1193 1566 1255 pergunt,
1596 1186 1636 1242 sie
1651 1188 1815 1244 transitorie
1830 1190 1891 1244 vitre
1912 1189 1998 1245 instu-

355 1276 562 1331 tbnuuaverunt.
589 1271 717 1328 lindeiiii
740 1287 803 1327 cnm
821 1272 1006 1328 sesuhitanea
1029 1285 1153 1326 eommu-
1204 1270 1266 1325 bilis
1285 1279 1314 1325 et
1324 1272 1443 1327 incertus
1467 1288 1574 1345 semper
1586 1284 1627 1330 est
1639 1292 1745 1342 cursus,
1776 1276 1939 1348 ueeaiiunid
1965 1296 1999 1334 ex

355 1368 460 1423 tatione
473 1365 590 1421 viderint
601 1365 635 1420 do
649 1365 735 1437 gioria
750 1366 783 1421 rui
794 1364 990 1437 ignobilitatem
1009 1364 1154 1434 perductos
1204 1376 1238 1417 eo
1249 1362 1332 1417 fixum
1344 1365 1474 1430 manebit,
1495 1364 1545 1420 nisi
1557 1364 1628 1436 quoti
1640 1382 1689 1437 pro
1704 1368 1801 1438 adeptu
1815 1369 1876 1425 tite
1888 1378 1999 1425 aeternus

354 1467 410 1514 ete
423 1458 561 1514 contrario
574 1458 742 1512 ariversarios
755 1474 819 1514 suos
838 1457 871 1511 de
884 1455 1028 1512 aiiiietioue
1050 1463 1154 1523 tenpu-
1203 1448 1250 1523 pio
1262 1451 1354 1508 labore
1368 1453 1538 1523 expenditur,
1557 1452 1637 1523 juxte
1650 1455 1807 1527 allegoriam
1822 1467 1914 1515 utitem
1939 1474 1999 1514 unr-

356 1549 406 1603 mii
430 1549 607 1605 adironorem
622 1564 768 1621 supernum
792 1549 947 1616 translatos,
980 1562 1041 1603 sera
1064 1545 1153 1615 poeni-
1204 1542 1254 1598 bra
1279 1542 1441 1600 oblivionem
1459 1544 1557 1601 mentis
1582 1554 1630 1602 aut
1647 1550 1881 1618 morteutoaruis,
1900 1552 1999 1622 quibus

356 1639 440 1693 tentia
463 1647 545 1709 atque
562 1638 728 1694 infructuosa
742 1640 992 1711 luuoeonqniruut,
1013 1647 1084 1714 urrod
1102 1661 1152 1702 an·
1204 1634 1323 1689 humana
1352 1635 1409 1690 viia
1434 1636 1551 1691 obnoxia
1574 1645 1627 1704 est,
1641 1653 1784 1708 possumus
1809 1642 1943 1712 occipere.
1970 1644 1999 1698 in

355 1741 411 1795 tea,
435 1732 499 1786 dum
517 1731 593 1787 iiruit
614 1733 638 1786 si
655 1732 754 1786 veilent
767 1730 904 1789 fructuose
926 1749 1007 1806 agere
1027 1748 1151 1808 possent,
1205 1727 1301 1782 truntio
1317 1736 1493 1796 percurrente
1514 1731 1706 1800 propassiones
1720 1731 1818 1787 uttiune
1842 1733 1900 1787 sire
1921 1735 1999 1804 egri-

393 1822 466 1892 Erpo
485 1821 629 1876 erruoirnns
647 1839 664 1876 n
680 1824 860 1889 riueeritutis,
887 1834 911 1878 et
931 1825 1043 1895 iustitie
1065 1826 1153 1883 lumen
1206 1818 1313 1874 rudinus
1337 1819 1472 1890 wimiis»
1504 1834 1564 1889 (il¹ae
1596 1820 1717 1877 indicam
1749 1838 1783 1879 ³⁰
1810 1833 2000 1893 imminuis

355 1926 408 1965 uon
429 1909 498 1962 lusit
521 1908 606 1974 uobis,
628 1919 652 1963 et
677 1910 717 1964 rut
739 1911 916 1983 inteltipentioe
937 1931 989 1968 uon
1014 1924 1052 1970 eit
1081 1925 1154 1972 orror
1205 1922 1334 1965 oceasum
1348 1910 1533 1981 corruptibilis
1549 1911 1620 1968 vite.
1644 1911 1697 1969 Per
1715 1929 1792 1969 arem
1811 1918 2002 1972 autemextoi-

355 2000 440 2055 nodis.
470 1998 520 2054 Via
533 2000 660 2056 veritatis
673 2002 849 2073 Et'angeiinm
864 2003 965 2061 Christi
982 2015 1035 2073 est,
1056 2016 1085 2063 et
1110 2009 1153 2064 lex
1206 2000 1318 2058 lentiam
1337 2002 1477 2072 iiciabiiae
1494 2005 1647 2071 militianm·
1674 2005 1732 2061 Sile
1743 2008 1866 2064 itaeresis.
1885 2008 1937 2065 Pet
1951 2026 2000 2065 ¹¹³·

356 2090 461 2155 divina,
488 2090 522 2145 de
537 2106 590 2160 qua
603 2101 764 2147 erraverunt
782 2093 868 2164 impii,
886 2097 1014 2166 quonism
1036 2097 1073 2153 iiii
1089 2115 1152 2155 ere·
1170 2082 1192 2142 B
1207 2105 1267 2147 vem
1278 2102 1344 2148 i0r⁰
1357 2092 1495 2148 levitatem
1508 2094 1634 2150 humissae
1647 2097 1756 2163 mentis,
1783 2114 1844 2169 (liii)
1862 2115 1911 2169 per
1927 2116 2003 2157 ³¹¹¹ss-

354 2181 468 2238 derret
491 2183 602 2238 obedire
624 2184 776 2239 uoluerunt.
809 2185 912 2254 Quibus
934 2198 963 2245 et
981 2190 1094 2261 justitia·
1113 2192 1154 2246 lu.
1206 2195 1253 2236 ras
1273 2180 1366 2237 saeenli
1377 2181 1458 2251 trojus
1472 2183 1559 2239 nudus
1573 2184 1774 2241 immundorum
1789 2188 1935 2257 spirituum
1955 2190 2003 2244 lla·

355 2288 418 2328 rnen
438 2287 493 2327 non
518 2273 596 2339 inxit,
619 2282 646 2329 et
664 2274 704 2330 soi
732 2274 915 2348 intelligentie
940 2287 1048 2334 nonest
1065 2289 1152 2347 ortus,
1206 2270 1279 2326 tibus
1300 2270 1427 2343 &dilatur-
1454 2271 1506 2326 Pei·
1523 2273 1649 2344 Sigillum
1674 2274 1750 2331 (iobis
1778 2284 1861 2348 eiquo
1888 2279 2003 2336 iusidias

355 2363 418 2433 qnia
444 2365 562 2418 eurtteis
582 2364 707 2421 Christus
732 2383 784 2422 non
809 2367 1073 2441 solertemque
1091 2371 1154 2426 illu·
1207 2365 1370 2435 iniquomm.
1401 2364 1464 2420 ilaue
1490 2364 1563 2420 enim
1593 2368 1684 2422 omnin
1720 2369 1746 2422 in
1768 2371 1911 2439 presentis
1938 2373 2001 2427 titre

354 2457 439 2510 minut
464 2472 567 2510 omnem
584 2456 715 2511 bominem
731 2458 873 2512 renierttem
895 2460 922 2513 iu
935 2460 1005 2514 irrue
1025 2462 1152 2517 ruendum
1204 2470 1325 2511 eorumne
1339 2462 1493 2520 versantur,
1516 2457 1563 2511 sed
1582 2466 1643 2525 post
1655 2466 1794 2526 pernotum
1811 2460 1891 2517 linunt
1914 2462 2001 2517 intru-

346 2544 447 2616 '(iouu.
463 2547 496 2617 ι),
515 2545 592 2602 etsoi
605 2546 716 2617 justitie
733 2548 779 2617 qni
791 2549 880 2604 oritur
903 2550 1061 2607 timentibus
1079 2567 1152 2608 eum.
1205 2554 1327 2602 croesum
1342 2546 1532 2616 penitentiam
1554 2547 1755 2616 possessoribus
1770 2550 1827 2604 suis
1844 2551 1915 2622 upnd
1935 2551 2003 2606 inie-

355 2634 383 2690 in
405 2636 485 2705 eujus
507 2639 588 2692 etium
603 2637 692 2707 poeuis
710 2652 773 2693 vera
794 2648 836 2695 est
854 2640 968 2706 sonitus,
981 2643 1111 2712 qnmtiam
1127 2645 1154 2699 in
1206 2649 1251 2694 ros
1265 2638 1431 2709 relinquunt,
1452 2650 1503 2709 pro
1515 2639 1614 2709 mribus
1629 2648 1737 2710 semper
1756 2652 1864 2711 pertnent
1884 2654 1911 2698 et
1928 2645 2002 2698 nulla

355 2725 524 2796 protectione
545 2726 603 2797 ejtrs
619 2728 681 2781 vitre
690 2739 828 2799 perpetuae
843 2739 950 2785 constat
963 2732 1083 2803 iarpitas,
1099 2733 1155 2803 ipse
1205 2730 1390 2785 consolatione
1411 2729 1635 2796 sublevabuntur,
1659 2740 1802 2801 mopteren
1827 2733 2001 2804 subsequitur

355 2817 467 2888 perfidis
480 2817 620 2889 gentilium
636 2818 814 2889 pbilosophis,
841 2831 891 2877 nee
906 2836 959 2877 nou
979 2833 1006 2878 et
1019 2824 1155 2879 iteretieis
1206 2820 1346 2890 Scriptura
1357 2821 1450 2877 dietrirs
1465 2839 1472 2874 ε

356 2920 408 2960 non
426 2905 507 2969 luxit,
537 2906 665 2974 qtrorriant
689 2908 825 2963 tramitem
845 2911 970 2966 veritatis
997 2913 1151 2984 spernendo
1242 2910 1318 2965 Trita
1334 2911 1458 2966 dixerunt
1473 2911 1500 2965 iu
1515 2911 1710 2983 irrfernotrrpri
1730 2922 1898 2984 peecaverunt
1910 2927 1920 2965 :
1934 2929 2000 2986 qno·

357 3013 440 3055 tanes
463 2998 624 3055 traditiones
647 3005 674 3055 et
687 3009 777 3056 serim
799 3000 932 3059 delendas
956 3005 1032 3075 sequi
1053 3005 1156 3060 malue-
1206 3002 1278 3056 mum
1297 3018 1356 3073 rprr
1374 3002 1449 3073 inpii
1466 3011 1591 3073 tarqrtun
1606 3002 1703 3074 troops
1720 3016 1757 3058 err
1769 3013 1939 3076 queruntur
1950 3006 2001 3059 tol·

357 3101 429 3159 runt,
459 3091 605 3163 propterea
629 3093 825 3163 subsequentes
846 3094 961 3150 riirtrnt:
1205 3095 1278 3160 litor,
1291 3104 1452 3166 ertunqrrorn
1464 3110 1559 3164 epona
1576 3094 1684 3166 praeitis
1704 3106 1763 3165 mre
1783 3096 1928 3165 rproceilo
1942 3096 2000 3152 dir·
2041 3074 2061 3103 ⁶

388 3187 496 3242 Larem
512 3202 571 3242 turn
582 3202 603 3240 rs
616 3187 643 3240 iu
662 3187 702 3240 uia
722 3187 871 3263 iniquitatis
895 3199 921 3243 et
933 3189 1105 3261 perditionis,
1129 3200 1153 3244 et
1204 3188 1333 3258 perpitsr,
1344 3197 1368 3241 et
1390 3196 1515 3258 tonorum
1528 3187 1618 3257 firmor
1637 3187 1682 3259 pai
1698 3196 1802 3242 noento
1815 3188 1930 3258 diffusas
1949 3198 2000 3254 eat,

357 3280 549 3336 ambitioninus
563 3281 617 3334 rios
628 3278 756 3350 difficiles,
775 3281 843 3334 rium
857 3290 944 3335 utitem
958 3280 1066 3336 Domini
1078 3283 1156 3353 ipuo·
1205 3287 1229 3333 et
1243 3288 1371 3350 teupernus
1389 3279 1514 3334 memorio
1528 3279 1640 3350 bospitis
1651 3280 1729 3334 uniet
1747 3280 1799 3335 diei
1811 3282 2001 3350 pretereuntis.

357 3374 481 3428 rorimrtr.
506 3371 611 3427 bassati
622 3378 685 3426 sunt
698 3371 850 3443 philosophi
865 3372 891 3426 in
904 3373 948 3427 eia
962 3372 1113 3443 iniquitatis
1127 3383 1155 3429 et
1204 3367 1300 3424 Adbuc
1328 3377 1445 3439 uuuuor
1468 3368 1572 3438 speeies
1586 3368 1653 3425 alias
1671 3368 1821 3425 introduxit
1844 3370 1879 3423 nti
1891 3370 2005 3426 demon·

356 3462 524 3535 perditionis,
546 3462 609 3532 quia
629 3476 690 3517 curu
717 3461 903 3517 ratiocinando
928 3463 1021 3518 mnudi
1051 3462 1154 3518 mariti-
1167 3443 1191 3506 C
1206 3458 1345 3514 strandam
1359 3457 1547 3515 infirmitatem
1563 3459 1621 3529 spei
1634 3459 1801 3530 iuiuuornm,
1814 3471 1867 3530 qna
1880 3461 1921 3516 rei
1933 3477 2003 3531 pre·

357 3570 419 3609 naut
450 3553 543 3609 ditioo
557 3553 658 3608 bonore
678 3552 825 3608 sublimare
839 3553 995 3619 voluerunt,
1019 3562 1047 3610 et
1071 3558 1149 3611 ere'a-
1205 3551 1293 3606 seirtia
1305 3550 1412 3605 stabilia
1442 3557 1525 3621 utque
1539 3558 1668 3606 mensura
1681 3564 1742 3606 esse
1755 3556 1930 3619 putaverunt,
1961 3550 2005 3605 rei

357 3653 422 3701 turae
434 3645 525 3715 potius
537 3644 640 3700 seruire
650 3643 731 3715 «piem
745 3645 861 3700 creatori
876 3645 1016 3715 elegerunt
1030 3645 1079 3700 :in
1095 3646 1153 3715 ipsa
1205 3656 1234 3697 se
1253 3641 1280 3695 in
1295 3639 1417 3709 pereatis
1435 3640 1558 3695 viventes
1583 3640 1695 3710 impune
1708 3638 1826 3695 evadere
1839 3653 1918 3708 posse
1929 3639 2003 3693 resti-

356 3736 537 3807 exquisitione
548 3750 597 3790 suu
612 3734 779 3800 rieieoerunt,
792 3743 821 3790 et
835 3749 887 3789 nou
900 3735 1015 3790 sulutem
1027 3737 1073 3790 sed
1089 3740 1153 3805 por·
1206 3740 1359 3787 tutaverunt.
1384 3730 1495 3802 innugo
1522 3731 1595 3786 enim
1621 3746 1682 3801 qun
1706 3745 1739 3786 ex
1769 3729 1915 3786 herbarum
1939 3729 2006 3786 liure

357 3825 486 3883 ditionem
514 3824 683 3880 invenerunt.
708 3824 840 3880 Similiter
865 3834 892 3879 et
912 3825 1031 3881 baeretici
1058 3840 1154 3896 strper-
1205 3830 1389 3879 tnaroeseente
1403 3823 1499 3887 oritur,
1513 3822 1685 3894 fragilitatem
1695 3824 1930 3895 earnisespritnit,
1944 3841 2004 3894 «μιαν

357 3917 454 3971 biendo
468 3916 526 3970 sins
537 3913 658 3971 difficiles
676 3915 845 3970 ambulantes
862 3925 951 3971 seetas
975 3924 1153 3987 ooutposuere
1205 3926 1316 3973 urente
1336 3917 1525 3988 egritudinum
1542 3916 1585 3971 vel
1600 3917 1723 3973 molestia
1747 3920 1869 3988 eorporis
1891 3918 2001 3984 tollitur,

358 4004 498 4072 peloridas,
509 4004 563 4062 'nee
579 4008 649 4060 viam
664 4006 782 4072 bomini,
802 4021 862 4077 quae
875 4014 918 4061 ost
928 4007 1030 4062 veritas
1040 4016 1068 4062 et
1080 4008 1146 4070 rna,
1205 4020 1255 4064 uec
1276 4009 1405 4064 diuturna
1422 4023 1533 4064 manere
1557 4008 1734 4078 permittitur,
1756 4009 1820 4079 puin
1836 4009 1921 4063 ortuis
1938 3994 2003 4064 curo

357 4108 544 4170 agnovernut;
560 4098 621 4152 ideo
635 4098 795 4167 semetipsos
811 4099 838 4152 in
855 4099 1032 4169 perditionem
1056 4114 1154 4169 perpe·
1205 4099 1306 4169 teuent,
1318 4108 1341 4154 et
1353 4100 1439 4152 ornuia
1449 4098 1532 4168 ploriu
1542 4099 1600 4169 ejus
1611 4107 1736 4169 tnnprrum
1749 4100 1799 4167 tior
1809 4097 1873 4166 seui.
1889 4097 2003 4154 Eruruit

359 4197 429 4244 tuam
458 4187 635 4252 tradiderunt,
663 4203 712 4243 nee
726 4188 766 4243 eis
790 4188 907 4243 sttnliunt
928 4189 1072 4258 praesentis
1090 4190 1154 4244 vite
1207 4189 1296 4258 [enum
1310 4198 1334 4242 et
1344 4189 1393 4258 tior
1406 4189 1462 4257 ejus
1473 4188 1593 4253 decidit3
1611 4189 1714 4243 terium
1730 4187 1933 4243 neturbemini
1947 4208 2004 4244 rnu-

358 4282 504 4353 quidnuam
530 4279 654 4335 utilitatis
680 4281 807 4346 eontulit,
831 4281 929 4351 unibus
952 4289 1153 4352 postmortem
1207 4287 1249 4332 net
1275 4277 1301 4332 iu
1326 4288 1452 4332 eternum
1477 4276 1546 4348 (lra-
1571 4278 1627 4347 mi.
1652 4277 1753 4347 Spnma
1778 4286 1869 4333 autern
1893 4292 2002 4349 quares

358 4386 409 4427 non
433 4369 573 4442 premium
595 4371 642 4426 sed
658 4385 738 4441 poene
753 4371 907 4439 suecessit3
932 4370 1005 4427 undo
1031 4370 1153 4427 dolentes
1205 4368 1283 4440 niptris
1294 4368 1367 4424 editu
1382 4368 1461 4436 aquis
1479 4375 1647 4438 supernatat,
1674 4368 1810 4438 appetitus
1833 4369 1943 4424 bomani
1962 4370 2003 4424 lit·

359 4464 475 4519 dicuin:
1205 4463 1280 4518 voris
1298 4470 1325 4517 et
1343 4459 1477 4531 jactantie
1503 4459 1623 4531 vulgaris
1638 4460 1754 4531 iutebipi
1778 4469 1890 4530 potest:
1907 4478 1967 4532 quae
1985 4480 2002 4519 a

392 4554 465 4620 Quid
485 4553 559 4608 nobis
573 4553 673 4624 profuit
701 4553 848 4624 snperbia?
871 4563 917 4608 arrt
940 4554 1092 4610 diritirrrtm
1102 4556 1150 4628 ju·
1208 4553 1327 4625 procella
1351 4552 1583 4610 tentatiounmtei
1605 4553 1779 4609 discussione
1803 4552 1883 4609 luturi
1905 4555 2001 4625 judieii

360 4643 456 4698 rtuntiu
473 4644 537 4715 prid
548 4643 658 4698 contraiit
683 4644 782 4699 uobis?
798 4643 971 4700 Trurreierunt
991 4648 1080 4702 omniu
1104 4647 1153 4703 iilo
1205 4644 1378 4714 dispergitur,
1398 4643 1461 4713 quia
1478 4658 1561 4713 quam
1580 4657 1649 4697 vana
1663 4642 1764 4698 luerint
1784 4657 1878 4699 eorum
1895 4652 2000 4700 attactu

359 4744 484 4806 torturum
498 4734 602 4799 embra,
626 4743 651 4788 et
670 4743 796 4805 tunquam
809 4735 916 4790 nentina
939 4753 1106 4807 percurrens,
1127 4747 1153 4793 et
1205 4735 1346 4805 probatur,
1374 4734 1414 4789 sio
1427 4742 1456 4789 et
1468 4733 1559 4791 innius
1578 4733 1726 4788 vanitatem
1747 4735 1857 4791 caducae
1869 4736 1930 4790 viee
1952 4736 2000 4793 de·

360 4836 484 4898 turparunt
494 4826 631 4897 rtuuirqure
639 4827 789 4898 pertransiit
799 4829 971 4897 fluctuantem
981 4847 1078 4901 uquam
1090 4845 1099 4884 :
1111 4847 1154 4885 crr-
1167 4796 1196 4857 D
1207 4838 1360 4894 ntonstmt;
1379 4827 1508 4898 quonium
1528 4826 1598 4881 sieut
1617 4824 1707 4882 iumns
1730 4836 1812 4881 uetito
1829 4825 1998 4895 diffunditur,

357 4916 412 4985 irs,
437 4917 675 4987 crrrrrpruterierit,
695 4934 748 4970 uon
763 4925 799 4971 est
814 4917 948 4987 eertipium
970 4919 1096 4987 inuenire,
1110 4937 1155 4976 ne·
1207 4919 1247 4975 sio
1264 4919 1382 4974 bumana
1407 4918 1462 4972 vita
1486 4926 1638 4987 temporum
1661 4917 1810 4972 mutatione
1834 4918 1998 4974 dissolvitur.

359 5007 720 5075 puremitunrrurinoeiilies
732 5009 760 5062 in
770 5005 1156 5082 fluctibns5uuttunptruntueia
1209 5011 1286 5069 llnde
1312 5021 1340 5069 et
1353 5027 1402 5083 por
1416 5010 1619 5067 similitudinem
1636 5010 1785 5065 transeunti
1803 4990 1999 5080 bospiti'eotn-

359 5097 599 5167 prutrunmolutin
610 5100 1158 5174 aeterniusunllurnintenitrrrurpnnten·
1208 5112 1319 5175 parator
1331 5120 1339 5170 ;
1353 5102 1417 5173 quia
1437 5117 1532 5158 omues
1552 5101 1596 5157 irio
1615 5101 1737 5170 hospites
1756 5108 1784 5155 et
1797 5101 1934 5170 peregrini
1951 5117 1999 5157 su·

360 5191 533 5256 temitineria,
547 5191 701 5246 redientem
714 5192 1157 5250 sortituratrrrmerrteranrtnem
1211 5202 1281 5259 rirtts,
1306 5195 1339 5249 de
1359 5209 1413 5264 quo
1434 5193 1612 5249 Ecclesiastes
1629 5194 1691 5246 oit:
1714 5190 1853 5247 Generatio
1872 5204 2000 5264 pruteni,

361 5295 473 5348 reniam,
497 5295 521 5336 rt
529 5283 648 5337 scindens
656 5300 702 5353 per
713 5284 871 5338 oirnitinen's
892 5301 979 5339 nerem
994 5287 1150 5340 :contuleris
1203 5295 1227 5340 et
1250 5286 1382 5356 pancratio
1408 5283 1522 5351 aduenit,
1545 5294 1616 5338 terra
1636 5293 1723 5338 autern
1743 5284 1771 5337 in
1789 5283 1919 5343 seruiunt
1937 5297 1999 5351 rtur,

361 5374 583 5430 rlirtrurrsroiuuit
603 5385 627 5429 et
646 5376 762 5445 portitor
776 5370 878 5430 nrtlltn'n
902 5377 1005 5448 siprrnm
1024 5377 1152 5432 ineertitrrr
1203 5376 1262 5430 ideo
1282 5375 1370 5449 omnip
1400 5375 1501 5430 nutritus
1531 5374 1630 5447 (Eceie.
1652 5375 1683 5447 t).
1711 5375 1781 5443 Quid
1807 5377 1881 5432 enirn
1902 5380 2000 5434 t'ottitts

361 5470 462 5526 itineris
472 5470 543 5526 illins
552 5489 562 5536 ,·
572 5482 616 5525 unt
627 5483 752 5540 terrorum
765 5475 859 5545 supittu
874 5476 970 5530 emissa
980 5474 1153 5530 inioceurde·
1205 5467 1257 5523 hit
1275 5467 1406 5531 *bellilei
1432 5482 1513 5536 quem
1526 5476 1629 5522 leriam
1648 5482 1760 5523 manere
1783 5483 1845 5538 ⁴1¹¹ae
1857 5469 1998 5525 bominum

363 5561 1153 5636 rtiuutrrnr:dioireaoercontineobiterecirrsrrsest,utipuo·
1205 5572 1287 5611 iiiiii
1300 5555 1369 5611 sicii
1384 5564 1427 5613 0⁵1
1446 5565 1475 5612 ei
1496 5556 1584 5626 ipsum
1603 5556 1740 5613 hominem
1764 5566 1844 5613 ieltae
1860 5559 1998 5614 dominun!

364 5652 568 5707 retrrtreusittrs
577 5651 710 5707 illinunt
721 5662 745 5707 et
756 5670 802 5708 nos
815 5656 870 5709 uoti
882 5655 1151 5710 cominaodeeirintur
1206 5647 1234 5701 51¹
1249 5648 1386 5718 pulverem
1403 5657 1512 5719 repenle
1522 5649 1652 5705 dissolvi:
1667 5650 1738 5704 undo
1755 5650 1877 5720 settttitttt·
1888 5667 1895 5704 :
1905 5647 1998 5703 Oritur

364 5755 424 5805 erre,
440 5751 465 5795 rt
479 5742 692 5814 virttrtiequident
706 5743 1150 5817 rrtrlltnnaiprremeulrinturostrn-
1206 5738 1247 5794 ⁸⁰1
1271 5749 1295 5793 et
1314 5741 1420 5807 occidit,
1443 5750 1466 5795 et
1480 5739 1515 5795 ud
1535 5739 1622 5794 iocum
1636 5756 1713 5794 suunt
1732 5739 1866 5793 rerertitnr
1889 5736 1995 5807 (ittet.

364 5830 436 5886 irre:
453 5832 482 5884 iu
492 5831 655 5903 mulipnitutr
671 5843 759 5889 autem
777 5847 868 5890 nostra
882 5837 1029 5906 consumpti
1048 5854 1150 5893 runnu.
1207 5829 1274 5884 Nutu
1295 5830 1351 5900 ipse
1365 5828 1415 5895 soi,
1435 5832 1481 5902 qui
1497 5832 1523 5885 in
1536 5831 1622 5886 lucent
1638 5830 1796 5886 ntortuiibus
1812 5828 1891 5883 datus
1901 5838 1942 5881 est
1955 5828 1997 5879 iu-

366 5917 413 5975 i'er
423 5920 545 5992 quinque
557 5924 661 5993 species
673 5923 888 5989 similitudinum,
904 5941 972 5995 urrais
990 5925 1152 5996 proferendo
1208 5923 1316 5978 teritum
1334 5923 1425 5978 mundi
1441 5931 1502 5978 ertu
1515 5938 1565 5978 suo
1575 5922 1695 5992 prioridie
1709 5919 1819 5982 indicat,
1838 5925 1867 5974 ot
1879 5931 1994 5972 occasu:

366 6008 516 6083 iniquorum
536 6014 700 6071 infructuosa
720 6017 875 6087 poenitentia
896 6016 1000 6072 iabores
1021 6031 1084 6072 snos
1107 6017 1154 6075 tle-
1208 6029 1235 6075 rt
1249 6021 1300 6076 iroo
1320 6026 1404 6075 totum
1427 6018 1528 6074 ideireo
1552 6025 1582 6072 ut
1595 6015 1692 6071 doceat
1714 6010 1906 6067 mutationibus
1927 6017 2004 6081 tent·¹
