<?xml version="1.0" encoding="UTF-8"?>
<!DOCTYPE html PUBLIC "-//W3C//DTD XHTML 1.0 Transitional//EN"
    "http://www.w3.org/TR/xhtml1/DTD/xhtml1-transitional.dtd">
<html xmlns="http://www.w3.org/1999/xhtml" xml:lang="en" lang="en">
 <head>
  <title>
</title>
<meta http-equiv="Content-Type" content="text/html;charset=utf-8" />
  <meta name='ocr-system' content='tesseract 3.04.00' />
  <meta name='ocr-capabilities' content='ocr_page ocr_carea ocr_par ocr_line ocrx_word'/>
</head>
<body>
  <div class='ocr_page' id='page_1' title='image "./patrologiaecurs90unkngoog/patrologiaecurs90unkngoog_0286.png"; bbox 0 0 4709 6767; ppageno 0'>
   <div class='ocr_carea' id='block_1_1' title="bbox 402 528 456 587">
    <p class='ocr_par' dir='ltr' id='par_1_1' title="bbox 402 528 456 587">
     <span class='ocr_line' id='line_1_1' title="bbox 402 528 456 587; baseline -0.056 0"><span class='ocrx_word' id='word_1_1' title='bbox 402 528 456 587; x_wconf 66' lang='lat' dir='ltr'><strong>ees</strong></span> 
     </span>
    </p>
   </div>
   <div class='ocr_carea' id='block_1_2' title="bbox 722 523 1702 585">
    <p class='ocr_par' dir='ltr' id='par_1_2' title="bbox 722 523 1702 585">
     <span class='ocr_line' id='line_1_2' title="bbox 722 523 1702 585; baseline 0.003 -3"><span class='ocrx_word' id='word_1_2' title='bbox 722 526 753 583; x_wconf 90' lang='lat' dir='ltr'><strong>D.</strong></span> <span class='ocrx_word' id='word_1_3' title='bbox 773 525 901 585; x_wconf 74' lang='lat' dir='ltr'><strong>DADle</strong></span> <span class='ocrx_word' id='word_1_4' title='bbox 920 525 1031 584; x_wconf 78' lang='lat' dir='ltr'><strong>lldlilll</strong></span> <span class='ocrx_word' id='word_1_5' title='bbox 1047 523 1208 582; x_wconf 74' lang='lat' dir='ltr'><strong>uuerden.</strong></span> <span class='ocrx_word' id='word_1_6' title='bbox 1229 523 1384 583; x_wconf 75' lang='lat' dir='ltr'><strong>MOGUNT.</strong></span> <span class='ocrx_word' id='word_1_7' title='bbox 1406 525 1550 585; x_wconf 71' lang='lat' dir='ltr'><strong>occubat</strong></span> <span class='ocrx_word' id='word_1_8' title='bbox 1570 527 1663 585; x_wconf 73' lang='lat' dir='ltr'><strong>PARS</strong></span> <span class='ocrx_word' id='word_1_9' title='bbox 1680 528 1702 585; x_wconf 88' lang='lat' dir='ltr'><strong>l.</strong></span> 
     </span>
    </p>
   </div>
   <div class='ocr_carea' id='block_1_3' title="bbox 1950 473 2031 592">
    <p class='ocr_par' dir='ltr' id='par_1_3' title="bbox 1950 473 2031 592">
     <span class='ocr_line' id='line_1_3' title="bbox 1950 473 2031 592; baseline 0 0"><span class='ocrx_word' id='word_1_10' title='bbox 1950 473 2031 592; x_wconf 43' lang='lat' dir='ltr'><strong>&#39;itt</strong></span> 
     </span>
    </p>
   </div>
   <div class='ocr_carea' id='block_1_4' title="bbox 387 625 2022 722">
    <p class='ocr_par' dir='ltr' id='par_1_4' title="bbox 387 625 2022 722">
     <span class='ocr_line' id='line_1_4' title="bbox 387 625 2022 722; baseline -0.002 -17"><span class='ocrx_word' id='word_1_11' title='bbox 387 649 563 722; x_wconf 66' lang='lat' dir='ltr'><strong>repieta-osio</strong></span> <span class='ocrx_word' id='word_1_12' title='bbox 577 658 618 704; x_wconf 87' lang='lat' dir='ltr'><strong>est</strong></span> <span class='ocrx_word' id='word_1_13' title='bbox 630 647 656 702; x_wconf 89' lang='lat' dir='ltr'><strong>iu</strong></span> <span class='ocrx_word' id='word_1_14' title='bbox 668 647 839 703; x_wconf 73' lang='lat' dir='ltr'><strong>sermonibus</strong></span> <span class='ocrx_word' id='word_1_15' title='bbox 850 644 952 707; x_wconf 83' lang='lat' dir='ltr'><strong>iuditb.</strong></span> <span class='ocrx_word' id='word_1_16' title='bbox 961 645 1008 702; x_wconf 87' lang='lat' dir='ltr'><strong>sel</strong></span> <span class='ocrx_word' id='word_1_17' title='bbox 1019 647 1109 702; x_wconf 87' lang='lat' dir='ltr'><strong>omnia</strong></span> <span class='ocrx_word' id='word_1_18' title='bbox 1120 659 1186 699; x_wconf 84' lang='lat' dir='ltr'><strong>vera</strong></span> <span class='ocrx_word' id='word_1_19' title='bbox 1205 645 1229 702; x_wconf 83' lang='lat' dir='ltr'><strong>rt</strong></span> <span class='ocrx_word' id='word_1_20' title='bbox 1244 660 1254 693; x_wconf 84' lang='grc' dir='ltr'><strong>ι</strong></span> <span class='ocrx_word' id='word_1_21' title='bbox 1268 642 1418 714; x_wconf 78' lang='lat' dir='ltr'>quadrigis,</span> <span class='ocrx_word' id='word_1_22' title='bbox 1429 652 1455 698; x_wconf 91' lang='lat' dir='ltr'><strong>et</strong></span> <span class='ocrx_word' id='word_1_23' title='bbox 1467 643 1493 698; x_wconf 91' lang='lat' dir='ltr'><strong>in</strong></span> <span class='ocrx_word' id='word_1_24' title='bbox 1504 644 1626 713; x_wconf 81' lang='lat' dir='ltr'><strong>equitatu</strong></span> <span class='ocrx_word' id='word_1_25' title='bbox 1639 659 1699 710; x_wconf 92' lang='lat' dir='ltr'><strong>suo,</strong></span> <span class='ocrx_word' id='word_1_26' title='bbox 1712 627 1740 702; x_wconf 84' lang='lat' dir='ltr'><strong>et</strong></span> <span class='ocrx_word' id='word_1_27' title='bbox 1752 642 1779 700; x_wconf 94' lang='lat' dir='ltr'><strong>in</strong></span> <span class='ocrx_word' id='word_1_28' title='bbox 1793 625 1970 704; x_wconf 85' lang='lat' dir='ltr'><strong>multitudiue</strong></span> <span class='ocrx_word' id='word_1_29' title='bbox 1981 647 2022 702; x_wconf 88' lang='lat' dir='ltr'><strong>bel</strong></span> 
     </span>
    </p>
   </div>
   <div class='ocr_carea' id='block_1_5' title="bbox 396 736 1190 1994">
    <p class='ocr_par' dir='ltr' id='par_1_5' title="bbox 396 736 1190 1541">
     <span class='ocr_line' id='line_1_5' title="bbox 401 736 1190 811; baseline -0.01 -13"><span class='ocrx_word' id='word_1_30' title='bbox 401 750 463 798; x_wconf 83' lang='lat' dir='ltr'><strong>sunt</strong></span> <span class='ocrx_word' id='word_1_31' title='bbox 477 757 537 810; x_wconf 79' lang='lat' dir='ltr'><strong>qum</strong></span> <span class='ocrx_word' id='word_1_32' title='bbox 551 740 685 811; x_wconf 89' lang='lat' dir='ltr'><strong>leguntur.</strong></span> <span class='ocrx_word' id='word_1_33' title='bbox 702 738 769 806; x_wconf 75' lang='lat' dir='ltr'><strong>Quia</strong></span> <span class='ocrx_word' id='word_1_34' title='bbox 784 738 872 791; x_wconf 83' lang='lat' dir='ltr'><strong>omnia</strong></span> <span class='ocrx_word' id='word_1_35' title='bbox 888 753 947 807; x_wconf 78' lang='lat' dir='ltr'><strong>qum</strong></span> <span class='ocrx_word' id='word_1_36' title='bbox 962 736 1080 792; x_wconf 78' lang='lat' dir='ltr'>Ecclesia</span> <span class='ocrx_word' id='word_1_37' title='bbox 1094 737 1190 791; x_wconf 86' lang='lat' dir='ltr'><strong>catlro-</strong></span> 
     </span>
     <span class='ocr_line' id='line_1_6' title="bbox 401 830 1189 898; baseline -0.006 -9"><span class='ocrx_word' id='word_1_38' title='bbox 401 834 452 892; x_wconf 82' lang='lat' dir='ltr'><strong>lica</strong></span> <span class='ocrx_word' id='word_1_39' title='bbox 467 836 493 890; x_wconf 90' lang='lat' dir='ltr'><strong>in</strong></span> <span class='ocrx_word' id='word_1_40' title='bbox 506 833 676 891; x_wconf 85' lang='lat' dir='ltr'><strong>eouiessioue</strong></span> <span class='ocrx_word' id='word_1_41' title='bbox 689 848 760 886; x_wconf 83' lang='lat' dir='ltr'><strong>verm</strong></span> <span class='ocrx_word' id='word_1_42' title='bbox 774 831 852 898; x_wconf 88' lang='lat' dir='ltr'><strong>lldei,</strong></span> <span class='ocrx_word' id='word_1_43' title='bbox 866 848 915 887; x_wconf 90' lang='lat' dir='ltr'><strong>seu</strong></span> <span class='ocrx_word' id='word_1_44' title='bbox 935 832 962 886; x_wconf 94' lang='lat' dir='ltr'><strong>in</strong></span> <span class='ocrx_word' id='word_1_45' title='bbox 983 830 1104 887; x_wconf 87' lang='lat' dir='ltr'><strong>doctrina</strong></span> <span class='ocrx_word' id='word_1_46' title='bbox 1124 846 1189 885; x_wconf 88' lang='lat' dir='ltr'><strong>san-</strong></span> 
     </span>
     <span class='ocr_line' id='line_1_7' title="bbox 400 920 1190 996; baseline -0.008 -15"><span class='ocrx_word' id='word_1_47' title='bbox 400 935 451 981; x_wconf 75' lang='lat' dir='ltr'><strong>ctae</strong></span> <span class='ocrx_word' id='word_1_48' title='bbox 465 925 604 996; x_wconf 75' lang='lat' dir='ltr'><strong>religionis</strong></span> <span class='ocrx_word' id='word_1_49' title='bbox 616 923 735 993; x_wconf 73' lang='lat' dir='ltr'><strong>profert,</strong></span> <span class='ocrx_word' id='word_1_50' title='bbox 750 922 894 977; x_wconf 76' lang='lat' dir='ltr'><strong>laudabilia</strong></span> <span class='ocrx_word' id='word_1_51' title='bbox 919 929 981 976; x_wconf 87' lang='lat' dir='ltr'><strong>saut</strong></span> <span class='ocrx_word' id='word_1_52' title='bbox 993 921 1070 975; x_wconf 83' lang='lat' dir='ltr'><strong>valde</strong></span> <span class='ocrx_word' id='word_1_53' title='bbox 1089 929 1115 974; x_wconf 92' lang='lat' dir='ltr'><strong>et</strong></span> <span class='ocrx_word' id='word_1_54' title='bbox 1129 920 1190 975; x_wconf 86' lang='lat' dir='ltr'><strong>abs-</strong></span> 
     </span>
     <span class='ocr_line' id='line_1_8' title="bbox 400 1012 1190 1085; baseline -0.006 -16"><span class='ocrx_word' id='word_1_55' title='bbox 400 1031 453 1085; x_wconf 83' lang='lat' dir='ltr'><strong>que</strong></span> <span class='ocrx_word' id='word_1_56' title='bbox 473 1015 526 1069; x_wconf 92' lang='lat' dir='ltr'><strong>ulla</strong></span> <span class='ocrx_word' id='word_1_57' title='bbox 548 1014 765 1084; x_wconf 76' lang='lat' dir='ltr'><strong>reprehensione.</strong></span> <span class='ocrx_word' id='word_1_58' title='bbox 787 1012 870 1082; x_wconf 72' lang='lat' dir='ltr'><strong>(iarius</strong></span> <span class='ocrx_word' id='word_1_59' title='bbox 891 1012 988 1067; x_wconf 89' lang='lat' dir='ltr'><strong>merito</strong></span> <span class='ocrx_word' id='word_1_60' title='bbox 1011 1020 1039 1066; x_wconf 91' lang='lat' dir='ltr'><strong>et</strong></span> <span class='ocrx_word' id='word_1_61' title='bbox 1058 1012 1190 1080; x_wconf 87' lang='lat' dir='ltr'><strong>dignitato</strong></span> 
     </span>
     <span class='ocr_line' id='line_1_9' title="bbox 399 1101 1189 1175; baseline -0.009 -12"><span class='ocrx_word' id='word_1_62' title='bbox 399 1106 564 1163; x_wconf 90' lang='lat' dir='ltr'><strong>credendum</strong></span> <span class='ocrx_word' id='word_1_63' title='bbox 579 1113 620 1161; x_wconf 90' lang='lat' dir='ltr'><strong>est</strong></span> <span class='ocrx_word' id='word_1_64' title='bbox 633 1105 754 1175; x_wconf 89' lang='lat' dir='ltr'><strong>singulos</strong></span> <span class='ocrx_word' id='word_1_65' title='bbox 768 1118 876 1175; x_wconf 83' lang='lat' dir='ltr'><strong>quoque</strong></span> <span class='ocrx_word' id='word_1_66' title='bbox 892 1103 984 1159; x_wconf 81' lang='lat' dir='ltr'><strong>fideles</strong></span> <span class='ocrx_word' id='word_1_67' title='bbox 996 1103 1066 1172; x_wconf 74' lang='lat' dir='ltr'><strong>aprud</strong></span> <span class='ocrx_word' id='word_1_68' title='bbox 1082 1101 1189 1158; x_wconf 84' lang='lat' dir='ltr'><strong>Domini</strong></span> 
     </span>
     <span class='ocr_line' id='line_1_10' title="bbox 398 1193 1188 1264; baseline -0.005 -14"><span class='ocrx_word' id='word_1_69' title='bbox 398 1195 569 1252; x_wconf 89' lang='lat' dir='ltr'><strong>elementiam</strong></span> <span class='ocrx_word' id='word_1_70' title='bbox 582 1196 697 1251; x_wconf 93' lang='lat' dir='ltr'><strong>multum</strong></span> <span class='ocrx_word' id='word_1_71' title='bbox 711 1193 842 1264; x_wconf 83' lang='lat' dir='ltr'><strong>adjuvari.</strong></span> <span class='ocrx_word' id='word_1_72' title='bbox 860 1194 936 1263; x_wconf 84' lang='lat' dir='ltr'><strong>Quod</strong></span> <span class='ocrx_word' id='word_1_73' title='bbox 952 1195 989 1250; x_wconf 89' lang='lat' dir='ltr'><strong>ita</strong></span> <span class='ocrx_word' id='word_1_74' title='bbox 1006 1194 1087 1264; x_wconf 87' lang='lat' dir='ltr'><strong>digne</strong></span> <span class='ocrx_word' id='word_1_75' title='bbox 1102 1193 1148 1257; x_wconf 87' lang='lat' dir='ltr'><strong>m,</strong></span> <span class='ocrx_word' id='word_1_76' title='bbox 1164 1193 1188 1246; x_wconf 90' lang='lat' dir='ltr'><strong>si</strong></span> 
     </span>
     <span class='ocr_line' id='line_1_11' title="bbox 397 1285 1186 1357; baseline -0.004 -15"><span class='ocrx_word' id='word_1_77' title='bbox 397 1287 583 1357; x_wconf 83' lang='lat' dir='ltr'><strong>unusquisque</strong></span> <span class='ocrx_word' id='word_1_78' title='bbox 606 1295 700 1353; x_wconf 88' lang='lat' dir='ltr'><strong>curet,</strong></span> <span class='ocrx_word' id='word_1_79' title='bbox 720 1295 750 1340; x_wconf 89' lang='lat' dir='ltr'><strong>ut</strong></span> <span class='ocrx_word' id='word_1_80' title='bbox 771 1286 840 1342; x_wconf 90' lang='lat' dir='ltr'><strong>sicut</strong></span> <span class='ocrx_word' id='word_1_81' title='bbox 860 1285 982 1354; x_wconf 84' lang='lat' dir='ltr'><strong>probarit</strong></span> <span class='ocrx_word' id='word_1_82' title='bbox 997 1300 1090 1339; x_wconf 83' lang='lat' dir='ltr'><strong>rerum</strong></span> <span class='ocrx_word' id='word_1_83' title='bbox 1112 1299 1186 1348; x_wconf 87' lang='lat' dir='ltr'><strong>csso,</strong></span> 
     </span>
     <span class='ocr_line' id='line_1_12' title="bbox 397 1374 1188 1449; baseline -0.004 -16"><span class='ocrx_word' id='word_1_84' title='bbox 397 1379 470 1449; x_wconf 85' lang='lat' dir='ltr'><strong>qnod</strong></span> <span class='ocrx_word' id='word_1_85' title='bbox 482 1377 602 1433; x_wconf 79' lang='lat' dir='ltr'><strong>Ecclesia</strong></span> <span class='ocrx_word' id='word_1_86' title='bbox 617 1378 711 1440; x_wconf 90' lang='lat' dir='ltr'><strong>docet,</strong></span> <span class='ocrx_word' id='word_1_87' title='bbox 726 1374 764 1429; x_wconf 90' lang='lat' dir='ltr'><strong>ita</strong></span> <span class='ocrx_word' id='word_1_88' title='bbox 777 1375 883 1430; x_wconf 88' lang='lat' dir='ltr'><strong>actibus</strong></span> <span class='ocrx_word' id='word_1_89' title='bbox 899 1374 1030 1439; x_wconf 72' lang='lat' dir='ltr'><strong>imitetur,</strong></span> <span class='ocrx_word' id='word_1_90' title='bbox 1044 1374 1116 1444; x_wconf 88' lang='lat' dir='ltr'><strong>quod</strong></span> <span class='ocrx_word' id='word_1_91' title='bbox 1130 1374 1188 1445; x_wconf 87' lang='lat' dir='ltr'><strong>ipsa</strong></span> 
     </span>
     <span class='ocr_line' id='line_1_13' title="bbox 396 1467 1131 1541; baseline -0.007 -16"><span class='ocrx_word' id='word_1_92' title='bbox 396 1471 519 1527; x_wconf 80' lang='lat' dir='ltr'><strong>honestis</strong></span> <span class='ocrx_word' id='word_1_93' title='bbox 532 1470 663 1541; x_wconf 84' lang='lat' dir='ltr'><strong>exemplis</strong></span> <span class='ocrx_word' id='word_1_94' title='bbox 675 1469 834 1539; x_wconf 75' lang='lat' dir='ltr'><strong>persuadet,</strong></span> <span class='ocrx_word' id='word_1_95' title='bbox 847 1469 880 1524; x_wconf 89' lang='lat' dir='ltr'><strong>de</strong></span> <span class='ocrx_word' id='word_1_96' title='bbox 894 1483 947 1538; x_wconf 82' lang='lat' dir='ltr'><strong>qrro</strong></span> <span class='ocrx_word' id='word_1_97' title='bbox 959 1476 987 1523; x_wconf 90' lang='lat' dir='ltr'><strong>ct</strong></span> <span class='ocrx_word' id='word_1_98' title='bbox 999 1467 1131 1523; x_wconf 79' lang='lat' dir='ltr'><strong>subditur.</strong></span> 
     </span>
    </p>

    <p class='ocr_par' dir='ltr' id='par_1_6' title="bbox 397 1558 1188 1994">
     <span class='ocr_line' id='line_1_14' title="bbox 434 1558 1188 1630; baseline 0.003 -17"><span class='ocrx_word' id='word_1_99' title='bbox 434 1580 444 1613; x_wconf 91' lang='grc' dir='ltr'><strong>ι</strong></span> <span class='ocrx_word' id='word_1_100' title='bbox 458 1562 492 1616; x_wconf 84' lang='grc' dir='ltr'><strong>Ει</strong></span> <span class='ocrx_word' id='word_1_101' title='bbox 505 1562 573 1615; x_wconf 82' lang='lat' dir='ltr'><strong>dixit</strong></span> <span class='ocrx_word' id='word_1_102' title='bbox 587 1560 638 1616; x_wconf 91' lang='lat' dir='ltr'><strong>illis</strong></span> <span class='ocrx_word' id='word_1_103' title='bbox 651 1579 657 1614; x_wconf 93' lang='lat'><strong>:</strong></span> <span class='ocrx_word' id='word_1_104' title='bbox 674 1560 749 1615; x_wconf 86' lang='lat' dir='ltr'><strong>Sicut</strong></span> <span class='ocrx_word' id='word_1_105' title='bbox 762 1560 833 1630; x_wconf 86' lang='lat' dir='ltr'><strong>qnod</strong></span> <span class='ocrx_word' id='word_1_106' title='bbox 853 1560 927 1628; x_wconf 91' lang='lat' dir='ltr'><strong>potui</strong></span> <span class='ocrx_word' id='word_1_107' title='bbox 950 1558 1038 1629; x_wconf 85' lang='lat' dir='ltr'><strong>loqrn,</strong></span> <span class='ocrx_word' id='word_1_108' title='bbox 1061 1558 1107 1614; x_wconf 89' lang='lat' dir='ltr'><strong>Dei</strong></span> <span class='ocrx_word' id='word_1_109' title='bbox 1127 1575 1188 1615; x_wconf 89' lang='lat' dir='ltr'><strong>csse</strong></span> 
     </span>
     <span class='ocr_line' id='line_1_15' title="bbox 399 1650 1187 1722; baseline 0.004 -21"><span class='ocrx_word' id='word_1_110' title='bbox 399 1671 408 1701; x_wconf 79' lang='lat' dir='ltr'><strong>r</strong></span> <span class='ocrx_word' id='word_1_111' title='bbox 423 1653 597 1722; x_wconf 79' lang='lat' dir='ltr'><strong>cognoscitis,</strong></span> <span class='ocrx_word' id='word_1_112' title='bbox 613 1653 649 1707; x_wconf 91' lang='lat' dir='ltr'><strong>ita</strong></span> <span class='ocrx_word' id='word_1_113' title='bbox 662 1652 733 1721; x_wconf 68' lang='lat' dir='ltr'><strong>spraud</strong></span> <span class='ocrx_word' id='word_1_114' title='bbox 748 1651 836 1706; x_wconf 88' lang='lat' dir='ltr'><strong>lacere</strong></span> <span class='ocrx_word' id='word_1_115' title='bbox 851 1650 970 1722; x_wconf 78' lang='lat' dir='ltr'><strong>disposui</strong></span> <span class='ocrx_word' id='word_1_116' title='bbox 980 1693 987 1716; x_wconf 89' lang='lat'><strong>,</strong></span> <span class='ocrx_word' id='word_1_117' title='bbox 997 1651 1109 1721; x_wconf 91' lang='lat' dir='ltr'><strong>probate</strong></span> <span class='ocrx_word' id='word_1_118' title='bbox 1120 1651 1142 1705; x_wconf 90' lang='lat' dir='ltr'><strong>si</strong></span> <span class='ocrx_word' id='word_1_119' title='bbox 1153 1665 1187 1705; x_wconf 84' lang='lat' dir='ltr'><strong>ex</strong></span> 
     </span>
     <span class='ocr_line' id='line_1_16' title="bbox 398 1742 1186 1808; baseline 0.001 -12"><span class='ocrx_word' id='word_1_120' title='bbox 398 1764 407 1796; x_wconf 89' lang='grc' dir='ltr'><strong>ι</strong></span> <span class='ocrx_word' id='word_1_121' title='bbox 425 1746 479 1800; x_wconf 92' lang='lat' dir='ltr'><strong>Deo</strong></span> <span class='ocrx_word' id='word_1_122' title='bbox 492 1752 552 1808; x_wconf 87' lang='lat' dir='ltr'><strong>est,</strong></span> <span class='ocrx_word' id='word_1_123' title='bbox 567 1753 593 1798; x_wconf 89' lang='lat' dir='ltr'><strong>et</strong></span> <span class='ocrx_word' id='word_1_124' title='bbox 607 1755 684 1798; x_wconf 87' lang='lat' dir='ltr'><strong>orate</strong></span> <span class='ocrx_word' id='word_1_125' title='bbox 696 1753 725 1798; x_wconf 90' lang='lat' dir='ltr'><strong>ut</strong></span> <span class='ocrx_word' id='word_1_126' title='bbox 739 1743 846 1798; x_wconf 83' lang='lat' dir='ltr'><strong>snunuu</strong></span> <span class='ocrx_word' id='word_1_127' title='bbox 862 1743 943 1798; x_wconf 86' lang='lat' dir='ltr'><strong>iaciat</strong></span> <span class='ocrx_word' id='word_1_128' title='bbox 959 1743 1030 1797; x_wconf 91' lang='lat' dir='ltr'><strong>Deus</strong></span> <span class='ocrx_word' id='word_1_129' title='bbox 1044 1742 1186 1798; x_wconf 90' lang='lat' dir='ltr'><strong>consilium</strong></span> 
     </span>
     <span class='ocr_line' id='line_1_17' title="bbox 398 1837 1187 1908; baseline 0.004 -18"><span class='ocrx_word' id='word_1_130' title='bbox 398 1858 406 1890; x_wconf 88' lang='grc' dir='ltr'><strong>ι</strong></span> <span class='ocrx_word' id='word_1_131' title='bbox 422 1853 522 1892; x_wconf 86' lang='lat' dir='ltr'><strong>mcum.</strong></span> <span class='ocrx_word' id='word_1_132' title='bbox 543 1837 655 1892; x_wconf 79' lang='lat' dir='ltr'><strong>Stabitis</strong></span> <span class='ocrx_word' id='word_1_133' title='bbox 675 1853 722 1892; x_wconf 88' lang='lat' dir='ltr'><strong>ros</strong></span> <span class='ocrx_word' id='word_1_134' title='bbox 743 1837 776 1892; x_wconf 93' lang='lat' dir='ltr'><strong>ad</strong></span> <span class='ocrx_word' id='word_1_135' title='bbox 796 1846 901 1907; x_wconf 86' lang='lat' dir='ltr'><strong>portam</strong></span> <span class='ocrx_word' id='word_1_136' title='bbox 918 1846 997 1893; x_wconf 88' lang='lat' dir='ltr'><strong>nocte</strong></span> <span class='ocrx_word' id='word_1_137' title='bbox 1012 1838 1080 1901; x_wconf 87' lang='lat' dir='ltr'><strong>ista,</strong></span> <span class='ocrx_word' id='word_1_138' title='bbox 1095 1845 1122 1892; x_wconf 90' lang='lat' dir='ltr'><strong>et</strong></span> <span class='ocrx_word' id='word_1_139' title='bbox 1137 1853 1187 1908; x_wconf 84' lang='lat' dir='ltr'><strong>ego</strong></span> 
     </span>
     <span class='ocr_line' id='line_1_18' title="bbox 397 1927 1184 1994; baseline 0.004 -15"><span class='ocrx_word' id='word_1_140' title='bbox 397 1947 407 1979; x_wconf 82' lang='grc' dir='ltr'><strong>ι</strong></span> <span class='ocrx_word' id='word_1_141' title='bbox 422 1943 516 1983; x_wconf 84' lang='lat' dir='ltr'><strong>exeam</strong></span> <span class='ocrx_word' id='word_1_142' title='bbox 530 1944 591 1983; x_wconf 82' lang='lat' dir='ltr'><strong>curn</strong></span> <span class='ocrx_word' id='word_1_143' title='bbox 606 1927 671 1981; x_wconf 89' lang='lat' dir='ltr'><strong>abra</strong></span> <span class='ocrx_word' id='word_1_144' title='bbox 687 1943 765 1993; x_wconf 91' lang='lat' dir='ltr'><strong>mea;</strong></span> <span class='ocrx_word' id='word_1_145' title='bbox 787 1935 814 1982; x_wconf 88' lang='lat' dir='ltr'><strong>et</strong></span> <span class='ocrx_word' id='word_1_146' title='bbox 827 1936 904 1982; x_wconf 89' lang='lat' dir='ltr'><strong>orate</strong></span> <span class='ocrx_word' id='word_1_147' title='bbox 921 1938 960 1993; x_wconf 90' lang='lat' dir='ltr'><strong>ut,</strong></span> <span class='ocrx_word' id='word_1_148' title='bbox 978 1928 1048 1981; x_wconf 90' lang='lat' dir='ltr'><strong>sieut</strong></span> <span class='ocrx_word' id='word_1_149' title='bbox 1061 1928 1184 1994; x_wconf 80' lang='lat' dir='ltr'><strong>dixistis,</strong></span> 
     </span>
    </p>
   </div>
   <div class='ocr_carea' id='block_1_6' title="bbox 1239 734 2039 1999">
    <p class='ocr_par' dir='ltr' id='par_1_7' title="bbox 1239 734 2039 1999">
     <span class='ocr_line' id='line_1_19' title="bbox 1245 734 2034 808; baseline 0.011 -22"><span class='ocrx_word' id='word_1_150' title='bbox 1245 753 1254 786; x_wconf 87' lang='grc' dir='ltr'><strong>ι</strong></span> <span class='ocrx_word' id='word_1_151' title='bbox 1270 735 1396 791; x_wconf 89' lang='lat' dir='ltr'><strong>latorum.</strong></span> <span class='ocrx_word' id='word_1_152' title='bbox 1414 734 1467 792; x_wconf 87' lang='lat' dir='ltr'><strong>Sed</strong></span> <span class='ocrx_word' id='word_1_153' title='bbox 1483 737 1611 807; x_wconf 81' lang='lat' dir='ltr'><strong>aspexisti</strong></span> <span class='ocrx_word' id='word_1_154' title='bbox 1624 752 1706 808; x_wconf 90' lang='lat' dir='ltr'><strong>snper</strong></span> <span class='ocrx_word' id='word_1_155' title='bbox 1719 744 1809 793; x_wconf 83' lang='lat' dir='ltr'><strong>eastra</strong></span> <span class='ocrx_word' id='word_1_156' title='bbox 1824 752 1920 794; x_wconf 88' lang='lat' dir='ltr'><strong>eorum</strong></span> <span class='ocrx_word' id='word_1_157' title='bbox 1933 781 1940 803; x_wconf 92' lang='lat'><strong>,</strong></span> <span class='ocrx_word' id='word_1_158' title='bbox 1954 749 1982 795; x_wconf 92' lang='lat' dir='ltr'><strong>et</strong></span> <span class='ocrx_word' id='word_1_159' title='bbox 1995 749 2034 796; x_wconf 92' lang='lat' dir='ltr'><strong>te·</strong></span> 
     </span>
     <span class='ocr_line' id='line_1_20' title="bbox 1245 825 2037 903; baseline 0.013 -25"><span class='ocrx_word' id='word_1_160' title='bbox 1245 845 1254 878; x_wconf 88' lang='grc' dir='ltr'><strong>ι</strong></span> <span class='ocrx_word' id='word_1_161' title='bbox 1268 826 1358 881; x_wconf 87' lang='lat' dir='ltr'><strong>nebrae</strong></span> <span class='ocrx_word' id='word_1_162' title='bbox 1365 825 1545 899; x_wconf 80' lang='lat' dir='ltr'><strong>fatigaverunt</strong></span> <span class='ocrx_word' id='word_1_163' title='bbox 1554 827 1802 899; x_wconf 86' lang='lat' dir='ltr'><strong>eos.Teuuitpedes</strong></span> <span class='ocrx_word' id='word_1_164' title='bbox 1808 844 1905 885; x_wconf 90' lang='lat' dir='ltr'><strong>eornm</strong></span> <span class='ocrx_word' id='word_1_165' title='bbox 1913 829 2037 903; x_wconf 73' lang='lat' dir='ltr'><strong>abyssus,</strong></span> 
     </span>
     <span class='ocr_line' id='line_1_21' title="bbox 1244 917 2036 989; baseline 0.009 -19"><span class='ocrx_word' id='word_1_166' title='bbox 1244 937 1253 968; x_wconf 88' lang='grc' dir='ltr'><strong>ι</strong></span> <span class='ocrx_word' id='word_1_167' title='bbox 1270 927 1297 974; x_wconf 86' lang='grc' dir='ltr'><strong>ιι</strong></span> <span class='ocrx_word' id='word_1_168' title='bbox 1312 934 1389 988; x_wconf 76' lang='lat' dir='ltr'><strong>aqua</strong></span> <span class='ocrx_word' id='word_1_169' title='bbox 1403 928 1569 989; x_wconf 88' lang='lat' dir='ltr'><strong>operuerunt</strong></span> <span class='ocrx_word' id='word_1_170' title='bbox 1582 935 1639 976; x_wconf 90' lang='lat' dir='ltr'><strong>eos.</strong></span> <span class='ocrx_word' id='word_1_171' title='bbox 1655 917 1700 974; x_wconf 90' lang='lat' dir='ltr'><strong>Slc</strong></span> <span class='ocrx_word' id='word_1_172' title='bbox 1714 919 1780 975; x_wconf 83' lang='lat' dir='ltr'><strong>daut</strong></span> <span class='ocrx_word' id='word_1_173' title='bbox 1790 929 1817 975; x_wconf 90' lang='lat' dir='ltr'><strong>et</strong></span> <span class='ocrx_word' id='word_1_174' title='bbox 1829 919 1894 987; x_wconf 88' lang='lat' dir='ltr'><strong>isti,</strong></span> <span class='ocrx_word' id='word_1_175' title='bbox 1909 920 2036 986; x_wconf 90' lang='lat' dir='ltr'><strong>Domine,</strong></span> 
     </span>
     <span class='ocr_line' id='line_1_22' title="bbox 1243 1013 2039 1084; baseline 0.011 -20"><span class='ocrx_word' id='word_1_176' title='bbox 1243 1014 1314 1084; x_wconf 77' lang='lat' dir='ltr'><strong>«qui</strong></span> <span class='ocrx_word' id='word_1_177' title='bbox 1335 1013 1476 1069; x_wconf 82' lang='lat' dir='ltr'><strong>confidunt</strong></span> <span class='ocrx_word' id='word_1_178' title='bbox 1496 1013 1523 1068; x_wconf 94' lang='lat' dir='ltr'><strong>in</strong></span> <span class='ocrx_word' id='word_1_179' title='bbox 1544 1013 1720 1072; x_wconf 87' lang='lat' dir='ltr'><strong>multitudine</strong></span> <span class='ocrx_word' id='word_1_180' title='bbox 1737 1030 1802 1080; x_wconf 89' lang='lat' dir='ltr'><strong>sna,</strong></span> <span class='ocrx_word' id='word_1_181' title='bbox 1816 1023 1845 1071; x_wconf 90' lang='lat' dir='ltr'><strong>et</strong></span> <span class='ocrx_word' id='word_1_182' title='bbox 1864 1015 1891 1070; x_wconf 95' lang='lat' dir='ltr'><strong>iu</strong></span> <span class='ocrx_word' id='word_1_183' title='bbox 1914 1017 2039 1074; x_wconf 88' lang='lat' dir='ltr'><strong>curribus</strong></span> 
     </span>
     <span class='ocr_line' id='line_1_23' title="bbox 1244 1105 2039 1184; baseline 0.014 -28"><span class='ocrx_word' id='word_1_184' title='bbox 1244 1122 1253 1156; x_wconf 88' lang='grc' dir='ltr'><strong>ι</strong></span> <span class='ocrx_word' id='word_1_185' title='bbox 1270 1106 1343 1172; x_wconf 87' lang='lat' dir='ltr'><strong>sais,</strong></span> <span class='ocrx_word' id='word_1_186' title='bbox 1357 1114 1384 1161; x_wconf 90' lang='lat' dir='ltr'><strong>et</strong></span> <span class='ocrx_word' id='word_1_187' title='bbox 1398 1107 1425 1161; x_wconf 92' lang='lat' dir='ltr'><strong>io</strong></span> <span class='ocrx_word' id='word_1_188' title='bbox 1439 1108 1536 1175; x_wconf 87' lang='lat' dir='ltr'><strong>scutis,</strong></span> <span class='ocrx_word' id='word_1_189' title='bbox 1549 1117 1577 1163; x_wconf 91' lang='lat' dir='ltr'><strong>ct</strong></span> <span class='ocrx_word' id='word_1_190' title='bbox 1590 1106 1617 1163; x_wconf 92' lang='lat' dir='ltr'><strong>in</strong></span> <span class='ocrx_word' id='word_1_191' title='bbox 1633 1108 1750 1180; x_wconf 78' lang='lat' dir='ltr'><strong>sagittis,</strong></span> <span class='ocrx_word' id='word_1_192' title='bbox 1764 1116 1793 1164; x_wconf 90' lang='lat' dir='ltr'><strong>et</strong></span> <span class='ocrx_word' id='word_1_193' title='bbox 1803 1105 1908 1166; x_wconf 89' lang='lat' dir='ltr'><strong>lanceis</strong></span> <span class='ocrx_word' id='word_1_194' title='bbox 1919 1111 2039 1184; x_wconf 86' lang='lat' dir='ltr'><strong>glorian·</strong></span> 
     </span>
     <span class='ocr_line' id='line_1_24' title="bbox 1243 1198 2038 1270; baseline 0.015 -24"><span class='ocrx_word' id='word_1_195' title='bbox 1243 1215 1252 1246; x_wconf 88' lang='grc' dir='ltr'><strong>ι</strong></span> <span class='ocrx_word' id='word_1_196' title='bbox 1267 1204 1322 1264; x_wconf 90' lang='lat' dir='ltr'><strong>tur,</strong></span> <span class='ocrx_word' id='word_1_197' title='bbox 1335 1206 1363 1252; x_wconf 96' lang='grc' dir='ltr'><strong>ιι</strong></span> <span class='ocrx_word' id='word_1_198' title='bbox 1374 1199 1508 1266; x_wconf 88' lang='lat' dir='ltr'><strong>nesciunt,</strong></span> <span class='ocrx_word' id='word_1_199' title='bbox 1523 1198 1584 1270; x_wconf 86' lang='lat' dir='ltr'><strong>quia</strong></span> <span class='ocrx_word' id='word_1_200' title='bbox 1595 1208 1622 1254; x_wconf 93' lang='lat' dir='ltr'><strong>tu</strong></span> <span class='ocrx_word' id='word_1_201' title='bbox 1634 1200 1693 1270; x_wconf 91' lang='lat' dir='ltr'><strong>ipse</strong></span> <span class='ocrx_word' id='word_1_202' title='bbox 1706 1214 1735 1254; x_wconf 89' lang='lat' dir='ltr'><strong>es</strong></span> <span class='ocrx_word' id='word_1_203' title='bbox 1746 1198 1817 1255; x_wconf 93' lang='lat' dir='ltr'><strong>Deus</strong></span> <span class='ocrx_word' id='word_1_204' title='bbox 1831 1208 1937 1256; x_wconf 88' lang='lat' dir='ltr'><strong>uester.</strong></span> <span class='ocrx_word' id='word_1_205' title='bbox 1953 1221 1963 1253; x_wconf 85' lang='grc' dir='ltr'><strong>ι</strong></span> <span class='ocrx_word' id='word_1_206' title='bbox 1977 1201 2038 1258; x_wconf 89' lang='lat' dir='ltr'><strong>Sic·</strong></span> 
     </span>
     <span class='ocr_line' id='line_1_25' title="bbox 1239 1279 2038 1358; baseline 0.01 -18"><span class='ocrx_word' id='word_1_207' title='bbox 1239 1295 1270 1341; x_wconf 89' lang='lat' dir='ltr'><strong>ut</strong></span> <span class='ocrx_word' id='word_1_208' title='bbox 1289 1287 1413 1357; x_wconf 85' lang='lat' dir='ltr'><strong>superins</strong></span> <span class='ocrx_word' id='word_1_209' title='bbox 1432 1289 1600 1357; x_wconf 85' lang='lat' dir='ltr'><strong>comparavit</strong></span> <span class='ocrx_word' id='word_1_210' title='bbox 1627 1288 1779 1345; x_wconf 79' lang='lat' dir='ltr'><strong>libidinosis</strong></span> <span class='ocrx_word' id='word_1_211' title='bbox 1805 1279 1980 1358; x_wconf 81' lang='lat' dir='ltr'><strong>luxuriosos,</strong></span> <span class='ocrx_word' id='word_1_212' title='bbox 2000 1292 2038 1348; x_wconf 87' lang='lat' dir='ltr'><strong>ita</strong></span> 
     </span>
     <span class='ocr_line' id='line_1_26' title="bbox 1239 1371 2038 1452; baseline 0.011 -21"><span class='ocrx_word' id='word_1_213' title='bbox 1239 1384 1267 1432; x_wconf 87' lang='lat' dir='ltr'><strong>et</strong></span> <span class='ocrx_word' id='word_1_214' title='bbox 1287 1394 1358 1433; x_wconf 91' lang='lat' dir='ltr'><strong>nunc</strong></span> <span class='ocrx_word' id='word_1_215' title='bbox 1378 1378 1481 1434; x_wconf 89' lang='lat' dir='ltr'><strong>timidis</strong></span> <span class='ocrx_word' id='word_1_216' title='bbox 1498 1381 1640 1451; x_wconf 90' lang='lat' dir='ltr'><strong>superbos.</strong></span> <span class='ocrx_word' id='word_1_217' title='bbox 1665 1380 1793 1452; x_wconf 75' lang='lat' dir='ltr'><strong>Assyrios</strong></span> <span class='ocrx_word' id='word_1_218' title='bbox 1810 1371 1884 1437; x_wconf 88' lang='lat' dir='ltr'><strong>enim</strong></span> <span class='ocrx_word' id='word_1_219' title='bbox 1906 1382 1934 1438; x_wconf 95' lang='lat' dir='ltr'><strong>in</strong></span> <span class='ocrx_word' id='word_1_220' title='bbox 1954 1385 2038 1441; x_wconf 89' lang='lat' dir='ltr'><strong>armis</strong></span> 
     </span>
     <span class='ocr_line' id='line_1_27' title="bbox 1239 1468 2036 1547; baseline 0.008 -21"><span class='ocrx_word' id='word_1_221' title='bbox 1239 1468 1407 1526; x_wconf 85' lang='lat' dir='ltr'><strong>confidentes</strong></span> <span class='ocrx_word' id='word_1_222' title='bbox 1418 1469 1553 1542; x_wconf 81' lang='lat' dir='ltr'><strong>AEgyptiis</strong></span> <span class='ocrx_word' id='word_1_223' title='bbox 1564 1472 1664 1529; x_wconf 89' lang='lat' dir='ltr'><strong>dudum</strong></span> <span class='ocrx_word' id='word_1_224' title='bbox 1676 1473 1807 1529; x_wconf 85' lang='lat' dir='ltr'><strong>adversus</strong></span> <span class='ocrx_word' id='word_1_225' title='bbox 1819 1472 1959 1531; x_wconf 83' lang='lat' dir='ltr'><strong>lsraclitas</strong></span> <span class='ocrx_word' id='word_1_226' title='bbox 1969 1492 2036 1547; x_wconf 79' lang='lat' dir='ltr'><strong>prar-</strong></span> 
     </span>
     <span class='ocr_line' id='line_1_28' title="bbox 1240 1558 2035 1636; baseline 0.018 -25"><span class='ocrx_word' id='word_1_227' title='bbox 1240 1558 1368 1615; x_wconf 89' lang='lat' dir='ltr'><strong>liaotibus</strong></span> <span class='ocrx_word' id='word_1_228' title='bbox 1389 1560 1564 1626; x_wconf 72' lang='lat' dir='ltr'><strong>assimilavit,</strong></span> <span class='ocrx_word' id='word_1_229' title='bbox 1585 1571 1615 1617; x_wconf 91' lang='lat' dir='ltr'><strong>nt</strong></span> <span class='ocrx_word' id='word_1_230' title='bbox 1633 1564 1804 1629; x_wconf 89' lang='lat' dir='ltr'><strong>ostenderet,</strong></span> <span class='ocrx_word' id='word_1_231' title='bbox 1823 1566 1887 1636; x_wconf 87' lang='lat' dir='ltr'><strong>quia</strong></span> <span class='ocrx_word' id='word_1_232' title='bbox 1909 1566 1981 1622; x_wconf 91' lang='lat' dir='ltr'><strong>sicut</strong></span> <span class='ocrx_word' id='word_1_233' title='bbox 2000 1568 2035 1625; x_wconf 90' lang='lat' dir='ltr'><strong>ibi</strong></span> 
     </span>
     <span class='ocr_line' id='line_1_29' title="bbox 1239 1654 2034 1724; baseline 0.008 -17"><span class='ocrx_word' id='word_1_234' title='bbox 1239 1661 1268 1707; x_wconf 89' lang='grc' dir='ltr'><strong>ιι</strong></span> <span class='ocrx_word' id='word_1_235' title='bbox 1279 1654 1400 1724; x_wconf 90' lang='lat' dir='ltr'><strong>potentia</strong></span> <span class='ocrx_word' id='word_1_236' title='bbox 1415 1654 1462 1709; x_wconf 92' lang='lat' dir='ltr'><strong>Dei</strong></span> <span class='ocrx_word' id='word_1_237' title='bbox 1479 1654 1651 1710; x_wconf 77' lang='lat' dir='ltr'><strong>manifestata</strong></span> <span class='ocrx_word' id='word_1_238' title='bbox 1663 1663 1704 1710; x_wconf 87' lang='lat' dir='ltr'><strong>cst</strong></span> <span class='ocrx_word' id='word_1_239' title='bbox 1724 1656 1750 1710; x_wconf 91' lang='lat' dir='ltr'><strong>io</strong></span> <span class='ocrx_word' id='word_1_240' title='bbox 1769 1656 1949 1713; x_wconf 70' lang='lat' dir='ltr'><strong>subversione</strong></span> <span class='ocrx_word' id='word_1_241' title='bbox 1962 1656 2034 1716; x_wconf 85' lang='lat' dir='ltr'><strong>Pira-</strong></span> 
     </span>
     <span class='ocr_line' id='line_1_30' title="bbox 1240 1735 2034 1817; baseline 0.009 -20"><span class='ocrx_word' id='word_1_242' title='bbox 1240 1743 1332 1798; x_wconf 92' lang='lat' dir='ltr'><strong>raonis</strong></span> <span class='ocrx_word' id='word_1_243' title='bbox 1351 1752 1378 1798; x_wconf 90' lang='lat' dir='ltr'><strong>et</strong></span> <span class='ocrx_word' id='word_1_244' title='bbox 1388 1743 1589 1816; x_wconf 83' lang='lat' dir='ltr'><strong>AEgyptiurnm,</strong></span> <span class='ocrx_word' id='word_1_245' title='bbox 1605 1746 1640 1801; x_wconf 91' lang='lat' dir='ltr'><strong>ita</strong></span> <span class='ocrx_word' id='word_1_246' title='bbox 1654 1755 1682 1802; x_wconf 88' lang='lat' dir='ltr'><strong>et</strong></span> <span class='ocrx_word' id='word_1_247' title='bbox 1696 1735 1746 1802; x_wconf 59' lang='lat' dir='ltr'><strong>bic*</strong></span> <span class='ocrx_word' id='word_1_248' title='bbox 1754 1746 1888 1803; x_wconf 86' lang='lat' dir='ltr'><strong>declarari</strong></span> <span class='ocrx_word' id='word_1_249' title='bbox 1903 1749 1993 1817; x_wconf 88' lang='lat' dir='ltr'><strong>possit</strong></span> <span class='ocrx_word' id='word_1_250' title='bbox 2008 1749 2034 1804; x_wconf 91' lang='lat' dir='ltr'><strong>iu</strong></span> 
     </span>
     <span class='ocr_line' id='line_1_31' title="bbox 1240 1836 2033 1911; baseline 0.008 -21"><span class='ocrx_word' id='word_1_251' title='bbox 1240 1837 1417 1892; x_wconf 74' lang='lat' dir='ltr'><strong>subversione</strong></span> <span class='ocrx_word' id='word_1_252' title='bbox 1441 1836 1595 1893; x_wconf 87' lang='lat' dir='ltr'><strong>llololernis</strong></span> <span class='ocrx_word' id='word_1_253' title='bbox 1617 1848 1645 1893; x_wconf 91' lang='lat' dir='ltr'><strong>et</strong></span> <span class='ocrx_word' id='word_1_254' title='bbox 1664 1836 1852 1911; x_wconf 73' lang='lat' dir='ltr'><strong>Assyriorum,</strong></span> <span class='ocrx_word' id='word_1_255' title='bbox 1873 1840 1941 1909; x_wconf 85' lang='lat' dir='ltr'><strong>quia</strong></span> <span class='ocrx_word' id='word_1_256' title='bbox 1962 1839 2033 1896; x_wconf 88' lang='lat' dir='ltr'><strong>idem</strong></span> 
     </span>
     <span class='ocr_line' id='line_1_32' title="bbox 1240 1925 2033 1999; baseline 0.009 -19"><span class='ocrx_word' id='word_1_257' title='bbox 1240 1926 1386 1993; x_wconf 84' lang='lat' dir='ltr'><strong>Dominus,</strong></span> <span class='ocrx_word' id='word_1_258' title='bbox 1401 1928 1496 1983; x_wconf 88' lang='lat' dir='ltr'><strong>eadent</strong></span> <span class='ocrx_word' id='word_1_259' title='bbox 1519 1928 1655 1999; x_wconf 89' lang='lat' dir='ltr'><strong>potentia,</strong></span> <span class='ocrx_word' id='word_1_260' title='bbox 1675 1925 1951 1999; x_wconf 76' lang='lat' dir='ltr'><strong>eademquejastitin</strong></span> <span class='ocrx_word' id='word_1_261' title='bbox 1971 1938 2033 1987; x_wconf 86' lang='lat' dir='ltr'><strong>tone</strong></span> 
     </span>
    </p>
   </div>
   <div class='ocr_carea' id='block_1_7' title="bbox 397 2001 1806 2088">
    <p class='ocr_par' dir='ltr' id='par_1_8' title="bbox 397 2001 1806 2088">
     <span class='ocr_line' id='line_1_33' title="bbox 397 2001 1806 2088; baseline 0.003 -21"><span class='ocrx_word' id='word_1_262' title='bbox 397 2034 407 2067; x_wconf 87' lang='lat' dir='ltr'><strong>r</strong></span> <span class='ocrx_word' id='word_1_263' title='bbox 422 2016 448 2072; x_wconf 92' lang='lat' dir='ltr'><strong>iu</strong></span> <span class='ocrx_word' id='word_1_264' title='bbox 460 2018 554 2073; x_wconf 89' lang='lat' dir='ltr'><strong>diebus</strong></span> <span class='ocrx_word' id='word_1_265' title='bbox 565 2018 683 2087; x_wconf 80' lang='lat' dir='ltr'><strong>qrrirrqne</strong></span> <span class='ocrx_word' id='word_1_266' title='bbox 694 2017 822 2087; x_wconf 82' lang='lat' dir='ltr'><strong>respiciat</strong></span> <span class='ocrx_word' id='word_1_267' title='bbox 832 2015 962 2072; x_wconf 82' lang='lat' dir='ltr'><strong>Dominus</strong></span> <span class='ocrx_word' id='word_1_268' title='bbox 973 2018 1098 2087; x_wconf 88' lang='lat' dir='ltr'><strong>populum</strong></span> <span class='ocrx_word' id='word_1_269' title='bbox 1110 2033 1187 2072; x_wconf 87' lang='lat' dir='ltr'><strong>suurn</strong></span> <span class='ocrx_word' id='word_1_270' title='bbox 1204 2001 1226 2059; x_wconf 73' lang='grc' dir='ltr'><strong><em>Β</em></strong></span> <span class='ocrx_word' id='word_1_271' title='bbox 1241 2026 1269 2074; x_wconf 90' lang='grc' dir='ltr'><strong>ιι</strong></span> <span class='ocrx_word' id='word_1_272' title='bbox 1282 2033 1369 2083; x_wconf 89' lang='lat' dir='ltr'><strong>nuuc,</strong></span> <span class='ocrx_word' id='word_1_273' title='bbox 1383 2028 1409 2072; x_wconf 91' lang='lat' dir='ltr'><strong>et</strong></span> <span class='ocrx_word' id='word_1_274' title='bbox 1424 2019 1575 2088; x_wconf 88' lang='lat' dir='ltr'><strong>peremnia</strong></span> <span class='ocrx_word' id='word_1_275' title='bbox 1591 2026 1684 2075; x_wconf 85' lang='lat' dir='ltr'><strong>manet</strong></span> <span class='ocrx_word' id='word_1_276' title='bbox 1698 2017 1806 2074; x_wconf 75' lang='lat' dir='ltr'><strong>secula.</strong></span> 
     </span>
    </p>
   </div>
   <div class='ocr_carea' id='block_1_8' title="bbox 393 2107 1188 2543">
    <p class='ocr_par' dir='ltr' id='par_1_9' title="bbox 393 2107 1188 2543">
     <span class='ocr_line' id='line_1_34' title="bbox 396 2107 1186 2181; baseline 0.005 -20"><span class='ocrx_word' id='word_1_277' title='bbox 396 2109 514 2165; x_wconf 84' lang='lat' dir='ltr'><strong>rlscael.</strong></span> <span class='ocrx_word' id='word_1_278' title='bbox 530 2132 539 2162; x_wconf 83' lang='grc' dir='ltr'><strong>ι</strong></span> <span class='ocrx_word' id='word_1_279' title='bbox 556 2110 733 2164; x_wconf 79' lang='lat' dir='ltr'><strong>Cortuuendat</strong></span> <span class='ocrx_word' id='word_1_280' title='bbox 755 2107 846 2165; x_wconf 81' lang='lat' dir='ltr'><strong>iudith</strong></span> <span class='ocrx_word' id='word_1_281' title='bbox 871 2111 1038 2181; x_wconf 80' lang='lat' dir='ltr'><strong>presbyteris</strong></span> <span class='ocrx_word' id='word_1_282' title='bbox 1061 2119 1186 2181; x_wconf 88' lang='lat' dir='ltr'><strong>portam,</strong></span> 
     </span>
     <span class='ocr_line' id='line_1_35' title="bbox 395 2177 1188 2273; baseline -0.001 -16"><span class='ocrx_word' id='word_1_283' title='bbox 395 2201 458 2273; x_wconf 88' lang='lat' dir='ltr'><strong>quia</strong></span> <span class='ocrx_word' id='word_1_284' title='bbox 485 2201 671 2257; x_wconf 86' lang='lat' dir='ltr'><strong>sacerdotibus</strong></span> <span class='ocrx_word' id='word_1_285' title='bbox 696 2177 797 2256; x_wconf 66' lang='lat' dir='ltr'><strong>Christi</strong></span> <span class='ocrx_word' id='word_1_286' title='bbox 825 2211 920 2257; x_wconf 88' lang='lat' dir='ltr'><strong>sancta</strong></span> <span class='ocrx_word' id='word_1_287' title='bbox 944 2201 1063 2257; x_wconf 85' lang='lat' dir='ltr'><strong>Ecclesia</strong></span> <span class='ocrx_word' id='word_1_288' title='bbox 1087 2201 1188 2257; x_wconf 87' lang='lat' dir='ltr'><strong>sollici-</strong></span> 
     </span>
     <span class='ocr_line' id='line_1_36' title="bbox 394 2295 1184 2365; baseline -0.005 -13"><span class='ocrx_word' id='word_1_289' title='bbox 394 2305 450 2352; x_wconf 88' lang='lat' dir='ltr'><strong>tam</strong></span> <span class='ocrx_word' id='word_1_290' title='bbox 472 2305 624 2352; x_wconf 91' lang='lat' dir='ltr'><strong>castrorum</strong></span> <span class='ocrx_word' id='word_1_291' title='bbox 639 2295 685 2351; x_wconf 90' lang='lat' dir='ltr'><strong>Dei</strong></span> <span class='ocrx_word' id='word_1_292' title='bbox 706 2296 878 2351; x_wconf 87' lang='lat' dir='ltr'><strong>commendat</strong></span> <span class='ocrx_word' id='word_1_293' title='bbox 893 2295 1061 2359; x_wconf 91' lang='lat' dir='ltr'><strong>custodiam,</strong></span> <span class='ocrx_word' id='word_1_294' title='bbox 1077 2302 1106 2349; x_wconf 90' lang='lat' dir='ltr'><strong>nt</strong></span> <span class='ocrx_word' id='word_1_295' title='bbox 1121 2309 1184 2365; x_wconf 90' lang='lat' dir='ltr'><strong>per-</strong></span> 
     </span>
     <span class='ocr_line' id='line_1_37' title="bbox 393 2386 1187 2459; baseline 0.004 -20"><span class='ocrx_word' id='word_1_296' title='bbox 393 2387 466 2459; x_wconf 75' lang='lat' dir='ltr'><strong>vigili</strong></span> <span class='ocrx_word' id='word_1_297' title='bbox 481 2388 630 2442; x_wconf 87' lang='lat' dir='ltr'><strong>intentione</strong></span> <span class='ocrx_word' id='word_1_298' title='bbox 642 2402 675 2441; x_wconf 88' lang='lat' dir='ltr'><strong>ac</strong></span> <span class='ocrx_word' id='word_1_299' title='bbox 701 2386 793 2442; x_wconf 86' lang='lat' dir='ltr'><strong>solerti</strong></span> <span class='ocrx_word' id='word_1_300' title='bbox 806 2402 871 2441; x_wconf 89' lang='lat' dir='ltr'><strong>cura</strong></span> <span class='ocrx_word' id='word_1_301' title='bbox 884 2401 1020 2455; x_wconf 88' lang='lat' dir='ltr'><strong>perarma</strong></span> <span class='ocrx_word' id='word_1_302' title='bbox 1033 2388 1187 2442; x_wconf 89' lang='lat' dir='ltr'><strong>orationum</strong></span> 
     </span>
     <span class='ocr_line' id='line_1_38' title="bbox 394 2476 1187 2543; baseline -0.001 -9"><span class='ocrx_word' id='word_1_303' title='bbox 394 2492 427 2534; x_wconf 82' lang='lat' dir='ltr'><strong>ca</strong></span> <span class='ocrx_word' id='word_1_304' title='bbox 439 2478 559 2543; x_wconf 84' lang='lat' dir='ltr'><strong>munire,</strong></span> <span class='ocrx_word' id='word_1_305' title='bbox 573 2486 601 2535; x_wconf 90' lang='lat' dir='ltr'><strong>et</strong></span> <span class='ocrx_word' id='word_1_306' title='bbox 613 2484 707 2533; x_wconf 89' lang='lat' dir='ltr'><strong>contra</strong></span> <span class='ocrx_word' id='word_1_307' title='bbox 722 2478 841 2533; x_wconf 91' lang='lat' dir='ltr'><strong>bostium</strong></span> <span class='ocrx_word' id='word_1_308' title='bbox 854 2477 968 2533; x_wconf 90' lang='lat' dir='ltr'><strong>iusidias</strong></span> <span class='ocrx_word' id='word_1_309' title='bbox 982 2476 1063 2532; x_wconf 67' lang='lat' dir='ltr'><strong>illaesa</strong></span> <span class='ocrx_word' id='word_1_310' title='bbox 1077 2492 1187 2533; x_wconf 86' lang='lat' dir='ltr'><strong>serrare</strong></span> 
     </span>
    </p>
   </div>
   <div class='ocr_carea' id='block_1_9' title="bbox 1240 2104 2033 2537">
    <p class='ocr_par' dir='ltr' id='par_1_10' title="bbox 1240 2104 2033 2537">
     <span class='ocr_line' id='line_1_39' title="bbox 1278 2104 2033 2179; baseline 0.005 -23"><span class='ocrx_word' id='word_1_311' title='bbox 1278 2106 1370 2171; x_wconf 77' lang='lat' dir='ltr'><strong>«Fac,</strong></span> <span class='ocrx_word' id='word_1_312' title='bbox 1390 2106 1518 2174; x_wconf 90' lang='lat' dir='ltr'><strong>Domine,</strong></span> <span class='ocrx_word' id='word_1_313' title='bbox 1533 2117 1562 2162; x_wconf 95' lang='grc' dir='ltr'><strong>ιιι</strong></span> <span class='ocrx_word' id='word_1_314' title='bbox 1587 2106 1676 2175; x_wconf 84' lang='lat' dir='ltr'><strong>gladio</strong></span> <span class='ocrx_word' id='word_1_315' title='bbox 1695 2106 1804 2178; x_wconf 89' lang='lat' dir='ltr'><strong>proprio</strong></span> <span class='ocrx_word' id='word_1_316' title='bbox 1827 2104 1886 2175; x_wconf 83' lang='lat' dir='ltr'><strong>ejus</strong></span> <span class='ocrx_word' id='word_1_317' title='bbox 1907 2107 2033 2179; x_wconf 78' lang='lat' dir='ltr'><strong>superbia</strong></span> 
     </span>
     <span class='ocr_line' id='line_1_40' title="bbox 1242 2195 2033 2268; baseline 0.003 -19"><span class='ocrx_word' id='word_1_318' title='bbox 1242 2216 1251 2249; x_wconf 88' lang='grc' dir='ltr'><strong>ι</strong></span> <span class='ocrx_word' id='word_1_319' title='bbox 1266 2206 1440 2268; x_wconf 84' lang='lat' dir='ltr'><strong>aorputctur:</strong></span> <span class='ocrx_word' id='word_1_320' title='bbox 1456 2198 1581 2266; x_wconf 85' lang='lat' dir='ltr'><strong>capiatur</strong></span> <span class='ocrx_word' id='word_1_321' title='bbox 1598 2196 1695 2267; x_wconf 86' lang='lat' dir='ltr'><strong>laqueo</strong></span> <span class='ocrx_word' id='word_1_322' title='bbox 1714 2195 1853 2251; x_wconf 90' lang='lat' dir='ltr'><strong>oculorum</strong></span> <span class='ocrx_word' id='word_1_323' title='bbox 1873 2211 1988 2251; x_wconf 90' lang='lat' dir='ltr'><strong>suorum</strong></span> <span class='ocrx_word' id='word_1_324' title='bbox 2006 2197 2033 2251; x_wconf 93' lang='lat' dir='ltr'><strong>iu</strong></span> 
     </span>
     <span class='ocr_line' id='line_1_41' title="bbox 1242 2283 2033 2359; baseline 0 -18"><span class='ocrx_word' id='word_1_325' title='bbox 1242 2308 1251 2341; x_wconf 88' lang='grc' dir='ltr'><strong>ι</strong></span> <span class='ocrx_word' id='word_1_326' title='bbox 1267 2304 1327 2354; x_wconf 90' lang='lat' dir='ltr'><strong>me,</strong></span> <span class='ocrx_word' id='word_1_327' title='bbox 1341 2298 1369 2343; x_wconf 92' lang='lat' dir='ltr'><strong>ct</strong></span> <span class='ocrx_word' id='word_1_328' title='bbox 1382 2288 1519 2359; x_wconf 90' lang='lat' dir='ltr'><strong>percuties</strong></span> <span class='ocrx_word' id='word_1_329' title='bbox 1531 2303 1593 2342; x_wconf 92' lang='lat' dir='ltr'><strong>eum</strong></span> <span class='ocrx_word' id='word_1_330' title='bbox 1606 2303 1639 2342; x_wconf 85' lang='lat' dir='ltr'><strong>ex</strong></span> <span class='ocrx_word' id='word_1_331' title='bbox 1653 2286 1733 2341; x_wconf 88' lang='lat' dir='ltr'><strong>labiis</strong></span> <span class='ocrx_word' id='word_1_332' title='bbox 1746 2285 1890 2341; x_wconf 84' lang='lat' dir='ltr'><strong>charitatis</strong></span> <span class='ocrx_word' id='word_1_333' title='bbox 1903 2301 1982 2342; x_wconf 73' lang='lat' dir='ltr'><strong>meae.</strong></span> <span class='ocrx_word' id='word_1_334' title='bbox 1995 2283 2033 2341; x_wconf 90' lang='lat' dir='ltr'><strong>Da</strong></span> 
     </span>
     <span class='ocr_line' id='line_1_42' title="bbox 1242 2376 2032 2446; baseline 0 -14"><span class='ocrx_word' id='word_1_335' title='bbox 1242 2397 1251 2432; x_wconf 87' lang='lat' dir='ltr'><strong>r</strong></span> <span class='ocrx_word' id='word_1_336' title='bbox 1265 2381 1331 2436; x_wconf 88' lang='lat' dir='ltr'><strong>milri</strong></span> <span class='ocrx_word' id='word_1_337' title='bbox 1347 2381 1374 2435; x_wconf 96' lang='lat' dir='ltr'><strong>in</strong></span> <span class='ocrx_word' id='word_1_338' title='bbox 1388 2381 1481 2435; x_wconf 92' lang='lat' dir='ltr'><strong>auimo</strong></span> <span class='ocrx_word' id='word_1_339' title='bbox 1493 2379 1691 2446; x_wconf 89' lang='lat' dir='ltr'><strong>constantiam,</strong></span> <span class='ocrx_word' id='word_1_340' title='bbox 1705 2385 1735 2434; x_wconf 91' lang='lat' dir='ltr'><strong>ut</strong></span> <span class='ocrx_word' id='word_1_341' title='bbox 1747 2384 1923 2433; x_wconf 82' lang='lat' dir='ltr'><strong>contemnam</strong></span> <span class='ocrx_word' id='word_1_342' title='bbox 1940 2376 2032 2442; x_wconf 89' lang='lat' dir='ltr'><strong>illum,</strong></span> 
     </span>
     <span class='ocr_line' id='line_1_43' title="bbox 1240 2468 2032 2537; baseline 0 -13"><span class='ocrx_word' id='word_1_343' title='bbox 1240 2491 1250 2524; x_wconf 85' lang='grc' dir='ltr'><strong>ι</strong></span> <span class='ocrx_word' id='word_1_344' title='bbox 1265 2481 1293 2529; x_wconf 87' lang='grc' dir='ltr'><strong>ιι</strong></span> <span class='ocrx_word' id='word_1_345' title='bbox 1307 2473 1452 2537; x_wconf 89' lang='lat' dir='ltr'><strong>virtutem,</strong></span> <span class='ocrx_word' id='word_1_346' title='bbox 1469 2481 1497 2527; x_wconf 89' lang='lat' dir='ltr'><strong>et</strong></span> <span class='ocrx_word' id='word_1_347' title='bbox 1511 2478 1632 2527; x_wconf 86' lang='lat' dir='ltr'><strong>evertam</strong></span> <span class='ocrx_word' id='word_1_348' title='bbox 1648 2469 1733 2526; x_wconf 90' lang='lat' dir='ltr'><strong>illum.</strong></span> <span class='ocrx_word' id='word_1_349' title='bbox 1747 2468 1806 2524; x_wconf 79' lang='lat' dir='ltr'><strong>Erit</strong></span> <span class='ocrx_word' id='word_1_350' title='bbox 1820 2468 1894 2524; x_wconf 91' lang='lat' dir='ltr'><strong>euim</strong></span> <span class='ocrx_word' id='word_1_351' title='bbox 1910 2468 1963 2525; x_wconf 90' lang='lat' dir='ltr'><strong>hoc</strong></span> <span class='ocrx_word' id='word_1_352' title='bbox 1978 2483 2032 2524; x_wconf 87' lang='lat' dir='ltr'><strong>rne-</strong></span> 
     </span>
    </p>
   </div>
   <div class='ocr_carea' id='block_1_10' title="bbox 374 2558 2032 5565">
    <p class='ocr_par' dir='ltr' id='par_1_11' title="bbox 1239 2558 2032 2993">
     <span class='ocr_line' id='line_1_44' title="bbox 1240 2558 2032 2631; baseline -0.005 -16"><span class='ocrx_word' id='word_1_353' title='bbox 1240 2582 1250 2615; x_wconf 87' lang='grc' dir='ltr'><strong>ι</strong></span> <span class='ocrx_word' id='word_1_354' title='bbox 1263 2562 1377 2620; x_wconf 90' lang='lat' dir='ltr'><strong>moriale</strong></span> <span class='ocrx_word' id='word_1_355' title='bbox 1389 2563 1507 2619; x_wconf 88' lang='lat' dir='ltr'><strong>nominis</strong></span> <span class='ocrx_word' id='word_1_356' title='bbox 1523 2562 1577 2627; x_wconf 88' lang='lat' dir='ltr'><strong>tui,</strong></span> <span class='ocrx_word' id='word_1_357' title='bbox 1592 2577 1654 2616; x_wconf 90' lang='lat' dir='ltr'><strong>cum</strong></span> <span class='ocrx_word' id='word_1_358' title='bbox 1669 2576 1766 2616; x_wconf 84' lang='lat' dir='ltr'><strong>manus</strong></span> <span class='ocrx_word' id='word_1_359' title='bbox 1779 2558 1889 2615; x_wconf 84' lang='lat' dir='ltr'><strong>iemiuoe</strong></span> <span class='ocrx_word' id='word_1_360' title='bbox 1904 2558 2032 2631; x_wconf 82' lang='lat' dir='ltr'><strong>dejecerit</strong></span> 
     </span>
     <span class='ocr_line' id='line_1_45' title="bbox 1239 2649 2028 2717; baseline 0.001 -12"><span class='ocrx_word' id='word_1_361' title='bbox 1239 2672 1249 2705; x_wconf 89' lang='grc' dir='ltr'><strong>ι</strong></span> <span class='ocrx_word' id='word_1_362' title='bbox 1263 2668 1336 2710; x_wconf 89' lang='lat' dir='ltr'><strong>eum.</strong></span> <span class='ocrx_word' id='word_1_363' title='bbox 1358 2652 1416 2709; x_wconf 85' lang='lat' dir='ltr'><strong>Nou</strong></span> <span class='ocrx_word' id='word_1_364' title='bbox 1430 2655 1502 2709; x_wconf 89' lang='lat' dir='ltr'><strong>enim</strong></span> <span class='ocrx_word' id='word_1_365' title='bbox 1516 2654 1543 2708; x_wconf 94' lang='lat' dir='ltr'><strong>in</strong></span> <span class='ocrx_word' id='word_1_366' title='bbox 1557 2653 1729 2708; x_wconf 90' lang='lat' dir='ltr'><strong>multitudine</strong></span> <span class='ocrx_word' id='word_1_367' title='bbox 1740 2659 1783 2708; x_wconf 89' lang='lat' dir='ltr'><strong>est</strong></span> <span class='ocrx_word' id='word_1_368' title='bbox 1796 2651 1886 2707; x_wconf 87' lang='lat' dir='ltr'><strong>virtus</strong></span> <span class='ocrx_word' id='word_1_369' title='bbox 1900 2658 1962 2717; x_wconf 79' lang='lat' dir='ltr'><strong>ma,</strong></span> <span class='ocrx_word' id='word_1_370' title='bbox 1976 2649 2028 2706; x_wconf 76' lang='lat' dir='ltr'><strong>Do</strong></span> 
     </span>
     <span class='ocr_line' id='line_1_46' title="bbox 1240 2740 2027 2815; baseline -0.001 -19"><span class='ocrx_word' id='word_1_371' title='bbox 1240 2763 1248 2796; x_wconf 89' lang='lat' dir='ltr'><strong>r</strong></span> <span class='ocrx_word' id='word_1_372' title='bbox 1263 2745 1354 2812; x_wconf 88' lang='lat' dir='ltr'><strong>mirre,</strong></span> <span class='ocrx_word' id='word_1_373' title='bbox 1368 2758 1455 2815; x_wconf 80' lang='lat' dir='ltr'><strong>neque</strong></span> <span class='ocrx_word' id='word_1_374' title='bbox 1469 2745 1496 2799; x_wconf 91' lang='lat' dir='ltr'><strong>in</strong></span> <span class='ocrx_word' id='word_1_375' title='bbox 1510 2759 1642 2814; x_wconf 87' lang='lat' dir='ltr'><strong>equorum</strong></span> <span class='ocrx_word' id='word_1_376' title='bbox 1657 2742 1761 2798; x_wconf 85' lang='lat' dir='ltr'><strong>viribus</strong></span> <span class='ocrx_word' id='word_1_377' title='bbox 1774 2740 1902 2798; x_wconf 87' lang='lat' dir='ltr'><strong>veluntas</strong></span> <span class='ocrx_word' id='word_1_378' title='bbox 1915 2747 2027 2805; x_wconf 79' lang='lat' dir='ltr'><strong>tuaest,</strong></span> 
     </span>
     <span class='ocr_line' id='line_1_47' title="bbox 1239 2829 2027 2905; baseline 0 -20"><span class='ocrx_word' id='word_1_379' title='bbox 1239 2852 1247 2885; x_wconf 86' lang='lat' dir='ltr'><strong>r</strong></span> <span class='ocrx_word' id='word_1_380' title='bbox 1263 2848 1313 2890; x_wconf 90' lang='lat' dir='ltr'><strong>nce</strong></span> <span class='ocrx_word' id='word_1_381' title='bbox 1334 2834 1443 2905; x_wconf 91' lang='lat' dir='ltr'><strong>superbi</strong></span> <span class='ocrx_word' id='word_1_382' title='bbox 1463 2834 1497 2888; x_wconf 89' lang='lat' dir='ltr'><strong>ab</strong></span> <span class='ocrx_word' id='word_1_383' title='bbox 1516 2833 1594 2888; x_wconf 91' lang='lat' dir='ltr'><strong>initio</strong></span> <span class='ocrx_word' id='word_1_384' title='bbox 1613 2832 1775 2903; x_wconf 87' lang='lat' dir='ltr'><strong>placuerunt</strong></span> <span class='ocrx_word' id='word_1_385' title='bbox 1788 2832 1836 2886; x_wconf 85' lang='lat' dir='ltr'><strong>tibi</strong></span> <span class='ocrx_word' id='word_1_386' title='bbox 1849 2848 1857 2897; x_wconf 92' lang='lat'>;</span> <span class='ocrx_word' id='word_1_387' title='bbox 1870 2829 1920 2886; x_wconf 88' lang='lat' dir='ltr'><strong>sed</strong></span> <span class='ocrx_word' id='word_1_388' title='bbox 1939 2831 2027 2886; x_wconf 86' lang='lat' dir='ltr'><strong>hnmi-</strong></span> 
     </span>
     <span class='ocr_line' id='line_1_48' title="bbox 1239 2921 2027 2993; baseline 0.003 -18"><span class='ocrx_word' id='word_1_389' title='bbox 1239 2923 1327 2978; x_wconf 86' lang='lat' dir='ltr'><strong>rlium</strong></span> <span class='ocrx_word' id='word_1_390' title='bbox 1349 2936 1375 2978; x_wconf 92' lang='lat' dir='ltr'><strong>et</strong></span> <span class='ocrx_word' id='word_1_391' title='bbox 1397 2932 1599 2978; x_wconf 89' lang='lat' dir='ltr'><strong>mansuetorum</strong></span> <span class='ocrx_word' id='word_1_392' title='bbox 1618 2937 1724 2992; x_wconf 87' lang='lat' dir='ltr'><strong>semper</strong></span> <span class='ocrx_word' id='word_1_393' title='bbox 1743 2921 1791 2976; x_wconf 91' lang='lat' dir='ltr'><strong>tibi</strong></span> <span class='ocrx_word' id='word_1_394' title='bbox 1810 2921 1914 2992; x_wconf 89' lang='lat' dir='ltr'><strong>placuit</strong></span> <span class='ocrx_word' id='word_1_395' title='bbox 1932 2923 2027 2993; x_wconf 89' lang='lat' dir='ltr'><strong>depre-</strong></span> 
     </span>
    </p>

    <p class='ocr_par' dir='ltr' id='par_1_12' title="bbox 374 3014 2026 5565">
     <span class='ocr_line' id='line_1_49' title="bbox 431 3014 2025 3090; baseline 0 -19"><span class='ocrx_word' id='word_1_396' title='bbox 431 3038 440 3071; x_wconf 88' lang='grc' dir='ltr'><strong>ι</strong></span> <span class='ocrx_word' id='word_1_397' title='bbox 453 3018 555 3086; x_wconf 84' lang='lat' dir='ltr'><strong>Quibus</strong></span> <span class='ocrx_word' id='word_1_398' title='bbox 570 3019 778 3075; x_wconf 86' lang='lat' dir='ltr'><strong>abscedentibus</strong></span> <span class='ocrx_word' id='word_1_399' title='bbox 792 3016 884 3075; x_wconf 81' lang='lat' dir='ltr'><strong>iudith</strong></span> <span class='ocrx_word' id='word_1_400' title='bbox 901 3018 1021 3090; x_wconf 87' lang='lat' dir='ltr'><strong>ingressa</strong></span> <span class='ocrx_word' id='word_1_401' title='bbox 1037 3027 1078 3073; x_wconf 92' lang='lat' dir='ltr'><strong>est</strong></span> <span class='ocrx_word' id='word_1_402' title='bbox 1092 3029 1182 3073; x_wconf 90' lang='lat' dir='ltr'><strong>orato·</strong></span> <span class='ocrx_word' id='word_1_403' title='bbox 1238 3034 1247 3069; x_wconf 90' lang='grc' dir='ltr'><strong>ι</strong></span> <span class='ocrx_word' id='word_1_404' title='bbox 1263 3017 1344 3072; x_wconf 87' lang='lat' dir='ltr'><strong>catio.</strong></span> <span class='ocrx_word' id='word_1_405' title='bbox 1360 3037 1369 3070; x_wconf 81' lang='grc' dir='ltr'><strong>ι</strong></span> <span class='ocrx_word' id='word_1_406' title='bbox 1387 3016 1500 3071; x_wconf 77' lang='lat' dir='ltr'><strong>Videtur</strong></span> <span class='ocrx_word' id='word_1_407' title='bbox 1515 3016 1676 3087; x_wconf 87' lang='lat' dir='ltr'><strong>quibusdam</strong></span> <span class='ocrx_word' id='word_1_408' title='bbox 1691 3014 1781 3071; x_wconf 91' lang='lat' dir='ltr'><strong>miuus</strong></span> <span class='ocrx_word' id='word_1_409' title='bbox 1796 3015 2025 3088; x_wconf 78' lang='lat' dir='ltr'><strong>intelligentibus,</strong></span> 
     </span>
     <span class='ocr_line' id='line_1_50' title="bbox 393 3109 2026 3182; baseline 0.003 -20"><span class='ocrx_word' id='word_1_410' title='bbox 393 3109 487 3165; x_wconf 78' lang='lat' dir='ltr'><strong>urium</strong></span> <span class='ocrx_word' id='word_1_411' title='bbox 509 3125 587 3165; x_wconf 90' lang='lat' dir='ltr'><strong>snum</strong></span> <span class='ocrx_word' id='word_1_412' title='bbox 608 3117 635 3165; x_wconf 91' lang='lat' dir='ltr'><strong>ct</strong></span> <span class='ocrx_word' id='word_1_413' title='bbox 656 3110 771 3166; x_wconf 90' lang='lat' dir='ltr'><strong>indueus</strong></span> <span class='ocrx_word' id='word_1_414' title='bbox 791 3126 820 3167; x_wconf 90' lang='lat' dir='ltr'><strong>se</strong></span> <span class='ocrx_word' id='word_1_415' title='bbox 840 3112 928 3167; x_wconf 85' lang='lat' dir='ltr'><strong>cilicio</strong></span> <span class='ocrx_word' id='word_1_416' title='bbox 950 3111 1040 3180; x_wconf 90' lang='lat' dir='ltr'><strong>posuit</strong></span> <span class='ocrx_word' id='word_1_417' title='bbox 1062 3111 1181 3166; x_wconf 87' lang='lat' dir='ltr'><strong>cinerem</strong></span> <span class='ocrx_word' id='word_1_418' title='bbox 1234 3111 1305 3182; x_wconf 83' lang='lat' dir='ltr'><strong>qnod</strong></span> <span class='ocrx_word' id='word_1_419' title='bbox 1327 3111 1496 3182; x_wconf 87' lang='lat' dir='ltr'><strong>precationes</strong></span> <span class='ocrx_word' id='word_1_420' title='bbox 1516 3120 1672 3167; x_wconf 90' lang='lat' dir='ltr'><strong>sanctornm</strong></span> <span class='ocrx_word' id='word_1_421' title='bbox 1692 3121 1787 3166; x_wconf 87' lang='lat' dir='ltr'><strong>contra</strong></span> <span class='ocrx_word' id='word_1_422' title='bbox 1808 3112 1955 3181; x_wconf 85' lang='lat' dir='ltr'><strong>reprobos,</strong></span> <span class='ocrx_word' id='word_1_423' title='bbox 1968 3128 2026 3182; x_wconf 75' lang='lat' dir='ltr'><strong>qnae</strong></span> 
     </span>
     <span class='ocr_line' id='line_1_51' title="bbox 392 3200 2024 3273; baseline 0.003 -21"><span class='ocrx_word' id='word_1_424' title='bbox 392 3219 402 3252; x_wconf 87' lang='lat' dir='ltr'><strong>r</strong></span> <span class='ocrx_word' id='word_1_425' title='bbox 417 3216 499 3272; x_wconf 90' lang='lat' dir='ltr'><strong>super</strong></span> <span class='ocrx_word' id='word_1_426' title='bbox 513 3211 594 3273; x_wconf 88' lang='lat' dir='ltr'><strong>eaput</strong></span> <span class='ocrx_word' id='word_1_427' title='bbox 608 3218 702 3266; x_wconf 92' lang='lat' dir='ltr'><strong>snum,</strong></span> <span class='ocrx_word' id='word_1_428' title='bbox 718 3213 745 3258; x_wconf 93' lang='lat' dir='ltr'><strong>et</strong></span> <span class='ocrx_word' id='word_1_429' title='bbox 760 3212 936 3271; x_wconf 88' lang='lat' dir='ltr'><strong>prosternens</strong></span> <span class='ocrx_word' id='word_1_430' title='bbox 951 3218 980 3258; x_wconf 88' lang='lat' dir='ltr'><strong>se</strong></span> <span class='ocrx_word' id='word_1_431' title='bbox 996 3203 1109 3258; x_wconf 90' lang='lat' dir='ltr'><strong>Domino</strong></span> <span class='ocrx_word' id='word_1_432' title='bbox 1124 3203 1181 3258; x_wconf 91' lang='lat' dir='ltr'><strong>cla·</strong></span> <span class='ocrx_word' id='word_1_433' title='bbox 1234 3202 1260 3255; x_wconf 91' lang='lat' dir='ltr'><strong>iu</strong></span> <span class='ocrx_word' id='word_1_434' title='bbox 1277 3200 1426 3271; x_wconf 88' lang='lat' dir='ltr'><strong>Scripturis</strong></span> <span class='ocrx_word' id='word_1_435' title='bbox 1441 3202 1585 3272; x_wconf 89' lang='lat' dir='ltr'><strong>aliquando</strong></span> <span class='ocrx_word' id='word_1_436' title='bbox 1600 3212 1860 3268; x_wconf 87' lang='lat' dir='ltr'><strong>commemorantur,</strong></span> <span class='ocrx_word' id='word_1_437' title='bbox 1874 3203 1952 3273; x_wconf 87' lang='lat' dir='ltr'><strong>quasi</strong></span> <span class='ocrx_word' id='word_1_438' title='bbox 1969 3219 2024 3258; x_wconf 89' lang='lat' dir='ltr'><strong>ma·</strong></span> 
     </span>
     <span class='ocr_line' id='line_1_52' title="bbox 391 3292 2025 3367; baseline 0.005 -25"><span class='ocrx_word' id='word_1_439' title='bbox 391 3292 507 3347; x_wconf 73' lang='lat' dir='ltr'><strong>amabat</strong></span> <span class='ocrx_word' id='word_1_440' title='bbox 526 3294 559 3347; x_wconf 88' lang='lat' dir='ltr'><strong>ad</strong></span> <span class='ocrx_word' id='word_1_441' title='bbox 581 3293 724 3348; x_wconf 91' lang='lat' dir='ltr'><strong>Dominum</strong></span> <span class='ocrx_word' id='word_1_442' title='bbox 740 3296 850 3349; x_wconf 89' lang='lat' dir='ltr'><strong>dicens:</strong></span> <span class='ocrx_word' id='word_1_443' title='bbox 866 3296 993 3354; x_wconf 84' lang='lat' dir='ltr'><strong>Domine,</strong></span> <span class='ocrx_word' id='word_1_444' title='bbox 1011 3298 1081 3351; x_wconf 90' lang='lat' dir='ltr'><strong>Deus</strong></span> <span class='ocrx_word' id='word_1_445' title='bbox 1094 3297 1180 3367; x_wconf 79' lang='lat' dir='ltr'><strong>pau-is</strong></span> <span class='ocrx_word' id='word_1_446' title='bbox 1234 3292 1392 3348; x_wconf 87' lang='lat' dir='ltr'><strong>ledictioucs</strong></span> <span class='ocrx_word' id='word_1_447' title='bbox 1406 3294 1474 3357; x_wconf 91' lang='lat' dir='ltr'><strong>siut,</strong></span> <span class='ocrx_word' id='word_1_448' title='bbox 1490 3310 1550 3348; x_wconf 87' lang='grc' dir='ltr'>ιιιιιι</span> <span class='ocrx_word' id='word_1_449' title='bbox 1566 3294 1639 3348; x_wconf 92' lang='lat' dir='ltr'><strong>unllo</strong></span> <span class='ocrx_word' id='word_1_450' title='bbox 1654 3295 1733 3348; x_wconf 87' lang='lat' dir='ltr'><strong>ruodo</strong></span> <span class='ocrx_word' id='word_1_451' title='bbox 1748 3294 1807 3350; x_wconf 84' lang='lat' dir='ltr'><strong>luce</strong></span> <span class='ocrx_word' id='word_1_452' title='bbox 1821 3294 1904 3350; x_wconf 86' lang='lat' dir='ltr'><strong>verba</strong></span> <span class='ocrx_word' id='word_1_453' title='bbox 1919 3310 1951 3350; x_wconf 84' lang='grc' dir='ltr'><strong>ιι</strong></span> <span class='ocrx_word' id='word_1_454' title='bbox 1966 3304 2025 3350; x_wconf 88' lang='lat' dir='ltr'><strong>voto</strong></span> 
     </span>
     <span class='ocr_line' id='line_1_53' title="bbox 390 3368 2024 3460; baseline 0.005 -26"><span class='ocrx_word' id='word_1_455' title='bbox 390 3384 467 3439; x_wconf 72' lang='lat' dir='ltr'><strong>ornei</strong></span> <span class='ocrx_word' id='word_1_456' title='bbox 490 3383 615 3448; x_wconf 89' lang='lat' dir='ltr'><strong>Simeon,</strong></span> <span class='ocrx_word' id='word_1_457' title='bbox 635 3385 681 3455; x_wconf 88' lang='lat' dir='ltr'><strong>qni</strong></span> <span class='ocrx_word' id='word_1_458' title='bbox 702 3385 799 3439; x_wconf 88' lang='lat' dir='ltr'><strong>dedisti</strong></span> <span class='ocrx_word' id='word_1_459' title='bbox 815 3386 850 3439; x_wconf 92' lang='lat' dir='ltr'><strong>illi</strong></span> <span class='ocrx_word' id='word_1_460' title='bbox 867 3386 985 3457; x_wconf 85' lang='lat' dir='ltr'><strong>gladium</strong></span> <span class='ocrx_word' id='word_1_461' title='bbox 1002 3388 1028 3441; x_wconf 90' lang='lat' dir='ltr'><strong>ia</strong></span> <span class='ocrx_word' id='word_1_462' title='bbox 1044 3387 1178 3442; x_wconf 88' lang='lat' dir='ltr'><strong>delerrsio-</strong></span> <span class='ocrx_word' id='word_1_463' title='bbox 1193 3368 1215 3429; x_wconf 80' lang='lat' dir='ltr'>C</span> <span class='ocrx_word' id='word_1_464' title='bbox 1233 3386 1359 3451; x_wconf 72' lang='lat' dir='ltr'><strong>malitias,</strong></span> <span class='ocrx_word' id='word_1_465' title='bbox 1383 3387 1453 3457; x_wconf 86' lang='lat' dir='ltr'><strong>qrrod</strong></span> <span class='ocrx_word' id='word_1_466' title='bbox 1478 3387 1504 3441; x_wconf 93' lang='lat' dir='ltr'><strong>in</strong></span> <span class='ocrx_word' id='word_1_467' title='bbox 1528 3396 1682 3442; x_wconf 90' lang='lat' dir='ltr'><strong>sauctorum</strong></span> <span class='ocrx_word' id='word_1_468' title='bbox 1704 3387 1831 3443; x_wconf 90' lang='lat' dir='ltr'><strong>cordibus</strong></span> <span class='ocrx_word' id='word_1_469' title='bbox 1854 3404 2024 3460; x_wconf 83' lang='lat' dir='ltr'><strong>nequaquam</strong></span> 
     </span>
     <span class='ocr_line' id='line_1_54' title="bbox 389 3476 2022 3552; baseline 0.006 -27"><span class='ocrx_word' id='word_1_470' title='bbox 389 3491 475 3531; x_wconf 85' lang='lat' dir='ltr'><strong>ruem</strong></span> <span class='ocrx_word' id='word_1_471' title='bbox 491 3476 717 3547; x_wconf 77' lang='lat' dir='ltr'><strong>alienigenarum,</strong></span> <span class='ocrx_word' id='word_1_472' title='bbox 739 3476 784 3546; x_wconf 85' lang='lat' dir='ltr'><strong>qui</strong></span> <span class='ocrx_word' id='word_1_473' title='bbox 804 3478 950 3532; x_wconf 74' lang='lat' dir='ltr'><strong>violatores</strong></span> <span class='ocrx_word' id='word_1_474' title='bbox 970 3480 1132 3533; x_wconf 79' lang='lat' dir='ltr'><strong>exstiterunt</strong></span> <span class='ocrx_word' id='word_1_475' title='bbox 1152 3482 1177 3535; x_wconf 93' lang='lat' dir='ltr'><strong>iu</strong></span> <span class='ocrx_word' id='word_1_476' title='bbox 1232 3479 1290 3533; x_wconf 85' lang='lat' dir='ltr'><strong>beri</strong></span> <span class='ocrx_word' id='word_1_477' title='bbox 1309 3488 1414 3549; x_wconf 89' lang='lat' dir='ltr'><strong>potest,</strong></span> <span class='ocrx_word' id='word_1_478' title='bbox 1431 3480 1477 3535; x_wconf 92' lang='lat' dir='ltr'><strong>sed</strong></span> <span class='ocrx_word' id='word_1_479' title='bbox 1491 3497 1525 3535; x_wconf 81' lang='lat' dir='ltr'><strong>er</strong></span> <span class='ocrx_word' id='word_1_480' title='bbox 1545 3481 1640 3551; x_wconf 89' lang='lat' dir='ltr'><strong>spiritu</strong></span> <span class='ocrx_word' id='word_1_481' title='bbox 1661 3482 1810 3551; x_wconf 73' lang='lat' dir='ltr'><strong>prophetiae</strong></span> <span class='ocrx_word' id='word_1_482' title='bbox 1830 3482 2022 3552; x_wconf 85' lang='lat' dir='ltr'><strong>processerint.</strong></span> 
     </span>
     <span class='ocr_line' id='line_1_55' title="bbox 388 3567 2023 3645; baseline 0.006 -26"><span class='ocrx_word' id='word_1_483' title='bbox 388 3567 635 3637; x_wconf 77' lang='lat' dir='ltr'><strong>«coinquinatione</strong></span> <span class='ocrx_word' id='word_1_484' title='bbox 655 3584 719 3632; x_wconf 92' lang='lat' dir='ltr'><strong>soa,</strong></span> <span class='ocrx_word' id='word_1_485' title='bbox 742 3577 769 3621; x_wconf 92' lang='grc' dir='ltr'><strong>ιι</strong></span> <span class='ocrx_word' id='word_1_486' title='bbox 789 3568 993 3623; x_wconf 85' lang='lat' dir='ltr'><strong>denudaverunt</strong></span> <span class='ocrx_word' id='word_1_487' title='bbox 1014 3569 1102 3625; x_wconf 82' lang='lat' dir='ltr'><strong>lurnnr</strong></span> <span class='ocrx_word' id='word_1_488' title='bbox 1123 3572 1177 3624; x_wconf 79' lang='grc' dir='ltr'>ιιι-</span> <span class='ocrx_word' id='word_1_489' title='bbox 1231 3568 1307 3635; x_wconf 85' lang='lat' dir='ltr'><strong>Quod</strong></span> <span class='ocrx_word' id='word_1_490' title='bbox 1327 3571 1399 3624; x_wconf 87' lang='lat' dir='ltr'><strong>euim</strong></span> <span class='ocrx_word' id='word_1_491' title='bbox 1421 3569 1540 3640; x_wconf 89' lang='lat' dir='ltr'><strong>Spiritus</strong></span> <span class='ocrx_word' id='word_1_492' title='bbox 1561 3580 1671 3627; x_wconf 89' lang='lat' dir='ltr'><strong>sanctus</strong></span> <span class='ocrx_word' id='word_1_493' title='bbox 1690 3572 1852 3642; x_wconf 78' lang='lat' dir='ltr'><strong>praesciebat</strong></span> <span class='ocrx_word' id='word_1_494' title='bbox 1871 3589 1934 3630; x_wconf 90' lang='lat' dir='ltr'><strong>csse</strong></span> <span class='ocrx_word' id='word_1_495' title='bbox 1951 3573 2023 3645; x_wconf 83' lang='lat' dir='ltr'><strong>justo</strong></span> 
     </span>
     <span class='ocr_line' id='line_1_56' title="bbox 388 3657 2023 3732; baseline 0.004 -20"><span class='ocrx_word' id='word_1_496' title='bbox 388 3658 483 3730; x_wconf 77' lang='lat' dir='ltr'><strong>eginis</strong></span> <span class='ocrx_word' id='word_1_497' title='bbox 496 3659 523 3712; x_wconf 92' lang='lat' dir='ltr'><strong>iu</strong></span> <span class='ocrx_word' id='word_1_498' title='bbox 537 3657 732 3714; x_wconf 78' lang='lat' dir='ltr'><strong>contusionem.</strong></span> <span class='ocrx_word' id='word_1_499' title='bbox 749 3660 841 3727; x_wconf 72' lang='lat' dir='ltr'><strong>»Quid</strong></span> <span class='ocrx_word' id='word_1_500' title='bbox 856 3669 912 3725; x_wconf 90' lang='lat' dir='ltr'><strong>cst,</strong></span> <span class='ocrx_word' id='word_1_501' title='bbox 926 3662 998 3731; x_wconf 83' lang='lat' dir='ltr'><strong>quod</strong></span> <span class='ocrx_word' id='word_1_502' title='bbox 1018 3673 1079 3732; x_wconf 91' lang='lat' dir='ltr'><strong>post</strong></span> <span class='ocrx_word' id='word_1_503' title='bbox 1096 3663 1177 3717; x_wconf 88' lang='lat' dir='ltr'><strong>verba</strong></span> <span class='ocrx_word' id='word_1_504' title='bbox 1227 3660 1331 3732; x_wconf 87' lang='lat' dir='ltr'><strong>jndicio</strong></span> <span class='ocrx_word' id='word_1_505' title='bbox 1354 3661 1477 3730; x_wconf 89' lang='lat' dir='ltr'><strong>reprobis</strong></span> <span class='ocrx_word' id='word_1_506' title='bbox 1498 3660 1636 3727; x_wconf 80' lang='lat' dir='ltr'><strong>futurum,</strong></span> <span class='ocrx_word' id='word_1_507' title='bbox 1660 3662 1711 3717; x_wconf 90' lang='lat' dir='ltr'><strong>boc</strong></span> <span class='ocrx_word' id='word_1_508' title='bbox 1732 3678 1780 3732; x_wconf 88' lang='lat' dir='ltr'><strong>per</strong></span> <span class='ocrx_word' id='word_1_509' title='bbox 1799 3674 1955 3719; x_wconf 90' lang='lat' dir='ltr'><strong>sanctornm</strong></span> <span class='ocrx_word' id='word_1_510' title='bbox 1977 3678 2023 3720; x_wconf 80' lang='lat' dir='ltr'><strong>ora</strong></span> 
     </span>
     <span class='ocr_line' id='line_1_57' title="bbox 384 3749 2022 3823; baseline 0.002 -19"><span class='ocrx_word' id='word_1_511' title='bbox 384 3766 446 3823; x_wconf 77' lang='lat' dir='ltr'><strong>ortae</strong></span> <span class='ocrx_word' id='word_1_512' title='bbox 456 3750 489 3807; x_wconf 87' lang='lat' dir='ltr'><strong>ad</strong></span> <span class='ocrx_word' id='word_1_513' title='bbox 500 3752 674 3823; x_wconf 82' lang='lat' dir='ltr'><strong>presbyteros</strong></span> <span class='ocrx_word' id='word_1_514' title='bbox 685 3752 772 3807; x_wconf 91' lang='lat' dir='ltr'><strong>locuta</strong></span> <span class='ocrx_word' id='word_1_515' title='bbox 783 3761 840 3818; x_wconf 91' lang='lat' dir='ltr'><strong>est,</strong></span> <span class='ocrx_word' id='word_1_516' title='bbox 853 3751 944 3807; x_wconf 85' lang='lat' dir='ltr'><strong>luditb</strong></span> <span class='ocrx_word' id='word_1_517' title='bbox 958 3754 1072 3823; x_wconf 89' lang='lat' dir='ltr'><strong>petitura</strong></span> <span class='ocrx_word' id='word_1_518' title='bbox 1085 3753 1175 3808; x_wconf 91' lang='lat' dir='ltr'><strong>Domi·</strong></span> <span class='ocrx_word' id='word_1_519' title='bbox 1228 3749 1355 3821; x_wconf 76' lang='lat' dir='ltr'><strong>predixit</strong></span> <span class='ocrx_word' id='word_1_520' title='bbox 1375 3750 1539 3806; x_wconf 87' lang='lat' dir='ltr'><strong>laciendum.</strong></span> <span class='ocrx_word' id='word_1_521' title='bbox 1556 3751 1592 3806; x_wconf 89' lang='lat' dir='ltr'><strong>Ut</strong></span> <span class='ocrx_word' id='word_1_522' title='bbox 1604 3760 1647 3807; x_wconf 92' lang='lat' dir='ltr'><strong>est</strong></span> <span class='ocrx_word' id='word_1_523' title='bbox 1662 3752 1726 3807; x_wconf 90' lang='lat' dir='ltr'><strong>illud</strong></span> <span class='ocrx_word' id='word_1_524' title='bbox 1746 3753 1772 3807; x_wconf 93' lang='lat' dir='ltr'><strong>in</strong></span> <span class='ocrx_word' id='word_1_525' title='bbox 1787 3752 1922 3823; x_wconf 90' lang='lat' dir='ltr'><strong>psalmis:</strong></span> <span class='ocrx_word' id='word_1_526' title='bbox 1939 3773 1948 3804; x_wconf 88' lang='grc' dir='ltr'><strong>ι</strong></span> <span class='ocrx_word' id='word_1_527' title='bbox 1964 3752 2022 3808; x_wconf 84' lang='lat' dir='ltr'><strong>l&#39;iat</strong></span> 
     </span>
     <span class='ocr_line' id='line_1_58' title="bbox 384 3840 2021 3912; baseline 0.003 -17"><span class='ocrx_word' id='word_1_528' title='bbox 384 3856 449 3895; x_wconf 93' lang='lat' dir='ltr'><strong>num</strong></span> <span class='ocrx_word' id='word_1_529' title='bbox 463 3840 583 3912; x_wconf 80' lang='lat' dir='ltr'><strong>ingressa</strong></span> <span class='ocrx_word' id='word_1_530' title='bbox 597 3847 638 3895; x_wconf 93' lang='lat' dir='ltr'><strong>cst</strong></span> <span class='ocrx_word' id='word_1_531' title='bbox 650 3840 800 3896; x_wconf 90' lang='lat' dir='ltr'><strong>oratorium</strong></span> <span class='ocrx_word' id='word_1_532' title='bbox 811 3856 907 3905; x_wconf 86' lang='lat' dir='ltr'><strong>suoru,</strong></span> <span class='ocrx_word' id='word_1_533' title='bbox 921 3842 972 3896; x_wconf 91' lang='lat' dir='ltr'><strong>uisi</strong></span> <span class='ocrx_word' id='word_1_534' title='bbox 988 3841 1059 3911; x_wconf 86' lang='lat' dir='ltr'><strong>quod</strong></span> <span class='ocrx_word' id='word_1_535' title='bbox 1074 3841 1174 3896; x_wconf 91' lang='lat' dir='ltr'><strong>sollici·</strong></span> <span class='ocrx_word' id='word_1_536' title='bbox 1227 3855 1321 3895; x_wconf 87' lang='lat' dir='ltr'><strong>nrensa</strong></span> <span class='ocrx_word' id='word_1_537' title='bbox 1334 3855 1428 3895; x_wconf 91' lang='lat' dir='ltr'><strong>corum</strong></span> <span class='ocrx_word' id='word_1_538' title='bbox 1443 3855 1534 3895; x_wconf 89' lang='lat' dir='ltr'><strong>coram</strong></span> <span class='ocrx_word' id='word_1_539' title='bbox 1548 3840 1614 3911; x_wconf 88' lang='lat' dir='ltr'><strong>ipsis</strong></span> <span class='ocrx_word' id='word_1_540' title='bbox 1628 3841 1655 3895; x_wconf 89' lang='lat' dir='ltr'><strong>in</strong></span> <span class='ocrx_word' id='word_1_541' title='bbox 1668 3841 1809 3912; x_wconf 84' lang='lat' dir='ltr'><strong>laqueum,</strong></span> <span class='ocrx_word' id='word_1_542' title='bbox 1823 3851 1850 3898; x_wconf 90' lang='lat' dir='ltr'><strong>et</strong></span> <span class='ocrx_word' id='word_1_543' title='bbox 1863 3843 1892 3898; x_wconf 93' lang='lat' dir='ltr'><strong>iu</strong></span> <span class='ocrx_word' id='word_1_544' title='bbox 1908 3843 2021 3900; x_wconf 87' lang='lat' dir='ltr'><strong>retribu-</strong></span> 
     </span>
     <span class='ocr_line' id='line_1_59' title="bbox 385 3930 2019 4006; baseline 0.002 -17"><span class='ocrx_word' id='word_1_545' title='bbox 385 3934 450 3989; x_wconf 78' lang='lat' dir='ltr'><strong>tudo</strong></span> <span class='ocrx_word' id='word_1_546' title='bbox 470 3942 625 3989; x_wconf 89' lang='lat' dir='ltr'><strong>sauctorum</strong></span> <span class='ocrx_word' id='word_1_547' title='bbox 642 3940 704 4005; x_wconf 87' lang='lat' dir='ltr'><strong>post</strong></span> <span class='ocrx_word' id='word_1_548' title='bbox 721 3933 857 4004; x_wconf 83' lang='lat' dir='ltr'><strong>expletum</strong></span> <span class='ocrx_word' id='word_1_549' title='bbox 877 3932 956 3989; x_wconf 86' lang='lat' dir='ltr'><strong>sortis</strong></span> <span class='ocrx_word' id='word_1_550' title='bbox 976 3934 1175 4006; x_wconf 70' lang='lat' dir='ltr'><strong>predicationis</strong></span> <span class='ocrx_word' id='word_1_551' title='bbox 1228 3940 1344 3993; x_wconf 86' lang='lat' dir='ltr'><strong>bouem,</strong></span> <span class='ocrx_word' id='word_1_552' title='bbox 1358 3932 1423 3987; x_wconf 90' lang='lat' dir='ltr'><strong>etin</strong></span> <span class='ocrx_word' id='word_1_553' title='bbox 1437 3932 1601 3988; x_wconf 85' lang='lat' dir='ltr'><strong>scandalum.</strong></span> <span class='ocrx_word' id='word_1_554' title='bbox 1617 3930 1803 3990; x_wconf 79' lang='lat' dir='ltr'><strong>obscurentur</strong></span> <span class='ocrx_word' id='word_1_555' title='bbox 1814 3934 1888 3991; x_wconf 88' lang='lat' dir='ltr'><strong>ocoli</strong></span> <span class='ocrx_word' id='word_1_556' title='bbox 1910 3951 2019 4003; x_wconf 85' lang='lat' dir='ltr'><strong>eorum,</strong></span> 
     </span>
     <span class='ocr_line' id='line_1_60' title="bbox 381 4003 2022 4097; baseline 0.001 -16"><span class='ocrx_word' id='word_1_557' title='bbox 381 4003 543 4095; x_wconf 52' lang='lat' dir='ltr'><strong>obseouium</strong></span> <span class='ocrx_word' id='word_1_558' title='bbox 563 4025 697 4082; x_wconf 86' lang='lat' dir='ltr'><strong>introrsus</strong></span> <span class='ocrx_word' id='word_1_559' title='bbox 712 4025 745 4081; x_wconf 87' lang='lat' dir='ltr'><strong>ad</strong></span> <span class='ocrx_word' id='word_1_560' title='bbox 766 4026 854 4081; x_wconf 90' lang='lat' dir='ltr'><strong>cordis</strong></span> <span class='ocrx_word' id='word_1_561' title='bbox 876 4025 916 4082; x_wconf 90' lang='lat' dir='ltr'><strong>sni</strong></span> <span class='ocrx_word' id='word_1_562' title='bbox 938 4025 1007 4082; x_wconf 88' lang='lat' dir='ltr'><strong>redit</strong></span> <span class='ocrx_word' id='word_1_563' title='bbox 1022 4034 1173 4091; x_wconf 85' lang='lat' dir='ltr'><strong>secretum,</strong></span> <span class='ocrx_word' id='word_1_564' title='bbox 1226 4040 1261 4081; x_wconf 92' lang='lat' dir='ltr'><strong>ne</strong></span> <span class='ocrx_word' id='word_1_565' title='bbox 1273 4024 1391 4087; x_wconf 91' lang='lat' dir='ltr'><strong>videant,</strong></span> <span class='ocrx_word' id='word_1_566' title='bbox 1400 4033 1428 4079; x_wconf 91' lang='grc' dir='ltr'><strong>ιι</strong></span> <span class='ocrx_word' id='word_1_567' title='bbox 1439 4024 1549 4079; x_wconf 88' lang='lat' dir='ltr'><strong>dorsum</strong></span> <span class='ocrx_word' id='word_1_568' title='bbox 1562 4039 1656 4080; x_wconf 87' lang='lat' dir='ltr'><strong>eorum</strong></span> <span class='ocrx_word' id='word_1_569' title='bbox 1667 4040 1776 4097; x_wconf 88' lang='lat' dir='ltr'><strong>semper</strong></span> <span class='ocrx_word' id='word_1_570' title='bbox 1788 4024 1958 4083; x_wconf 86' lang='lat' dir='ltr'><strong>incurvetur.</strong></span> <span class='ocrx_word' id='word_1_571' title='bbox 1970 4025 2022 4083; x_wconf 79' lang='grc' dir='ltr'><strong>ιΕι</strong></span> 
     </span>
     <span class='ocr_line' id='line_1_61' title="bbox 382 4114 2020 4189; baseline 0.002 -20"><span class='ocrx_word' id='word_1_572' title='bbox 382 4125 413 4171; x_wconf 88' lang='grc' dir='ltr'><strong>ιιι</strong></span> <span class='ocrx_word' id='word_1_573' title='bbox 428 4116 463 4172; x_wconf 91' lang='lat' dir='ltr'><strong>ibi</strong></span> <span class='ocrx_word' id='word_1_574' title='bbox 479 4116 586 4189; x_wconf 85' lang='lat' dir='ltr'><strong>expleat</strong></span> <span class='ocrx_word' id='word_1_575' title='bbox 601 4117 701 4174; x_wconf 89' lang='lat' dir='ltr'><strong>munda</strong></span> <span class='ocrx_word' id='word_1_576' title='bbox 717 4118 881 4174; x_wconf 88' lang='lat' dir='ltr'><strong>conscientia</strong></span> <span class='ocrx_word' id='word_1_577' title='bbox 896 4134 970 4189; x_wconf 87' lang='lat' dir='ltr'><strong>purae</strong></span> <span class='ocrx_word' id='word_1_578' title='bbox 984 4119 1117 4175; x_wconf 89' lang='lat' dir='ltr'><strong>orationis</strong></span> <span class='ocrx_word' id='word_1_579' title='bbox 1130 4118 1172 4175; x_wconf 88' lang='lat' dir='ltr'><strong>ol·</strong></span> <span class='ocrx_word' id='word_1_580' title='bbox 1225 4115 1325 4171; x_wconf 85' lang='lat' dir='ltr'><strong>Paulus</strong></span> <span class='ocrx_word' id='word_1_581' title='bbox 1333 4116 1359 4169; x_wconf 96' lang='lat' dir='ltr'><strong>iu</strong></span> <span class='ocrx_word' id='word_1_582' title='bbox 1371 4114 1489 4186; x_wconf 85' lang='lat' dir='ltr'><strong>Epistola</strong></span> <span class='ocrx_word' id='word_1_583' title='bbox 1501 4130 1549 4170; x_wconf 90' lang='lat' dir='ltr'><strong>sua</strong></span> <span class='ocrx_word' id='word_1_584' title='bbox 1560 4115 1598 4170; x_wconf 89' lang='lat' dir='ltr'><strong>ita</strong></span> <span class='ocrx_word' id='word_1_585' title='bbox 1605 4115 1715 4186; x_wconf 89' lang='lat' dir='ltr'><strong>scripsit</strong></span> <span class='ocrx_word' id='word_1_586' title='bbox 1723 4116 1818 4172; x_wconf 88' lang='lat' dir='ltr'><strong>dicens</strong></span> <span class='ocrx_word' id='word_1_587' title='bbox 1828 4136 1834 4172; x_wconf 91' lang='lat'>:</span> <span class='ocrx_word' id='word_1_588' title='bbox 1845 4136 1855 4167; x_wconf 86' lang='grc' dir='ltr'><strong>ι</strong></span> <span class='ocrx_word' id='word_1_589' title='bbox 1866 4117 2020 4175; x_wconf 75' lang='lat' dir='ltr'><strong>Alexander</strong></span> 
     </span>
     <span class='ocr_line' id='line_1_62' title="bbox 382 4205 2017 4279; baseline 0.004 -21"><span class='ocrx_word' id='word_1_590' title='bbox 382 4205 474 4260; x_wconf 89' lang='lat' dir='ltr'><strong>licium</strong></span> <span class='ocrx_word' id='word_1_591' title='bbox 485 4246 491 4270; x_wconf 93' lang='lat'><strong>,</strong></span> <span class='ocrx_word' id='word_1_592' title='bbox 504 4206 581 4276; x_wconf 81' lang='lat' dir='ltr'><strong>justa</strong></span> <span class='ocrx_word' id='word_1_593' title='bbox 597 4205 669 4262; x_wconf 91' lang='lat' dir='ltr'><strong>illam</strong></span> <span class='ocrx_word' id='word_1_594' title='bbox 685 4209 847 4262; x_wconf 90' lang='lat' dir='ltr'><strong>sententiam</strong></span> <span class='ocrx_word' id='word_1_595' title='bbox 864 4207 1030 4274; x_wconf 76' lang='lat' dir='ltr'><strong>Salvator-is,</strong></span> <span class='ocrx_word' id='word_1_596' title='bbox 1047 4225 1130 4279; x_wconf 82' lang='lat' dir='ltr'><strong>ouant</strong></span> <span class='ocrx_word' id='word_1_597' title='bbox 1146 4211 1171 4265; x_wconf 90' lang='lat' dir='ltr'><strong>iu</strong></span> <span class='ocrx_word' id='word_1_598' title='bbox 1225 4207 1340 4262; x_wconf 69' lang='lat' dir='ltr'><strong>aerarius</strong></span> <span class='ocrx_word' id='word_1_599' title='bbox 1354 4206 1438 4261; x_wconf 89' lang='lat' dir='ltr'><strong>mrdta</strong></span> <span class='ocrx_word' id='word_1_600' title='bbox 1455 4206 1522 4261; x_wconf 91' lang='lat' dir='ltr'><strong>mibi</strong></span> <span class='ocrx_word' id='word_1_601' title='bbox 1536 4206 1607 4262; x_wconf 89' lang='lat' dir='ltr'><strong>mala</strong></span> <span class='ocrx_word' id='word_1_602' title='bbox 1620 4207 1755 4272; x_wconf 89' lang='lat' dir='ltr'><strong>ostendit,</strong></span> <span class='ocrx_word' id='word_1_603' title='bbox 1768 4208 1863 4265; x_wconf 85' lang='lat' dir='ltr'><strong>reddet</strong></span> <span class='ocrx_word' id='word_1_604' title='bbox 1877 4209 1915 4264; x_wconf 93' lang='lat' dir='ltr'><strong>illi</strong></span> <span class='ocrx_word' id='word_1_605' title='bbox 1930 4209 2017 4264; x_wconf 92' lang='lat' dir='ltr'><strong>Domi·</strong></span> 
     </span>
     <span class='ocr_line' id='line_1_63' title="bbox 382 4295 2017 4373; baseline 0.003 -22"><span class='ocrx_word' id='word_1_606' title='bbox 382 4295 530 4368; x_wconf 82' lang='lat' dir='ltr'><strong>Evangelio</strong></span> <span class='ocrx_word' id='word_1_607' title='bbox 544 4297 635 4354; x_wconf 90' lang='lat' dir='ltr'><strong>docuit</strong></span> <span class='ocrx_word' id='word_1_608' title='bbox 650 4297 761 4353; x_wconf 89' lang='lat' dir='ltr'><strong>diceus:</strong></span> <span class='ocrx_word' id='word_1_609' title='bbox 778 4317 787 4350; x_wconf 87' lang='grc' dir='ltr'><strong>ι</strong></span> <span class='ocrx_word' id='word_1_610' title='bbox 800 4298 840 4354; x_wconf 86' lang='grc' dir='ltr'><strong>Τιι</strong></span> <span class='ocrx_word' id='word_1_611' title='bbox 853 4307 942 4355; x_wconf 90' lang='lat' dir='ltr'><strong>autem</strong></span> <span class='ocrx_word' id='word_1_612' title='bbox 959 4315 1020 4354; x_wconf 90' lang='lat' dir='ltr'><strong>enm</strong></span> <span class='ocrx_word' id='word_1_613' title='bbox 1032 4303 1170 4364; x_wconf 88' lang='lat' dir='ltr'><strong>oraveris,</strong></span> <span class='ocrx_word' id='word_1_614' title='bbox 1224 4314 1275 4353; x_wconf 90' lang='lat' dir='ltr'><strong>nus</strong></span> <span class='ocrx_word' id='word_1_615' title='bbox 1285 4297 1434 4352; x_wconf 88' lang='lat' dir='ltr'><strong>seeundum</strong></span> <span class='ocrx_word' id='word_1_616' title='bbox 1446 4312 1527 4368; x_wconf 88' lang='lat' dir='ltr'><strong>opera</strong></span> <span class='ocrx_word' id='word_1_617' title='bbox 1541 4313 1600 4352; x_wconf 91' lang='lat' dir='ltr'><strong>sua.</strong></span> <span class='ocrx_word' id='word_1_618' title='bbox 1613 4318 1622 4351; x_wconf 85' lang='grc' dir='ltr'><strong>ι</strong></span> <span class='ocrx_word' id='word_1_619' title='bbox 1636 4297 1687 4365; x_wconf 85' lang='lat' dir='ltr'><strong>Qui</strong></span> <span class='ocrx_word' id='word_1_620' title='bbox 1700 4308 1728 4353; x_wconf 92' lang='lat' dir='ltr'><strong>et</strong></span> <span class='ocrx_word' id='word_1_621' title='bbox 1743 4297 1770 4353; x_wconf 88' lang='lat' dir='ltr'><strong>in</strong></span> <span class='ocrx_word' id='word_1_622' title='bbox 1784 4299 1900 4356; x_wconf 79' lang='lat' dir='ltr'><strong>neribus</strong></span> <span class='ocrx_word' id='word_1_623' title='bbox 1914 4310 2017 4373; x_wconf 82' lang='lat' dir='ltr'><strong>aposto</strong></span> 
     </span>
     <span class='ocr_line' id='line_1_64' title="bbox 380 4387 2016 4465; baseline 0.004 -23"><span class='ocrx_word' id='word_1_624' title='bbox 380 4387 453 4443; x_wconf 90' lang='lat' dir='ltr'><strong>iutra</strong></span> <span class='ocrx_word' id='word_1_625' title='bbox 479 4388 506 4443; x_wconf 92' lang='lat' dir='ltr'><strong>iu</strong></span> <span class='ocrx_word' id='word_1_626' title='bbox 532 4388 701 4454; x_wconf 87' lang='lat' dir='ltr'><strong>cubiculum,</strong></span> <span class='ocrx_word' id='word_1_627' title='bbox 727 4397 755 4445; x_wconf 90' lang='lat' dir='ltr'><strong>ct</strong></span> <span class='ocrx_word' id='word_1_628' title='bbox 777 4389 869 4446; x_wconf 88' lang='lat' dir='ltr'><strong>clauso</strong></span> <span class='ocrx_word' id='word_1_629' title='bbox 893 4392 963 4446; x_wconf 86' lang='lat' dir='ltr'><strong>ostio</strong></span> <span class='ocrx_word' id='word_1_630' title='bbox 987 4406 1036 4445; x_wconf 90' lang='lat' dir='ltr'><strong>ora</strong></span> <span class='ocrx_word' id='word_1_631' title='bbox 1060 4390 1170 4445; x_wconf 88' lang='lat' dir='ltr'><strong>Patrem</strong></span> <span class='ocrx_word' id='word_1_632' title='bbox 1224 4388 1310 4444; x_wconf 89' lang='lat' dir='ltr'><strong>lorum</strong></span> <span class='ocrx_word' id='word_1_633' title='bbox 1325 4388 1500 4444; x_wconf 76' lang='lat' dir='ltr'><strong>adduauiam</strong></span> <span class='ocrx_word' id='word_1_634' title='bbox 1517 4388 1672 4458; x_wconf 80' lang='lat' dir='ltr'><strong>pontificem</strong></span> <span class='ocrx_word' id='word_1_635' title='bbox 1686 4405 1717 4445; x_wconf 88' lang='lat' dir='ltr'><strong>os</strong></span> <span class='ocrx_word' id='word_1_636' title='bbox 1738 4388 1797 4459; x_wconf 84' lang='lat' dir='ltr'><strong>ejus</strong></span> <span class='ocrx_word' id='word_1_637' title='bbox 1817 4401 1961 4463; x_wconf 85' lang='lat' dir='ltr'><strong>percutere</strong></span> <span class='ocrx_word' id='word_1_638' title='bbox 1975 4393 2016 4465; x_wconf 86' lang='lat' dir='ltr'><strong>ju-</strong></span> 
     </span>
     <span class='ocr_line' id='line_1_65' title="bbox 379 4478 2015 4555; baseline 0.006 -21"><span class='ocrx_word' id='word_1_639' title='bbox 379 4488 472 4545; x_wconf 91' lang='lat' dir='ltr'><strong>tuurn,</strong></span> <span class='ocrx_word' id='word_1_640' title='bbox 487 4487 515 4534; x_wconf 92' lang='lat' dir='ltr'><strong>et</strong></span> <span class='ocrx_word' id='word_1_641' title='bbox 525 4478 605 4534; x_wconf 87' lang='lat' dir='ltr'><strong>Pater</strong></span> <span class='ocrx_word' id='word_1_642' title='bbox 620 4488 681 4534; x_wconf 91' lang='lat' dir='ltr'><strong>tuus</strong></span> <span class='ocrx_word' id='word_1_643' title='bbox 695 4481 740 4550; x_wconf 86' lang='lat' dir='ltr'><strong>qui</strong></span> <span class='ocrx_word' id='word_1_644' title='bbox 756 4480 828 4535; x_wconf 91' lang='lat' dir='ltr'><strong>videt</strong></span> <span class='ocrx_word' id='word_1_645' title='bbox 843 4481 869 4536; x_wconf 94' lang='lat' dir='ltr'><strong>iu</strong></span> <span class='ocrx_word' id='word_1_646' title='bbox 885 4481 1062 4548; x_wconf 87' lang='lat' dir='ltr'><strong>abscondito,</strong></span> <span class='ocrx_word' id='word_1_647' title='bbox 1079 4480 1172 4535; x_wconf 88' lang='lat' dir='ltr'><strong>reddet</strong></span> <span class='ocrx_word' id='word_1_648' title='bbox 1223 4482 1330 4537; x_wconf 76' lang='lat' dir='ltr'><strong>luentem</strong></span> <span class='ocrx_word' id='word_1_649' title='bbox 1353 4483 1390 4538; x_wconf 90' lang='lat' dir='ltr'><strong>ait</strong></span> <span class='ocrx_word' id='word_1_650' title='bbox 1408 4501 1413 4535; x_wconf 94' lang='lat'>:</span> <span class='ocrx_word' id='word_1_651' title='bbox 1433 4501 1442 4532; x_wconf 86' lang='grc' dir='ltr'><strong>ι</strong></span> <span class='ocrx_word' id='word_1_652' title='bbox 1457 4482 1595 4537; x_wconf 85' lang='grc' dir='ltr'>Ριιιιιιίιι</span> <span class='ocrx_word' id='word_1_653' title='bbox 1619 4492 1645 4538; x_wconf 89' lang='lat' dir='ltr'><strong>te</strong></span> <span class='ocrx_word' id='word_1_654' title='bbox 1668 4483 1759 4549; x_wconf 92' lang='lat' dir='ltr'><strong>Deus,</strong></span> <span class='ocrx_word' id='word_1_655' title='bbox 1783 4485 1873 4555; x_wconf 89' lang='lat' dir='ltr'><strong>parics</strong></span> <span class='ocrx_word' id='word_1_656' title='bbox 1896 4488 2015 4543; x_wconf 88' lang='lat' dir='ltr'><strong>dealbate</strong></span> 
     </span>
     <span class='ocr_line' id='line_1_66' title="bbox 379 4569 2017 4648; baseline 0.003 -22"><span class='ocrx_word' id='word_1_657' title='bbox 379 4570 438 4626; x_wconf 84' lang='lat' dir='ltr'><strong>tilri.</strong></span> <span class='ocrx_word' id='word_1_658' title='bbox 454 4590 463 4623; x_wconf 85' lang='grc' dir='ltr'><strong>ι</strong></span> <span class='ocrx_word' id='word_1_659' title='bbox 478 4569 566 4624; x_wconf 85' lang='grc' dir='ltr'>ΙιιιΙιιίι</span> <span class='ocrx_word' id='word_1_660' title='bbox 586 4585 615 4625; x_wconf 90' lang='lat' dir='ltr'><strong>se</strong></span> <span class='ocrx_word' id='word_1_661' title='bbox 635 4569 738 4632; x_wconf 88' lang='lat' dir='ltr'><strong>cilicio,</strong></span> <span class='ocrx_word' id='word_1_662' title='bbox 760 4586 821 4625; x_wconf 93' lang='lat' dir='ltr'><strong>curn</strong></span> <span class='ocrx_word' id='word_1_663' title='bbox 842 4571 1029 4642; x_wconf 86' lang='lat' dir='ltr'><strong>poenitontium</strong></span> <span class='ocrx_word' id='word_1_664' title='bbox 1045 4587 1093 4643; x_wconf 93' lang='lat' dir='ltr'><strong>pro</strong></span> <span class='ocrx_word' id='word_1_665' title='bbox 1109 4587 1171 4641; x_wconf 89' lang='lat' dir='ltr'><strong>pcc·</strong></span> <span class='ocrx_word' id='word_1_666' title='bbox 1223 4574 1300 4645; x_wconf 78' lang='lat' dir='ltr'><strong>(Act.</strong></span> <span class='ocrx_word' id='word_1_667' title='bbox 1320 4574 1411 4645; x_wconf 79' lang='grc' dir='ltr'>ιιιιιι.)</span> <span class='ocrx_word' id='word_1_668' title='bbox 1437 4593 1446 4625; x_wconf 86' lang='grc' dir='ltr'><strong>ι</strong></span> <span class='ocrx_word' id='word_1_669' title='bbox 1469 4572 1544 4628; x_wconf 88' lang='lat' dir='ltr'><strong>Unde</strong></span> <span class='ocrx_word' id='word_1_670' title='bbox 1562 4582 1591 4629; x_wconf 86' lang='lat' dir='ltr'><strong>et</strong></span> <span class='ocrx_word' id='word_1_671' title='bbox 1605 4574 1688 4629; x_wconf 87' lang='lat' dir='ltr'><strong>verba</strong></span> <span class='ocrx_word' id='word_1_672' title='bbox 1708 4575 1759 4628; x_wconf 91' lang='lat' dir='ltr'><strong>ista</strong></span> <span class='ocrx_word' id='word_1_673' title='bbox 1783 4573 1898 4640; x_wconf 82' lang='lat' dir='ltr'><strong>luditb,</strong></span> <span class='ocrx_word' id='word_1_674' title='bbox 1921 4578 2017 4648; x_wconf 83' lang='lat' dir='ltr'><strong>quibus</strong></span> 
     </span>
     <span class='ocr_line' id='line_1_67' title="bbox 378 4660 2014 4736; baseline 0.004 -18"><span class='ocrx_word' id='word_1_675' title='bbox 378 4662 447 4718; x_wconf 84' lang='lat' dir='ltr'><strong>catis</strong></span> <span class='ocrx_word' id='word_1_676' title='bbox 467 4662 533 4731; x_wconf 83' lang='lat' dir='ltr'><strong>agit.</strong></span> <span class='ocrx_word' id='word_1_677' title='bbox 554 4660 679 4716; x_wconf 84' lang='lat' dir='ltr'><strong>Cincrcm</strong></span> <span class='ocrx_word' id='word_1_678' title='bbox 694 4677 774 4731; x_wconf 93' lang='lat' dir='ltr'><strong>super</strong></span> <span class='ocrx_word' id='word_1_679' title='bbox 788 4671 869 4732; x_wconf 91' lang='lat' dir='ltr'><strong>caput</strong></span> <span class='ocrx_word' id='word_1_680' title='bbox 882 4662 971 4733; x_wconf 88' lang='lat' dir='ltr'><strong>pouit,</strong></span> <span class='ocrx_word' id='word_1_681' title='bbox 989 4679 1051 4718; x_wconf 92' lang='lat' dir='ltr'><strong>eum</strong></span> <span class='ocrx_word' id='word_1_682' title='bbox 1066 4660 1169 4735; x_wconf 80' lang='lat' dir='ltr'><strong>tragili-</strong></span> <span class='ocrx_word' id='word_1_683' title='bbox 1224 4663 1291 4719; x_wconf 89' lang='lat' dir='ltr'><strong>dicit</strong></span> <span class='ocrx_word' id='word_1_684' title='bbox 1307 4683 1313 4716; x_wconf 95' lang='lat'>:</span> <span class='ocrx_word' id='word_1_685' title='bbox 1331 4683 1340 4714; x_wconf 86' lang='grc' dir='ltr'><strong>ι</strong></span> <span class='ocrx_word' id='word_1_686' title='bbox 1355 4662 1484 4734; x_wconf 88' lang='lat' dir='ltr'><strong>Capictur</strong></span> <span class='ocrx_word' id='word_1_687' title='bbox 1503 4664 1598 4734; x_wconf 79' lang='lat' dir='ltr'><strong>luuuco</strong></span> <span class='ocrx_word' id='word_1_688' title='bbox 1618 4665 1757 4721; x_wconf 90' lang='lat' dir='ltr'><strong>oculorum</strong></span> <span class='ocrx_word' id='word_1_689' title='bbox 1778 4682 1891 4723; x_wconf 87' lang='lat' dir='ltr'><strong>snorum</strong></span> <span class='ocrx_word' id='word_1_690' title='bbox 1911 4669 1938 4724; x_wconf 96' lang='lat' dir='ltr'><strong>in</strong></span> <span class='ocrx_word' id='word_1_691' title='bbox 1958 4686 2014 4736; x_wconf 92' lang='lat' dir='ltr'><strong>me,</strong></span> 
     </span>
     <span class='ocr_line' id='line_1_68' title="bbox 378 4753 2014 4829; baseline 0.006 -21"><span class='ocrx_word' id='word_1_692' title='bbox 378 4754 443 4808; x_wconf 88' lang='lat' dir='ltr'><strong>tatis</strong></span> <span class='ocrx_word' id='word_1_693' title='bbox 457 4768 512 4808; x_wconf 70' lang='lat' dir='ltr'><strong>suaa</strong></span> <span class='ocrx_word' id='word_1_694' title='bbox 525 4753 683 4807; x_wconf 90' lang='lat' dir='ltr'><strong>memoriam</strong></span> <span class='ocrx_word' id='word_1_695' title='bbox 699 4753 724 4806; x_wconf 92' lang='lat' dir='ltr'><strong>iu</strong></span> <span class='ocrx_word' id='word_1_696' title='bbox 740 4762 829 4808; x_wconf 89' lang='lat' dir='ltr'><strong>urente</strong></span> <span class='ocrx_word' id='word_1_697' title='bbox 843 4754 975 4808; x_wconf 89' lang='lat' dir='ltr'><strong>recondit.</strong></span> <span class='ocrx_word' id='word_1_698' title='bbox 991 4753 1170 4809; x_wconf 89' lang='lat' dir='ltr'><strong>Prosterueus</strong></span> <span class='ocrx_word' id='word_1_699' title='bbox 1224 4765 1251 4810; x_wconf 94' lang='lat' dir='ltr'><strong>et</strong></span> <span class='ocrx_word' id='word_1_700' title='bbox 1273 4755 1408 4825; x_wconf 91' lang='lat' dir='ltr'><strong>percuties</strong></span> <span class='ocrx_word' id='word_1_701' title='bbox 1429 4771 1491 4810; x_wconf 89' lang='lat' dir='ltr'><strong>eum</strong></span> <span class='ocrx_word' id='word_1_702' title='bbox 1515 4772 1546 4811; x_wconf 82' lang='grc' dir='ltr'><strong>ιι</strong></span> <span class='ocrx_word' id='word_1_703' title='bbox 1573 4757 1652 4813; x_wconf 90' lang='lat' dir='ltr'><strong>labiis</strong></span> <span class='ocrx_word' id='word_1_704' title='bbox 1674 4758 1816 4814; x_wconf 84' lang='lat' dir='ltr'><strong>charitatis</strong></span> <span class='ocrx_word' id='word_1_705' title='bbox 1833 4773 1924 4829; x_wconf 82' lang='lat' dir='ltr'><strong>mete,</strong></span> <span class='ocrx_word' id='word_1_706' title='bbox 1939 4782 1948 4814; x_wconf 86' lang='grc' dir='ltr'><strong>ι</strong></span> <span class='ocrx_word' id='word_1_707' title='bbox 1964 4780 2014 4818; x_wconf 86' lang='lat' dir='ltr'><strong>trun</strong></span> 
     </span>
     <span class='ocr_line' id='line_1_69' title="bbox 377 4842 2014 4919; baseline 0.004 -18"><span class='ocrx_word' id='word_1_708' title='bbox 377 4859 407 4901; x_wconf 78' lang='lat' dir='ltr'><strong>sc</strong></span> <span class='ocrx_word' id='word_1_709' title='bbox 427 4844 461 4898; x_wconf 90' lang='lat' dir='ltr'><strong>ud</strong></span> <span class='ocrx_word' id='word_1_710' title='bbox 481 4843 626 4899; x_wconf 91' lang='lat' dir='ltr'><strong>Dotniunm</strong></span> <span class='ocrx_word' id='word_1_711' title='bbox 648 4844 761 4908; x_wconf 88' lang='lat' dir='ltr'><strong>claurut,</strong></span> <span class='ocrx_word' id='word_1_712' title='bbox 785 4845 848 4898; x_wconf 93' lang='lat' dir='ltr'><strong>dum</strong></span> <span class='ocrx_word' id='word_1_713' title='bbox 869 4859 917 4913; x_wconf 91' lang='lat' dir='ltr'><strong>per</strong></span> <span class='ocrx_word' id='word_1_714' title='bbox 933 4844 1094 4900; x_wconf 86' lang='lat' dir='ltr'><strong>humilitatis</strong></span> <span class='ocrx_word' id='word_1_715' title='bbox 1106 4842 1170 4898; x_wconf 78' lang='lat' dir='ltr'><strong>ruffe·</strong></span> <span class='ocrx_word' id='word_1_716' title='bbox 1223 4855 1287 4901; x_wconf 89' lang='lat' dir='ltr'><strong>sunt</strong></span> <span class='ocrx_word' id='word_1_717' title='bbox 1312 4846 1515 4902; x_wconf 87' lang='lat' dir='ltr'><strong>maledictiones</strong></span> <span class='ocrx_word' id='word_1_718' title='bbox 1541 4848 1740 4919; x_wconf 65' lang='lat' dir='ltr'><strong>intelligendae,</strong></span> <span class='ocrx_word' id='word_1_719' title='bbox 1766 4850 1814 4905; x_wconf 87' lang='lat' dir='ltr'><strong>sed</strong></span> <span class='ocrx_word' id='word_1_720' title='bbox 1838 4851 1872 4905; x_wconf 88' lang='lat' dir='ltr'><strong>de</strong></span> <span class='ocrx_word' id='word_1_721' title='bbox 1897 4853 2014 4907; x_wconf 85' lang='lat' dir='ltr'><strong>venturis</strong></span> 
     </span>
     <span class='ocr_line' id='line_1_70' title="bbox 376 4934 2013 5014; baseline 0.004 -23"><span class='ocrx_word' id='word_1_722' title='bbox 376 4945 452 4991; x_wconf 90' lang='lat' dir='ltr'><strong>ctum</strong></span> <span class='ocrx_word' id='word_1_723' title='bbox 472 4950 500 4991; x_wconf 88' lang='lat' dir='ltr'><strong>se</strong></span> <span class='ocrx_word' id='word_1_724' title='bbox 519 4952 533 4989; x_wconf 92' lang='lat' dir='ltr'><strong>a</strong></span> <span class='ocrx_word' id='word_1_725' title='bbox 554 4934 669 4989; x_wconf 89' lang='lat' dir='ltr'><strong>Domino</strong></span> <span class='ocrx_word' id='word_1_726' title='bbox 689 4936 812 4990; x_wconf 81' lang='lat' dir='ltr'><strong>exaudiri</strong></span> <span class='ocrx_word' id='word_1_727' title='bbox 828 4945 936 5005; x_wconf 85' lang='lat' dir='ltr'><strong>sper·ut;</strong></span> <span class='ocrx_word' id='word_1_728' title='bbox 954 4938 1017 5005; x_wconf 84' lang='lat' dir='ltr'><strong>qaia</strong></span> <span class='ocrx_word' id='word_1_729' title='bbox 1035 4938 1168 5007; x_wconf 88' lang='lat' dir='ltr'><strong>scriptum</strong></span> <span class='ocrx_word' id='word_1_730' title='bbox 1223 4937 1357 5007; x_wconf 70' lang='lat' dir='ltr'><strong>praeconia</strong></span> <span class='ocrx_word' id='word_1_731' title='bbox 1372 4938 1529 5008; x_wconf 65' lang='lat' dir='ltr'><strong>prophetiae.</strong></span> <span class='ocrx_word' id='word_1_732' title='bbox 1546 4937 1602 4993; x_wconf 89' lang='lat' dir='ltr'><strong>lloc</strong></span> <span class='ocrx_word' id='word_1_733' title='bbox 1615 4940 1688 4994; x_wconf 90' lang='lat' dir='ltr'><strong>euim</strong></span> <span class='ocrx_word' id='word_1_734' title='bbox 1701 4939 1819 5010; x_wconf 87' lang='lat' dir='ltr'><strong>Spiritus</strong></span> <span class='ocrx_word' id='word_1_735' title='bbox 1837 4954 1949 5000; x_wconf 90' lang='lat' dir='ltr'><strong>sauctus</strong></span> <span class='ocrx_word' id='word_1_736' title='bbox 1968 4960 2013 5014; x_wconf 91' lang='lat' dir='ltr'><strong>pcr</strong></span> 
     </span>
     <span class='ocr_line' id='line_1_71' title="bbox 376 5026 2009 5105; baseline 0.004 -22"><span class='ocrx_word' id='word_1_737' title='bbox 376 5038 419 5085; x_wconf 85' lang='lat' dir='ltr'><strong>est</strong></span> <span class='ocrx_word' id='word_1_738' title='bbox 434 5046 440 5082; x_wconf 92' lang='lat'>:</span> <span class='ocrx_word' id='word_1_739' title='bbox 456 5047 465 5078; x_wconf 88' lang='grc' dir='ltr'><strong>ι</strong></span> <span class='ocrx_word' id='word_1_740' title='bbox 482 5026 649 5082; x_wconf 84' lang='lat' dir='ltr'><strong>Sacrificium</strong></span> <span class='ocrx_word' id='word_1_741' title='bbox 671 5028 725 5081; x_wconf 90' lang='lat' dir='ltr'><strong>Deo</strong></span> <span class='ocrx_word' id='word_1_742' title='bbox 750 5028 861 5096; x_wconf 88' lang='lat' dir='ltr'><strong>spiritus</strong></span> <span class='ocrx_word' id='word_1_743' title='bbox 879 5028 1095 5093; x_wconf 87' lang='lat' dir='ltr'><strong>contribulatus,</strong></span> <span class='ocrx_word' id='word_1_744' title='bbox 1122 5046 1170 5084; x_wconf 87' lang='lat' dir='ltr'><strong>cor</strong></span> <span class='ocrx_word' id='word_1_745' title='bbox 1222 5044 1253 5085; x_wconf 94' lang='lat' dir='ltr'><strong>os</strong></span> <span class='ocrx_word' id='word_1_746' title='bbox 1267 5037 1367 5085; x_wconf 89' lang='lat' dir='ltr'><strong>sanctae</strong></span> <span class='ocrx_word' id='word_1_747' title='bbox 1381 5028 1580 5084; x_wconf 84' lang='lat' dir='ltr'><strong>lenriruerolnit</strong></span> <span class='ocrx_word' id='word_1_748' title='bbox 1590 5041 1811 5101; x_wconf 74' lang='lat' dir='ltr'><strong>praemonstrare,</strong></span> <span class='ocrx_word' id='word_1_749' title='bbox 1827 5035 1899 5105; x_wconf 82' lang='lat' dir='ltr'><strong>quod</strong></span> <span class='ocrx_word' id='word_1_750' title='bbox 1913 5036 2009 5090; x_wconf 87' lang='lat' dir='ltr'><strong>sciebat</strong></span> 
     </span>
     <span class='ocr_line' id='line_1_72' title="bbox 376 5117 2011 5193; baseline 0.002 -17"><span class='ocrx_word' id='word_1_751' title='bbox 376 5121 524 5176; x_wconf 76' lang='lat' dir='ltr'><strong>counitum</strong></span> <span class='ocrx_word' id='word_1_752' title='bbox 548 5129 575 5175; x_wconf 93' lang='lat' dir='ltr'><strong>et</strong></span> <span class='ocrx_word' id='word_1_753' title='bbox 597 5120 767 5174; x_wconf 89' lang='lat' dir='ltr'><strong>lunniliatum</strong></span> <span class='ocrx_word' id='word_1_754' title='bbox 790 5120 861 5176; x_wconf 87' lang='lat' dir='ltr'><strong>Deus</strong></span> <span class='ocrx_word' id='word_1_755' title='bbox 885 5136 937 5175; x_wconf 92' lang='lat' dir='ltr'><strong>uon</strong></span> <span class='ocrx_word' id='word_1_756' title='bbox 961 5129 1079 5190; x_wconf 85' lang='lat' dir='ltr'><strong>spernet.</strong></span> <span class='ocrx_word' id='word_1_757' title='bbox 1100 5141 1109 5173; x_wconf 86' lang='lat' dir='ltr'><strong>r</strong></span> <span class='ocrx_word' id='word_1_758' title='bbox 1135 5121 1168 5176; x_wconf 82' lang='lat' dir='ltr'><strong>Et</strong></span> <span class='ocrx_word' id='word_1_759' title='bbox 1222 5117 1355 5173; x_wconf 78' lang='lat' dir='ltr'><strong>nefarium</strong></span> <span class='ocrx_word' id='word_1_760' title='bbox 1366 5120 1515 5189; x_wconf 90' lang='lat' dir='ltr'><strong>principem</strong></span> <span class='ocrx_word' id='word_1_761' title='bbox 1526 5121 1646 5191; x_wconf 80' lang='lat' dir='ltr'><strong>nequitia</strong></span> <span class='ocrx_word' id='word_1_762' title='bbox 1657 5137 1706 5177; x_wconf 90' lang='lat' dir='ltr'><strong>sua</strong></span> <span class='ocrx_word' id='word_1_763' title='bbox 1718 5125 1868 5193; x_wconf 88' lang='lat' dir='ltr'><strong>promereri</strong></span> <span class='ocrx_word' id='word_1_764' title='bbox 1883 5140 1951 5183; x_wconf 85' lang='lat' dir='ltr'><strong>:nec</strong></span> <span class='ocrx_word' id='word_1_765' title='bbox 1962 5143 2011 5182; x_wconf 92' lang='lat' dir='ltr'><strong>nou</strong></span> 
     </span>
     <span class='ocr_line' id='line_1_73' title="bbox 375 5210 2013 5287; baseline 0.008 -23"><span class='ocrx_word' id='word_1_766' title='bbox 375 5210 445 5267; x_wconf 88' lang='lat' dir='ltr'><strong>berre</strong></span> <span class='ocrx_word' id='word_1_767' title='bbox 465 5213 492 5266; x_wconf 95' lang='lat' dir='ltr'><strong>in</strong></span> <span class='ocrx_word' id='word_1_768' title='bbox 513 5213 636 5267; x_wconf 80' lang='lat' dir='ltr'><strong>oratione</strong></span> <span class='ocrx_word' id='word_1_769' title='bbox 656 5219 851 5267; x_wconf 85' lang='lat' dir='ltr'><strong>corruuernorat</strong></span> <span class='ocrx_word' id='word_1_770' title='bbox 865 5220 954 5267; x_wconf 91' lang='lat' dir='ltr'><strong>actum</strong></span> <span class='ocrx_word' id='word_1_771' title='bbox 968 5211 1105 5267; x_wconf 89' lang='lat' dir='ltr'><strong>Simeonis</strong></span> <span class='ocrx_word' id='word_1_772' title='bbox 1121 5227 1169 5283; x_wconf 90' lang='lat' dir='ltr'><strong>pa·</strong></span> <span class='ocrx_word' id='word_1_773' title='bbox 1222 5212 1286 5266; x_wconf 93' lang='lat' dir='ltr'><strong>illud</strong></span> <span class='ocrx_word' id='word_1_774' title='bbox 1301 5212 1328 5265; x_wconf 92' lang='lat' dir='ltr'><strong>in</strong></span> <span class='ocrx_word' id='word_1_775' title='bbox 1344 5213 1553 5284; x_wconf 85' lang='lat' dir='ltr'><strong>mysticoopere</strong></span> <span class='ocrx_word' id='word_1_776' title='bbox 1574 5230 1743 5285; x_wconf 73' lang='lat' dir='ltr'><strong>praesagere,</strong></span> <span class='ocrx_word' id='word_1_777' title='bbox 1759 5217 1831 5287; x_wconf 81' lang='lat' dir='ltr'><strong>qnod</strong></span> <span class='ocrx_word' id='word_1_778' title='bbox 1852 5223 1944 5277; x_wconf 90' lang='lat' dir='ltr'><strong>omnis</strong></span> <span class='ocrx_word' id='word_1_779' title='bbox 1963 5223 2013 5279; x_wconf 59' lang='lat' dir='ltr'><strong>lta*-</strong></span> 
     </span>
     <span class='ocr_line' id='line_1_74' title="bbox 376 5301 2010 5379; baseline 0.007 -19"><span class='ocrx_word' id='word_1_780' title='bbox 376 5304 518 5371; x_wconf 80' lang='lat' dir='ltr'><strong>triarcnae,</strong></span> <span class='ocrx_word' id='word_1_781' title='bbox 540 5307 585 5376; x_wconf 79' lang='lat' dir='ltr'><strong>qur</strong></span> <span class='ocrx_word' id='word_1_782' title='bbox 605 5322 668 5361; x_wconf 80' lang='lat' dir='ltr'><strong>curu</strong></span> <span class='ocrx_word' id='word_1_783' title='bbox 688 5306 752 5360; x_wconf 78' lang='lat' dir='ltr'><strong>tert</strong></span> <span class='ocrx_word' id='word_1_784' title='bbox 775 5306 859 5361; x_wconf 78' lang='lat' dir='ltr'><strong>crurre</strong></span> <span class='ocrx_word' id='word_1_785' title='bbox 880 5323 928 5361; x_wconf 86' lang='lat' dir='ltr'><strong>suo</strong></span> <span class='ocrx_word' id='word_1_786' title='bbox 950 5307 1039 5379; x_wconf 76' lang='lat' dir='ltr'><strong>podio</strong></span> <span class='ocrx_word' id='word_1_787' title='bbox 1058 5306 1169 5364; x_wconf 79' lang='lat' dir='ltr'><strong>ultiouis</strong></span> <span class='ocrx_word' id='word_1_788' title='bbox 1222 5301 1338 5368; x_wconf 78' lang='lat' dir='ltr'><strong>reticos,</strong></span> <span class='ocrx_word' id='word_1_789' title='bbox 1353 5302 1410 5357; x_wconf 81' lang='lat' dir='ltr'><strong>sivo</strong></span> <span class='ocrx_word' id='word_1_790' title='bbox 1424 5303 1630 5369; x_wconf 78' lang='lat' dir='ltr'><strong>schismaticus,</strong></span> <span class='ocrx_word' id='word_1_791' title='bbox 1646 5303 1704 5361; x_wconf 79' lang='lat' dir='ltr'><strong>sire</strong></span> <span class='ocrx_word' id='word_1_792' title='bbox 1717 5304 1842 5371; x_wconf 63' lang='lat' dir='ltr'><strong>tunsus,</strong></span> <span class='ocrx_word' id='word_1_793' title='bbox 1858 5309 1917 5364; x_wconf 84' lang='lat' dir='ltr'><strong>sire</strong></span> <span class='ocrx_word' id='word_1_794' title='bbox 1931 5310 2010 5365; x_wconf 80' lang='lat' dir='ltr'><strong>etiam</strong></span> 
     </span>
     <span class='ocr_line' id='line_1_75' title="bbox 375 5393 2010 5470; baseline 0.002 -17"><span class='ocrx_word' id='word_1_795' title='bbox 375 5398 523 5455; x_wconf 86' lang='lat' dir='ltr'><strong>vindicavit</strong></span> <span class='ocrx_word' id='word_1_796' title='bbox 536 5408 657 5470; x_wconf 88' lang='lat' dir='ltr'><strong>stuprum</strong></span> <span class='ocrx_word' id='word_1_797' title='bbox 671 5400 773 5454; x_wconf 89' lang='lat' dir='ltr'><strong>sororis</strong></span> <span class='ocrx_word' id='word_1_798' title='bbox 785 5415 840 5454; x_wconf 85' lang='lat' dir='ltr'><strong>sure</strong></span> <span class='ocrx_word' id='word_1_799' title='bbox 853 5399 1025 5470; x_wconf 82' lang='lat' dir='ltr'><strong>alienigenis,</strong></span> <span class='ocrx_word' id='word_1_800' title='bbox 1038 5401 1101 5469; x_wconf 73' lang='lat' dir='ltr'><strong>crtria</strong></span> <span class='ocrx_word' id='word_1_801' title='bbox 1125 5399 1167 5454; x_wconf 87' lang='lat' dir='ltr'><strong>lu·</strong></span> <span class='ocrx_word' id='word_1_802' title='bbox 1219 5393 1418 5463; x_wconf 67' lang='lat' dir='ltr'><strong>D³ss²¹11¹8‚tl⁰i</strong></span> <span class='ocrx_word' id='word_1_803' title='bbox 1434 5393 1584 5448; x_wconf 63' lang='lat' dir='ltr'><strong>Ecclesiam</strong></span> <span class='ocrx_word' id='word_1_804' title='bbox 1605 5409 1689 5462; x_wconf 66' lang='lat' dir='ltr'><strong>pravo</strong></span> <span class='ocrx_word' id='word_1_805' title='bbox 1710 5393 1852 5463; x_wconf 86' lang='lat' dir='ltr'><strong>dogmate,</strong></span> <span class='ocrx_word' id='word_1_806' title='bbox 1875 5398 1932 5453; x_wconf 74' lang='lat' dir='ltr'><strong>slve</strong></span> <span class='ocrx_word' id='word_1_807' title='bbox 1952 5415 2010 5469; x_wconf 81' lang='lat' dir='ltr'><strong>pcr-</strong></span> 
     </span>
     <span class='ocr_line' id='line_1_76' title="bbox 374 5484 2009 5565; baseline 0.007 -15"><span class='ocrx_word' id='word_1_808' title='bbox 374 5502 467 5550; x_wconf 81' lang='lat' dir='ltr'><strong>turum</strong></span> <span class='ocrx_word' id='word_1_809' title='bbox 488 5502 562 5558; x_wconf 87' lang='lat' dir='ltr'><strong>erat,</strong></span> <span class='ocrx_word' id='word_1_810' title='bbox 584 5493 654 5563; x_wconf 85' lang='lat' dir='ltr'><strong>quod</strong></span> <span class='ocrx_word' id='word_1_811' title='bbox 676 5492 851 5554; x_wconf 84' lang='lat' dir='ltr'><strong>llolulernes,</strong></span> <span class='ocrx_word' id='word_1_812' title='bbox 872 5495 917 5563; x_wconf 86' lang='lat' dir='ltr'><strong>qni</strong></span> <span class='ocrx_word' id='word_1_813' title='bbox 940 5495 967 5548; x_wconf 95' lang='lat' dir='ltr'><strong>in</strong></span> <span class='ocrx_word' id='word_1_814' title='bbox 986 5492 1078 5548; x_wconf 81' lang='lat' dir='ltr'><strong>luditlr</strong></span> <span class='ocrx_word' id='word_1_815' title='bbox 1099 5510 1168 5565; x_wconf 90' lang='lat' dir='ltr'><strong>opus</strong></span> <span class='ocrx_word' id='word_1_816' title='bbox 1219 5498 1298 5538; x_wconf 71' lang='lat' dir='ltr'><strong>l‘0i80</strong></span> <span class='ocrx_word' id='word_1_817' title='bbox 1312 5484 1436 5555; x_wconf 68' lang='lat' dir='ltr'><strong>e¹¹⁰¹¹¹l³¹⁰</strong></span> <span class='ocrx_word' id='word_1_818' title='bbox 1450 5501 1625 5556; x_wconf 66' lang='lat' dir='ltr'><strong>⁴30sl¹¹¹¹illiie</strong></span> <span class='ocrx_word' id='word_1_819' title='bbox 1640 5485 1772 5552; x_wconf 80' lang='lat' dir='ltr'><strong>coluerit,</strong></span> <span class='ocrx_word' id='word_1_820' title='bbox 1787 5488 1899 5558; x_wconf 60' lang='lat' dir='ltr'><strong>DP⁰DD⁰</strong></span> <span class='ocrx_word' id='word_1_821' title='bbox 1918 5506 2009 5561; x_wconf 91' lang='lat' dir='ltr'><strong>super·</strong></span> 
     </span>
    </p>
   </div>
   <div class='ocr_carea' id='block_1_11' title="bbox 394 2570 531 2628">
    <p class='ocr_par' dir='ltr' id='par_1_13' title="bbox 394 2570 531 2628">
     <span class='ocr_line' id='line_1_77' title="bbox 394 2570 531 2628; baseline -0.022 -1"><span class='ocrx_word' id='word_1_822' title='bbox 394 2570 531 2628; x_wconf 86' lang='lat' dir='ltr'><strong>studeam.</strong></span> 
     </span>
    </p>
   </div>
   <div class='ocr_carea' id='block_1_12' title="bbox 695 2722 873 2780">
    <p class='ocr_par' dir='ltr' id='par_1_14' title="bbox 695 2722 873 2780">
     <span class='ocr_line' id='line_1_78' title="bbox 695 2722 873 2780; baseline -0.022 -1"><span class='ocrx_word' id='word_1_823' title='bbox 695 2722 808 2780; x_wconf 79' lang='lat' dir='ltr'>CAPUT</span> <span class='ocrx_word' id='word_1_824' title='bbox 827 2722 873 2778; x_wconf 72' lang='lat' dir='ltr'><strong>lx.</strong></span> 
     </span>
    </p>
   </div>
   <div class='ocr_carea' id='block_1_13' title="bbox 390 2854 1182 2926">
    <p class='ocr_par' dir='ltr' id='par_1_15' title="bbox 390 2854 1182 2926">
     <span class='ocr_line' id='line_1_79' title="bbox 390 2854 1182 2926; baseline -0.006 -13"><span class='ocrx_word' id='word_1_825' title='bbox 390 2856 484 2914; x_wconf 72' lang='lat' dir='ltr'><strong>ludim</strong></span> <span class='ocrx_word' id='word_1_826' title='bbox 500 2873 556 2911; x_wconf 84' lang='lat' dir='ltr'><strong>sese</strong></span> <span class='ocrx_word' id='word_1_827' title='bbox 570 2854 712 2910; x_wconf 78' lang='lat' dir='ltr'><strong>leumiiiuus</strong></span> <span class='ocrx_word' id='word_1_828' title='bbox 729 2872 776 2925; x_wconf 83' lang='lat' dir='ltr'><strong>pro</strong></span> <span class='ocrx_word' id='word_1_829' title='bbox 788 2855 878 2925; x_wconf 83' lang='lat' dir='ltr'><strong>populi</strong></span> <span class='ocrx_word' id='word_1_830' title='bbox 889 2854 1041 2909; x_wconf 77' lang='lat' dir='ltr'><strong>liberatione</strong></span> <span class='ocrx_word' id='word_1_831' title='bbox 1050 2867 1182 2926; x_wconf 83' lang='lat' dir='ltr'><strong>precatur.</strong></span> 
     </span>
    </p>
   </div>
   <div class='ocr_carea' id='block_1_14' title="bbox 372 5666 2008 5739">
    <p class='ocr_par' dir='ltr' id='par_1_16' title="bbox 372 5666 2008 5739">
     <span class='ocr_line' id='line_1_80' title="bbox 372 5666 2008 5739; baseline -0.006 -4"><span class='ocrx_word' id='word_1_832' title='bbox 372 5678 516 5735; x_wconf 85' lang='lat' dir='ltr'><strong>exaudnis.</strong></span> <span class='ocrx_word' id='word_1_833' title='bbox 1219 5667 1282 5722; x_wconf 86' lang='lat' dir='ltr'><strong>tiam</strong></span> <span class='ocrx_word' id='word_1_834' title='bbox 1294 5667 1361 5737; x_wconf 81' lang='lat' dir='ltr'><strong>justi</strong></span> <span class='ocrx_word' id='word_1_835' title='bbox 1372 5668 1472 5738; x_wconf 81' lang='lat' dir='ltr'><strong>judicis</strong></span> <span class='ocrx_word' id='word_1_836' title='bbox 1484 5668 1677 5739; x_wconf 89' lang='lat' dir='ltr'><strong>amputabitur,</strong></span> <span class='ocrx_word' id='word_1_837' title='bbox 1691 5675 1718 5722; x_wconf 88' lang='lat' dir='ltr'><strong>et</strong></span> <span class='ocrx_word' id='word_1_838' title='bbox 1733 5666 1831 5722; x_wconf 77' lang='lat' dir='ltr'><strong>interni</strong></span> <span class='ocrx_word' id='word_1_839' title='bbox 1844 5670 2008 5727; x_wconf 86' lang='lat' dir='ltr'><strong>cruciatibus</strong></span> 
     </span>
    </p>
   </div>
   <div class='ocr_carea' id='block_1_15' title="bbox 375 5756 1959 6025">
    <p class='ocr_par' dir='ltr' id='par_1_17' title="bbox 375 5756 1959 6025">
     <span class='ocr_line' id='line_1_81' title="bbox 411 5756 1959 5843; baseline -0.003 -22"><span class='ocrx_word' id='word_1_840' title='bbox 411 5771 551 5843; x_wconf 73' lang='lat' dir='ltr'><strong>«Respice</strong></span> <span class='ocrx_word' id='word_1_841' title='bbox 578 5779 668 5827; x_wconf 73' lang='lat' dir='ltr'><strong>eastra</strong></span> <span class='ocrx_word' id='word_1_842' title='bbox 693 5770 866 5840; x_wconf 70' lang='lat' dir='ltr'><strong>Assyriorum</strong></span> <span class='ocrx_word' id='word_1_843' title='bbox 892 5785 980 5832; x_wconf 69' lang='lat' dir='ltr'><strong>nunc,</strong></span> <span class='ocrx_word' id='word_1_844' title='bbox 1004 5770 1075 5824; x_wconf 62' lang='lat' dir='ltr'><strong>sicui</strong></span> <span class='ocrx_word' id='word_1_845' title='bbox 1100 5778 1164 5823; x_wconf 65' lang='lat' dir='ltr'><strong>runc</strong></span> <span class='ocrx_word' id='word_1_846' title='bbox 1218 5756 1400 5814; x_wconf 77' lang='lat' dir='ltr'><strong>srrbiicicndus</strong></span> <span class='ocrx_word' id='word_1_847' title='bbox 1415 5774 1511 5829; x_wconf 67' lang='lat' dir='ltr'><strong>poenas</strong></span> <span class='ocrx_word' id='word_1_848' title='bbox 1523 5757 1646 5812; x_wconf 75' lang='lat' dir='ltr'><strong>‹lnlmum</strong></span> <span class='ocrx_word' id='word_1_849' title='bbox 1660 5758 1760 5812; x_wconf 90' lang='lat' dir='ltr'><strong>sentiet</strong></span> <span class='ocrx_word' id='word_1_850' title='bbox 1774 5758 1801 5812; x_wconf 93' lang='lat' dir='ltr'><strong>iu</strong></span> <span class='ocrx_word' id='word_1_851' title='bbox 1816 5765 1959 5817; x_wconf 69' lang='lat' dir='ltr'><strong>aeteruum·</strong></span> 
     </span>
     <span class='ocr_line' id='line_1_82' title="bbox 376 5856 1163 5935; baseline -0.005 -20"><span class='ocrx_word' id='word_1_852' title='bbox 376 5876 489 5919; x_wconf 87' lang='lat' dir='ltr'><strong>rcastru</strong></span> <span class='ocrx_word' id='word_1_853' title='bbox 511 5861 700 5935; x_wconf 80' lang='lat' dir='ltr'><strong>AEgyptiorum</strong></span> <span class='ocrx_word' id='word_1_854' title='bbox 725 5861 818 5915; x_wconf 81' lang='lat' dir='ltr'><strong>videro</strong></span> <span class='ocrx_word' id='word_1_855' title='bbox 840 5860 966 5930; x_wconf 88' lang='lat' dir='ltr'><strong>diguatus</strong></span> <span class='ocrx_word' id='word_1_856' title='bbox 986 5875 1031 5920; x_wconf 89' lang='lat' dir='ltr'><strong>es,</strong></span> <span class='ocrx_word' id='word_1_857' title='bbox 1054 5856 1163 5927; x_wconf 87' lang='lat' dir='ltr'><strong>qrraudo</strong></span> 
     </span>
     <span class='ocr_line' id='line_1_83' title="bbox 375 5949 1160 6025; baseline -0.01 -15"><span class='ocrx_word' id='word_1_858' title='bbox 375 5972 387 6010; x_wconf 86' lang='grc' dir='ltr'><strong>ι</strong></span> <span class='ocrx_word' id='word_1_859' title='bbox 399 5964 460 6025; x_wconf 86' lang='lat' dir='ltr'><strong>post</strong></span> <span class='ocrx_word' id='word_1_860' title='bbox 472 5970 565 6010; x_wconf 81' lang='lat' dir='ltr'><strong>seruos</strong></span> <span class='ocrx_word' id='word_1_861' title='bbox 578 5964 639 6012; x_wconf 86' lang='lat' dir='ltr'><strong>tuos</strong></span> <span class='ocrx_word' id='word_1_862' title='bbox 651 5953 747 6008; x_wconf 89' lang='lat' dir='ltr'><strong>armati</strong></span> <span class='ocrx_word' id='word_1_863' title='bbox 763 5951 924 6014; x_wconf 81' lang='lat' dir='ltr'><strong>currrlnut,</strong></span> <span class='ocrx_word' id='word_1_864' title='bbox 947 5949 1114 6004; x_wconf 88' lang='lat' dir='ltr'><strong>conlidentcs</strong></span> <span class='ocrx_word' id='word_1_865' title='bbox 1135 5949 1160 6002; x_wconf 91' lang='lat' dir='ltr'><strong>iu</strong></span> 
     </span>
    </p>
   </div>
   <div class='ocr_carea' id='block_1_16' title="bbox 0 0 2360 6767">
    <p class='ocr_par' dir='ltr' id='par_1_18' title="bbox 0 0 2360 6767">
     <span class='ocr_line' id='line_1_84' title="bbox 0 0 2360 6767; baseline 0 0"><span class='ocrx_word' id='word_1_866' title='bbox 0 0 2360 6767; x_wconf 95' lang='lat' dir='ltr'><strong> </strong></span> 
     </span>
    </p>
   </div>
  </div>
 </body>
</html>
