4709 6767
362 556 431 617 1059
683 548 711 601 Β.
734 539 859 601 11181111
878 538 989 597 tandm
1008 522 1167 593 abutitur.
1189 533 1342 594 uocum.
1362 531 1506 591 desudat
1525 531 1614 590 etus
1634 533 1655 589 1.
1928 535 1987 591 tutu

361 683 457 726 nomen
471 655 696 737 religionisquod
708 656 810 710 ‹britiis
824 650 1073 720 utundiabbusjurc
1083 664 1152 723 prac-
1165 653 1190 713 A
1205 658 1245 704 tra
1259 648 1305 720 qul
1318 648 1460 704 abscondit
1471 648 1630 716 sapientiam
1648 644 1898 719 cumplurimum
1911 663 1986 715 noers,

360 760 455 813 turtur.
478 755 544 809 Nam
559 759 586 805 ot
599 750 622 804 si
636 746 764 803 mondum
785 744 845 814 quis
867 743 1019 798 lucraretur
1038 740 1148 796 univer·
1202 740 1264 810 quia
1279 754 1341 794 curu
1357 738 1487 794 trientum
1502 735 1602 805 ingenii
1615 737 1666 793 sibi
1681 737 1765 792 aoso
1782 736 1921 794 commissi
1934 757 1988 813 pm.

359 865 436 912 suut,
452 845 548 899 merito
573 842 644 894 ltunc
668 846 870 899 contemneret,
888 841 990 887 tantum
1008 839 1037 885 ut
1052 845 1149 885 nomeu
1202 830 1282 887 :iuris
1296 828 1353 884 suis
1377 828 1412 882 ad
1433 826 1662 899 multiplicandum
1682 827 1754 884 boua
1769 828 1929 899 operatione
1945 846 1988 887 es-

358 939 416 1007 eias
439 935 603 990 scriberetur
618 930 645 983 in
663 926 742 991 coelo,
760 923 871 994 eiusque
895 922 1023 977 memoria
1037 928 1063 976 et
1078 919 1151 974 inter
1201 921 1319 993 pendere
1333 916 1452 987 negligit,
1465 916 1638 987 semetipsum
1654 916 1681 971 in
1695 916 1826 986 laqueum
1841 918 1988 988 perditionis

359 1028 481 1082 bomiues
503 1032 610 1078 sanctos
633 1019 760 1091 ligaretur
779 1025 890 1070 aeterna.
907 1012 996 1083 Super
1009 1020 1150 1086 argeutum
1203 1008 1295 1063 tradit.
1311 1006 1359 1063 llic
1376 1006 1475 1077 itaque,
1490 1022 1552 1061 man
1566 1005 1636 1077 apud
1649 1020 1680 1062 se
1693 1022 1853 1063 sermonem
1867 1010 1987 1081 paredum.

358 1129 385 1175 et
397 1133 492 1173 aurum
506 1115 592 1187 gratia
606 1114 675 1167 bona
689 1130 695 1163 :
709 1109 779 1164 illatn
796 1106 931 1178 signiticat
947 1104 1072 1176 gratiam,
1088 1118 1150 1157 com
1202 1101 1283 1157 tiotris
1296 1100 1424 1162 occultat,
1440 1099 1545 1154 divinas
1558 1106 1651 1154 contra
1671 1113 1701 1155 se
1722 1100 1878 1155 sententias
1893 1104 1960 1156 tertii
1970 1106 1987 1158 i·

359 1211 421 1280 quis
433 1224 481 1278 μω
499 1210 570 1260 bono
590 1217 670 1274 opere
688 1193 840 1254 lattda'turu
855 1196 949 1262 bonis;
967 1196 1021 1249 imo
1034 1207 1083 1264 pro
1096 1191 1151 1247 col·
1201 1189 1377 1255 litoraudiat,
1392 1198 1526 1259 quatenus
1545 1189 1579 1244 ab
1594 1186 1653 1256 ejus
1667 1189 1751 1244 corde
1767 1198 1903 1244 utmorem
1918 1192 1989 1246 dator

358 1304 419 1358 latis
440 1302 463 1356 ei
487 1300 565 1353 <loiris
592 1296 749 1352 interiturum
772 1289 938 1363 glorillcatur
960 1286 1041 1341 Pater
1062 1284 1150 1355 quiin
1201 1285 1328 1357 expellat.
1350 1283 1467 1338 budiant
1478 1296 1543 1353 ergo
1557 1282 1655 1337 eruditi
1668 1290 1696 1337 et
1707 1282 1860 1353 sapientes,
1875 1284 1944 1352 quod
1957 1294 1988 1338 ta-

358 1394 435 1450 ⁰oe¹l⁵
450 1400 502 1447 ⁰⁵²·
1203 1378 1304 1435 letatum
1318 1376 1365 1448 qui
1378 1390 1491 1446 erogare
1504 1372 1601 1440 uoluit,
1614 1389 1676 1429 cum
1689 1375 1829 1430 sententia
1852 1375 1989 1431 munatio

350 1511 353 1516 ·
395 1485 501 1540 «Bonae
519 1484 580 1538 vitae
598 1493 726 1535 rtvtrrtcvus
742 1474 972 1540 tlicvuru,bouum
994 1478 1084 1527 atrum
1102 1486 1151 1524 no
1202 1472 1244 1526 nis
1256 1469 1357 1525 amisit.
1371 1464 1988 1539 Autliaatqtrodl’auluseoseaprorimomm

359 1597 367 1626 s
392 1590 452 1629 meu
477 1566 647 1643 perurunebit
670 1568 696 1622 iu
718 1581 814 1620 tutuno.
830 1584 839 1615 r
864 1564 944 1618 Bonae
971 1561 1070 1631 quippe
1090 1561 1151 1615 vitu
1202 1562 1333 1634 sanguiue
1346 1562 1475 1618 utuuduut
1487 1560 1620 1627 crevbtbt,
1634 1576 1690 1631 quo
1703 1559 1841 1617 feriendis
1854 1573 1945 1616 mmm
1956 1562 1990 1615 vi·

357 1677 485 1715 rattnrrrus
496 1662 600 1715 dierunt
613 1659 674 1720 crit,
687 1657 748 1726 quia
763 1652 901 1723 plenitudo
913 1660 1021 1706 senuna
1037 1650 1151 1705 felicita·
1202 1655 1247 1709 tiis
1266 1670 1318 1710 nou
1334 1654 1466 1725 pepercit,
1481 1654 1593 1709 dicens:
1610 1673 1620 1705 t
1638 1652 1787 1709 contestor
1799 1669 1853 1710 ros
1867 1654 1990 1711 mn

358 1754 391 1806 tis
412 1752 485 1804 illaru
507 1749 664 1811 coronabit,
680 1747 750 1800 sieut
768 1744 904 1812 propbeta
918 1742 950 1796 tle
964 1740 1073 1795 bomine
1091 1755 1151 1811 spe·
1202 1744 1325 1815 die,quia
1339 1744 1455 1800 mundus
1465 1760 1525 1800 sum
1535 1761 1550 1799 a
1561 1745 1691 1815 sauguine
1700 1746 1846 1811 omninum
1860 1761 1914 1801 nna
1928 1747 1990 1801 eat„

357 1849 434 1896 tante
447 1840 474 1894 iu
486 1840 570 1893 Deum
581 1854 615 1891 ex
626 1849 741 1906 persona
754 1832 861 1888 Domini
873 1832 898 1886 in
910 1830 1013 1903 psalmo
1024 1837 1149 1894 testatur,
1201 1833 1351 1905 saahoersugq
1363 1849 1417 1904 quo
1438 1834 1527 1889 minus
1541 1834 1732 1889 annuntiarem
1753 1849 1840 1890 omne
1860 1834 1991 1889 consilium

261 1921 265 1926 ⁸
356 1931 630 2002 tliceus:‹Er·ipiatu
652 1925 1150 1999 curmetgloribcabocum:lougitu·
1202 1924 1339 1981 lleivobis
1357 1923 1476 1998 (dccxx
1506 1923 1549 1997 ).t
1565 1922 1683 1980 Audiaut
1699 1924 1776 1995 quod
1795 1927 1991 1996 roceangrbaa

356 2024 419 2078 diue
433 2022 537 2077 dierum
552 2019 705 2089 aalirnplcbo
716 2034 776 2072 etum
788 2026 816 2071 et
826 2015 967 2071 ostendam
982 2014 1020 2070 llli
1033 2014 1152 2069 salutaro
1166 2005 1189 2063 lt
1203 2014 1320 2070 Jonnrres
1334 2014 1494 2070 admonetur
1504 2029 1565 2069 cum
1579 2014 1697 2070 dicitur:
1711 2034 1721 2068 r
1738 2013 1791 2082 Qui
1805 2016 1897 2081 audit,
1911 2017 1991 2071 dicat:

357 2128 446 2167 tueatur
461 2110 548 2183 (Psoi.
561 2109 615 2180 vc).
630 2129 638 2160 r
653 2108 756 2161 Bonum
768 2114 858 2161 antem
873 2120 970 2160 nomeu
981 2105 1152 2175 permanebit
1202 2105 1269 2162 Veni
1293 2106 1385 2179 (alpos.
1403 2106 1503 2176 ratri.»
1520 2104 1556 2161 Ut
1575 2104 1703 2161 nimirum
1718 2105 1764 2161 eui
1780 2120 1811 2162 se
1827 2121 1881 2162 voa
1896 2106 1992 2161 interut

356 2204 383 2258 in
397 2218 492 2261 aevrrut.
508 2202 570 2271 quia
586 2216 692 2255 merces
706 2199 769 2254 ltoni
783 2198 874 2253 meriti
886 2197 913 2251 iu
925 2191 1152 2268 contemplatione
1202 2199 1330 2262 insinuat,
1346 2197 1410 2254 illuc
1424 2198 1506 2255 etiam
1522 2196 1663 2253 clamando
1677 2196 1757 2263 alios,
1772 2212 1831 2270 qno
1851 2198 1911 2270 ipse
1930 2199 1992 2271 rapi-

356 2292 404 2347 llei
432 2292 534 2346 sanctis
559 2288 731 2359 petuuunebit
751 2288 778 2341 iu
804 2294 951 2350 eternum
967 2294 995 2341 et
1018 2286 1152 2355 quomodo
1202 2299 1256 2355 tur,
1271 2289 1372 2355 trabat,
1388 2303 1422 2344 ne
1435 2288 1541 2345 clausas
1557 2286 1630 2344 iores
1642 2288 1727 2345 etiam
1738 2300 1860 2346 vocatus
1873 2289 1990 2353 iuveniat.

356 2383 407 2440 ltoc
422 2383 530 2437 evenire
545 2380 641 2452 possit,
656 2377 842 2449 salvivmgendo
856 2375 1022 2431 manifestat.
1201 2382 1224 2438 si
1237 2380 1344 2436 vocanti
1353 2395 1455 2436 vacuus
1466 2371 1672 2451 appropinquat.
1686 2377 1811 2436 Audiant
1822 2380 1899 2454 qood
1909 2380 1991 2444 isaias

393 2492 403 2525 t
422 2471 595 2542 Disciplinam
616 2470 642 2525 iu
664 2484 731 2540 pace
746 2474 916 2532 conservate,
932 2465 1012 2521 dliir
1028 2465 1152 2538 Discipli-
1201 2472 1294 2542 quiaa
1311 2469 1386 2527 verbi
1408 2470 1559 2526 ministerio
1583 2470 1683 2537 tacuit,
1699 2469 1861 2527 illustratus
1887 2485 1992 2542 superno

356 2580 418 2618 uam
431 2578 496 2634 ergo
511 2563 537 2616 in
551 2578 619 2633 pace
631 2570 783 2627 conservat,
798 2561 842 2631 qui
857 2560 1006 2615 secuudum
1021 2560 1073 2616 duo
1083 2576 1151 2631 pra,-
1201 2559 1312 2626 lumiue,
1324 2574 1420 2631 magna
1436 2572 1502 2615 voce
1512 2558 1680 2630 penitentie
1694 2558 1800 2632 seipse
1815 2561 1991 2632 reprehendit,

355 2659 432 2722 cepta
448 2650 590 2707 charitatis
601 2652 627 2705 iu
639 2650 783 2706 sanctitate
793 2657 820 2704 et
831 2648 937 2720 justitia
949 2648 1040 2705 vivere
1052 2658 1150 2705 certat.
1201 2650 1400 2709 ducentula
1413 2650 1494 2718 milti,
1508 2652 1656 2723 quintacui
1672 2650 1743 2725 (isa.
1779 2651 1869 2727 vrbs
1887 2653 1992 2708 Aodiant

354 2741 393 2796 lle
407 2755 462 2811 quo
480 2739 580 2795 Paulus
602 2741 636 2794 ad
662 2740 789 2795 llcbraeos
813 2738 935 2793 scribens
959 2738 1014 2792 ait:
1029 2755 1039 2789 t
1054 2738 1152 2795 Pacem
1201 2746 1273 2817 quand
1286 2759 1333 2817 per
1347 2742 1519 2801 Salomonem
1533 2744 1560 2799 ln
1575 2742 1651 2800 illum
1667 2742 1882 2816 praedicationis
1892 2744 1992 2800 sciet&

357 2832 501 2902 sequimini
515 2845 577 2887 cum
593 2832 719 2887 omnibus
742 2840 771 2886 et
793 2829 1012 2898 sanctimoniam,
1029 2830 1087 2886 siue
1099 2845 1151 2902 qua
1201 2837 1374 2909 nrbltiplicari
1392 2838 1569 2908 promittitur,
1581 2835 1627 2909 qui
1650 2835 1678 2893 in
1691 2836 1748 2893 boe
1761 2836 1841 2910 quod
1858 2837 1915 2909 jam
1934 2838 1993 2894 obti-

355 2940 435 2981 netuo
450 2923 549 2979 videbit
564 2922 648 2977 Derim
663 2920 758 2993 (Hebe.
771 2919 831 2991 vu).
845 2937 855 2972 r
868 2918 973 2991 thuia
986 2934 1040 2976 nou
1053 2918 1153 2978 subicit
1201 2930 1269 2996 nuit,
1276 2929 1392 3000 torporis
1402 2928 1467 2985 uitio
1478 2944 1531 2983 non
1544 2934 1660 2984 tenetur.
1673 2925 1722 2983 Ait
1731 2941 1895 2999 namquen
1908 2927 1992 2983 Anima

314 3030 315 3033 ’
356 3016 466 3073 cuilibet
480 3031 530 3088 per
543 3015 656 3071 sebeue
670 3014 772 3077 vivere,
786 3013 808 3069 si
822 3013 954 3084 proximis
967 3013 1063 3069 suisio
1085 3029 1151 3071 sana
1200 3036 1261 3093 ‹111ae
1285 3020 1430 3087 benedicit,
1443 3018 1671 3090 impinguabitur;
1694 3025 1725 3073 ct
1738 3018 1787 3092 qui
1800 3017 1934 3085 inebriat,
1946 3018 1994 3089 ipsc

354 3109 477 3164 doctriua
500 3115 631 3178 quantum
655 3114 744 3175 potest
766 3119 820 3161 nou
846 3104 979 3161 studuerit
1000 3107 1151 3177 prodesse,
1201 3125 1309 3184 quoque
1328 3110 1507 3166 inebriabitur
1527 3108 1618 3182 (Prot.
1634 3108 1705 3183 rr).s
1722 3107 1777 3177 Qui
1791 3109 1871 3168 eninr
1886 3109 1994 3166 exterius

353 3198 478 3269 provitius
488 3196 670 3268 subjungitur.
1200 3200 1372 3275 predicando
1384 3200 1531 3266 benedicit,
1546 3198 1684 3256 interioris
1696 3198 1846 3257 acumenti
1864 3198 1993 3273 pinguae

393 3304 403 3338 t
422 3286 561 3359 Sapientia
585 3287 656 3341 onim
680 3286 848 3351 abscondita,
864 3296 891 3344 et
905 3289 1049 3345 tnesaanos
1064 3288 1152 3345 occal-
1202 3309 1264 3350 nem
1278 3292 1381 3365 recipit,
1396 3298 1424 3347 et
1437 3293 1500 3348 dum
1514 3291 1576 3350 rinc
1592 3289 1692 3362 eloquii
1704 3291 1870 3348 auditorum
1888 3300 1993 3348 menen

359 3401 368 3432 r
392 3389 445 3444 tus,
455 3395 516 3449 quae
527 3379 630 3434 utilitas
640 3378 667 3432 iu
680 3379 822 3448 utrisque?
835 3398 844 3432 r
855 3380 1022 3437 admonendi
1035 3352 1187 3452 natuqueC
1203 3385 1337 3440 inebriare
1351 3399 1403 3439 uon
1417 3381 1528 3451 desinit,
1543 3388 1608 3454 potu
1621 3379 1798 3454 multiplicati
1812 3384 1937 3440 murreus
1948 3381 1994 3436 lae-

357 3479 431 3536 sont,
442 3470 487 3541 qui
504 3486 565 3525 cum
579 3469 727 3540 praedicare
739 3469 842 3525 utiliter
857 3472 973 3541 possint,
986 3486 1037 3542 pro
1049 3471 1151 3527 desidia
1202 3476 1306 3533 briatus
1315 3475 1457 3532 exerescit.

357 3572 448 3618 tanuen
464 3562 522 3618 sive
546 3560 724 3616 immoderata
743 3560 896 3617 bumilitate
915 3561 1060 3634 rclugiuut,
1074 3572 1105 3618 ut
1117 3580 1152 3620 ex
1240 3569 1457 3626 «Verumtamen
1477 3566 1649 3624 revertemini
1668 3566 1696 3622 iu
1712 3566 1759 3622 bis
1776 3581 1843 3638 quae
1858 3565 1995 3637 paceium

358 3656 465 3711 attinere
481 3654 698 3711 consideratione
714 3653 841 3723 colligant
855 3661 985 3725 quantum
1000 3654 1027 3708 iu
1041 3653 1151 3724 majori·
1205 3679 1214 3712 r
1237 3659 1270 3716 de
1281 3674 1329 3715 ore
1339 3674 1419 3715 mco:
1432 3672 1485 3715 non
1501 3667 1542 3715 est
1557 3658 1629 3715 enirn
1650 3656 1756 3716 bouum
1769 3672 1886 3716 omnem
1904 3656 1993 3712 inere

357 3745 408 3799 bus
423 3746 505 3800 rebus
516 3744 684 3814 delinquant.
700 3742 729 3798 Si
739 3743 812 3798 euim
827 3743 1009 3816 indigentibus
1020 3745 1151 3816 proximis
1205 3770 1215 3803 t
1237 3750 1351 3807 rentiam
1362 3751 1518 3807 observare.
1530 3770 1539 3802 r
1553 3749 1622 3818 Qtria
1633 3748 1710 3822 prius
1720 3748 1895 3819 predixerat
1906 3748 1994 3804 bauan

356 3834 407 3904 ipsi
423 3850 490 3905 quas
503 3835 636 3891 baberent
646 3834 777 3905 pecunias
792 3834 1000 3899 absconderent.
1014 3833 1152 3904 adjutores
1202 3844 1324 3900 vitamet
1336 3843 1435 3900 bonum
1450 3858 1549 3900 nomen
1569 3843 1709 3900 anteesse
1733 3843 1906 3901 hmanas
1917 3859 1958 3908 es,
1971 3849 1995 3897 et

356 3924 540 3993 proculdubio
550 3924 714 3979 calamitatis
723 3924 891 3980 exstitissent
902 3943 908 3976 :
921 3924 1065 3995 qucigitor
1074 3932 1151 3981 reatu
1201 3942 1295 4006 pastea
1319 3933 1493 4006 reprehendit
1506 3948 1554 3990 aas
1567 3934 1614 4005 qui
1627 3934 1763 3991 bahem
1776 3934 1924 3992 scientem
1937 3933 1994 4007 legs

356 4019 577 4090 constringantur
590 4017 733 4089 aspiciant,
748 4016 793 4086 qui
813 4017 878 4073 durn
898 4017 1075 4088 peccantibus
1094 4017 1152 4073 lra-
1203 4028 1261 4095 bei,
1274 4027 1370 4084 nolunt
1394 4025 1549 4100 impendere
1569 4025 1701 4099 proximis
1716 4027 1776 4084 suis
1796 4027 1993 4100 predicationis

357 4113 444 4169 tribus
454 4114 567 4169 uerbum
577 4111 777 4183 praedicationis
787 4109 960 4178 subtrahunt,
973 4111 1152 4168 morientibus
1203 4118 1350 4185 solertiam,
1370 4133 1442 4174 nunc
1463 4118 1587 4174 hortator
1599 4115 1701 4189 atejus
1722 4118 1820 4175 verbis
1844 4117 1992 4178 comrmuiti

357 4205 493 4260 latentibus
502 4205 564 4260 vite
574 4204 693 4259 remedia
704 4203 882 4260 abscondunt.
899 4201 929 4258 st
938 4202 1052 4275 populos
1065 4202 1153 4261 lomes
1203 4215 1375 4280 revertantur
1385 4207 1418 4264 ad
1429 4206 1549 4263 studium
1563 4205 1688 4276 docendi,
1701 4208 1768 4280 quia
1782 4224 1841 4264 non
1852 4210 1993 4266 oetluaun

357 4303 501 4361 attereret,
517 4306 543 4351 ct
559 4296 663 4352 occulta
678 4296 728 4368 ipsi
743 4295 878 4352 frumenta
891 4304 1042 4364 servarent,
1057 4305 1152 4355 aucto·
1203 4302 1398 4358 irreverentem
1416 4314 1487 4366 csse,
1513 4308 1542 4355 ct
1564 4297 1766 4360 inobedientem
1791 4302 1915 4358 exbtctc
1936 4315 1993 4371 pre

358 4404 404 4443 res
414 4386 508 4457 procul
525 4386 606 4441 tlttbio
624 4387 719 4443 mortis
732 4388 892 4443 existerent.
916 4386 975 4455 Qua
990 4387 1081 4458 itaque
1096 4386 1153 4458 ple-
1203 4393 1357 4466 captoribus
1374 4390 1440 4447 suis.
1458 4390 1528 4446 ilinc
1542 4405 1649 4462 quoque
1664 4388 1691 4445 in
1706 4390 1899 4462 superioribus
1910 4389 1993 4446 catuli

358 4477 447 4533 ctendi
470 4477 526 4533 siut
545 4492 625 4548 poena
650 4477 832 4542 considerent,
846 4476 966 4546 quicum
989 4476 1060 4534 lame
1075 4478 1153 4534 verbl
1205 4494 1248 4541 tor
1260 4482 1438 4555 ltujusopcris
1449 4482 1476 4537 iu
1490 4482 1594 4539 ratione
1606 4497 1655 4538 sua
1665 4480 1814 4538 bonum
1825 4483 1990 4556 deprecatur,

358 4570 456 4623 arrianae
470 4576 591 4639 pereant,
603 4567 654 4638 ipsi
667 4580 764 4638 panem
778 4574 913 4638 percepta
927 4567 1022 4638 gratiae
1034 4583 1088 4624 non
1103 4569 1155 4625 mi·
1204 4589 1239 4630 ne
1248 4572 1408 4630 irreverenti
1420 4580 1448 4629 et
1459 4571 1596 4629 infrunitae
1605 4569 1704 4628 animae
1715 4570 1858 4638 tradatur;
1874 4572 1922 4628 seat
1934 4583 1992 4640 qao

360 4661 488 4715 nistrattt.
518 4658 596 4714 Unde
616 4667 644 4714 et
667 4658 739 4714 bene
760 4673 810 4729 per
834 4657 1007 4717 Salomomm
1031 4660 1150 4717 dicitur:
1165 4664 1277 4757 Daiara
1293 4678 1348 4719 nou
1372 4662 1462 4720 omnia
1480 4675 1541 4734 que
1562 4658 1739 4732 proferuntur
1755 4659 1881 4715 omnium
1902 4656 1992 4713 arinis

362 4753 439 4820 ‹Qui
463 4751 605 4807 abscondit
626 4751 777 4818 tramenta,
793 4750 972 4809 maledicetur
995 4752 1024 4807 iu
1046 4754 1153 4824 populis
1204 4753 1232 4809 in
1250 4751 1302 4808 ude
1313 4749 1519 4807 consistentium
1542 4747 1612 4805 bene
1626 4746 1810 4818 complaceat,
1826 4746 1879 4802 ltoc
1893 4757 1991 4817 qunque

360 4844 452 4917 (Pron
467 4845 538 4918 ru.»
553 4843 699 4900 Fromeata
714 4844 814 4915 quippe
839 4843 1006 4901 abscondere
1023 4854 1065 4901 est
1082 4860 1153 4917 pre-
1205 4859 1258 4899 uon
1272 4840 1462 4915 pretermittit,
1478 4839 1589 4895 dicens:

361 4938 504 4992 dicationis
517 4945 619 4991 sauctae
633 4933 704 5004 apud
718 4947 748 4989 se
765 4933 846 4989 verba
861 4934 990 4989 retinere.
1004 4934 1033 4989 lu
1048 4935 1154 5005 populis
1243 4952 1253 4985 t
1268 4932 1303 4988 lit
1323 4946 1377 4987 nou
1397 4929 1488 4986 omnia
1508 4927 1633 4984 omnibus
1656 4926 1727 4981 bene
1745 4926 1857 4997 placent
1872 4924 1900 4979 ia
1913 4922 1987 4977 fide·

361 5036 451 5083 atatem
465 5027 651 5099 talisquisqne
663 5026 851 5089 maledicetur,
862 5025 926 5096 quia
938 5024 966 5079 la
979 5024 1062 5080 solius
1075 5025 1153 5096 culpa
1206 5023 1265 5080 lion
1275 5022 1347 5080 enim
1360 5036 1412 5076 uua
1422 5020 1571 5089 &demque
1581 5017 1685 5074 mactis
1694 5015 1853 5076 exbocutic
1861 5012 1986 5084 coagruit

362 5117 461 5171 silentii
484 5135 533 5188 pro
549 5118 694 5175 multorum
717 5132 785 5188 quos
804 5116 941 5188 corrigere
964 5115 1053 5187 potuit
1073 5131 1152 5187 poeua
1207 5119 1271 5190 quia
1294 5134 1344 5174 nee
1368 5123 1481 5174 cunctos
1506 5128 1557 5184 par
1578 5126 1684 5169 merum
1706 5109 1829 5181 qualitas
1851 5108 1988 5176 astrirgltt

363 5208 519 5263 darnnntnr.
1208 5223 1407 5282 seponamque
1423 5205 1624 5267 aliisoilleiuut,
1642 5200 1777 5273 quealiis
1795 5197 1989 5269 prosutttsttfli²

401 5298 524 5354 «beliar
538 5303 666 5357 estcnlut
686 5302 768 5357 bomo
786 5301 832 5369 qui
852 5300 992 5356 abscondit
1011 5298 1153 5355 stultitiam
1206 5309 1234 5356 et
1255 5300 1413 5372 plerumque
1436 5296 1608 5364 heraeque
1629 5293 1688 5348 baec
1711 5289 1843 5346 animalia
1866 5286 1988 5348 arulam.

366 5409 374 5437 a
394 5403 479 5452 suam,
488 5404 568 5458 quant
579 5392 660 5446 bomo
670 5392 714 5461 qui
727 5391 867 5446 abscondit
876 5390 1037 5462 sapientiam
1048 5404 1151 5444 mant.»
1207 5392 1260 5447 alia
1273 5390 1415 5454 occidunt;
1426 5396 1455 5443 et
1468 5387 1537 5443 lenis
1551 5384 1654 5442 sibulus
1665 5398 1750 5453 equos
1762 5382 1881 5452 mitigat,
1895 5376 1990 5436 catab

363 5476 512 5531 stultitiam
524 5493 598 5533 suam
608 5479 757 5542 abscoulit,
770 5482 815 5549 spui
829 5480 1011 5551 vaniloquium
1021 5480 1153 5545 devitarc,
1208 5484 1331 5553 instigat;
1346 5490 1374 5536 et
1395 5480 1621 5535 ntedicaateututu
1634 5476 1707 5548 quod
1719 5476 1794 5530 banc
1806 5475 1932 5531 narbam
1943 5472 1988 5526 in-

363 5578 390 5623 ct
404 5569 431 5622 iu
447 5582 575 5639 perversa
597 5570 719 5624 doctriua
741 5584 772 5623 os
789 5570 895 5637 aperire
916 5567 1075 5630 coutemnit,
1089 5568 1154 5637 quia
1207 5564 1875 5641 mirrnit‚alterlvires1uugit;etpauisquiritaur
1889 5562 1989 5618 lastis·

360 5658 436 5727 juxta
453 5659 624 5715 Salomonem
638 5678 644 5713 z
659 5677 668 5709 t
685 5657 771 5713 llotuo
783 5659 828 5727 qui
843 5656 948 5712 blandis
960 5655 1084 5725 llctisque
1097 5672 1156 5712 sce
1204 5664 1325 5729 minorat,
1339 5661 1513 5734 parvulorum
1533 5667 1621 5716 aeut.
1644 5658 1697 5714 Pro
1709 5656 1845 5728 qualitate
1858 5656 1989 5727 igitures-

365 5750 619 5823 trionibusloquitur
633 5750 792 5812 amicosuo,
805 5756 861 5803 rete
877 5746 1005 5816 expandit
1017 5748 1155 5818 gressibus
1206 5755 1337 5811 diensium
1356 5752 1468 5809 formari
1484 5752 1565 5809 debet
1577 5764 1668 5806 sermo
1678 5748 1838 5812 doctorum,
1851 5753 1881 5800 st
1894 5743 1928 5799 ad
1947 5752 1989 5794 sm

363 5840 421 5908 ejus
435 5839 526 5914 (Pron.
549 5842 657 5915 straba
676 5840 832 5911 llujusmotli
856 5854 922 5909 ergo
942 5838 1037 5895 melios
1059 5847 1102 5894 est
1124 5848 1154 5894 ut
1205 5842 1318 5915 singulis
1339 5849 1480 5914 congruat,
1495 5848 1523 5895 et
1541 5837 1830 5894 emancupare
1844 5830 1988 5891 edentis-

363 5930 452 6001 sileat,
467 5949 547 6007 quam
560 5934 644 5991 alium
659 5933 767 5991 volubili
788 5932 876 6005 lingua
894 5931 1025 6002 decipiat;
1045 5940 1074 5988 at
1086 5946 1153 5989 cou-
1206 5936 1249 5992 nis
1262 5943 1321 5991 arte
1342 5947 1480 6004 uunquam
1495 5931 1613 5989 recedat.
1634 5928 1721 6001 tgtcsr
1731 5928 1797 6000 (μὴ
1809 5939 1918 5987 amat·
1928 5923 1989 5978 im·
