4709 6767
380 649 415 706 db

700 640 732 695 B.
751 633 877 695 RABANl
897 632 1005 689 uultui
1024 626 1183 686 adelber.
1205 622 1358 681 necoda.
1378 620 1520 678 obeunti
1540 618 1630 675 etus
1649 617 1668 672 Ι.

1970 617 2005 674 aa

339 790 342 797 ·
378 764 467 839 galam
489 758 671 830 suspicantur.
695 752 805 822 calgala
832 752 1026 818 iuterpretatur
1047 745 1170 801 volutatio
1186 749 1208 803 Α
1223 756 1276 795 riou
1292 740 1319 792 iu
1335 733 1572 805 incboataJustitia
1592 737 1808 801 permanserunt,
1822 733 1850 781 et
1862 730 2011 796 pateruita-

378 856 436 910 site
454 849 586 906 revelatio.
604 846 672 916 Apte
695 845 776 914 igitar
798 840 928 912 propbeta
953 837 999 891 lici
1022 838 1048 918 in
1064 834 1169 896 Bethol,

379 942 492 1012 Galgala
502 948 530 994 ει
543 937 665 1008 blasphat
672 931 804 1002 judicarit
815 929 907 985 lsrael.
919 928 1017 997 Sicque
1033 933 1171 981 revertens

379 1031 408 1086 iu
419 1029 564 1093 Ramatba,
576 1027 622 1081 ubi
633 1035 692 1078 erat
706 1020 878 1090 damascius,
889 1016 1064 1085 ibijudicarit
1076 1015 1170 1079 lsrael,

378 1120 576 1187 adidcautque
600 1118 636 1170 ibi
662 1115 748 1169 altare
770 1112 886 1167 Domino
902 1128 908 1163 :
924 1109 1002 1164 nobis
1019 1105 1171 1176 exenrplum

381 1209 515 1272 tribuens,
528 1221 589 1262 cum
604 1203 730 1259 consistit
743 1202 821 1256 nobis
832 1199 985 1254 laciendum
998 1198 1130 1268 judicium
1144 1197 1171 1249 in

379 1297 530 1360 demoliri,
548 1312 602 1351 nau
619 1301 745 1363 proterve
758 1291 802 1346 rol
826 1288 1036 1350 inconsiderate,
1051 1285 1092 1340 rel
1112 1300 1171 1338 ma-

379 1388 460 1444 livola
476 1398 580 1451 mente,
601 1383 649 1440 sed
662 1382 741 1451 juxta
763 1381 790 1435 ld
813 1380 885 1450 qnod
910 1378 989 1433 nobis
1007 1375 1108 1431 revelat
1133 1390 1173 1429 sa-

379 1491 427 1532 era
448 1476 601 1544 Scriptura,
617 1481 648 1526 ut
674 1470 825 1525 intentione
845 1468 925 1529 bona,
946 1474 974 1521 et
999 1480 1092 1520 artiore
1115 1464 1167 1518 ira-

380 1575 459 1622 teruo
469 1565 621 1633 iudicemus
634 1561 772 1632 proximos
784 1568 900 1614 nostros.
916 1557 1015 1626 Sicque
1034 1558 1063 1610 iu
1077 1556 1173 1609 Rama-

380 1657 429 1712 tba
446 1657 556 1711 domum
581 1659 702 1707 nostram
728 1660 917 1704 revertamur:
941 1649 992 1702 boc
1014 1657 1065 1712 εει,
1083 1645 1117 1699 ad
1133 1646 1173 1699 iu-

1224 838 1277 884 teut
1294 827 1399 882 bontiui
1419 839 1528 881 serrare
1542 821 1729 890 neglexerunt,
1756 817 1805 886 [uit
1822 816 1869 869 liei
1883 815 1923 871 rel
1938 829 2014 885 pater

1222 922 1284 993 suit,
1299 919 1483 980 adamnanum,
1500 925 1529 968 ut
1543 913 1712 983 siguilicetur
1722 909 1884 978 paternitate
1908 908 1955 962 bei
1967 924 2014 963 eos

1222 1024 1283 1065 esse
1293 1010 1418 1078 indiguos
1428 1007 1484 1075 qui,
1494 1005 1600 1073 justitia
1614 1002 1719 1065 relicta,
1731 1000 1757 1054 iu
1770 1000 1939 1069 iniquitatem
1954 1016 2013 1054 cor·

1223 1112 1345 1157 rucmnt.
1370 1100 1424 1155 Sed
1432 1099 1497 1170 quin
1507 1098 1555 1151 tilii
1570 1092 1900 1161 Samuettsicmsuperius
1913 1092 2014 1146 dictum

1222 1200 1274 1261 cst)
1289 1189 1493 1245 declinaverant
1504 1194 1565 1256 post
1579 1184 1733 1245 avaritiam,
1744 1192 1772 1234 et
1782 1190 1944 1247 acceperuut
1956 1195 2015 1232 uru-

1222 1294 1297 1342 nera,
1315 1286 1343 1333 et
1358 1287 1413 1330 taur
1429 1274 1514 1343 iniqui
1524 1272 1631 1342 judices
1647 1271 1820 1333 exstiterant,
1848 1277 1878 1320 ut
1901 1266 2014 1336 populus

1222 1386 1393 1443 nequaquam
1408 1384 1456 1425 eos
1469 1367 1570 1429 serens,
1585 1379 1676 1434 regem
1696 1362 1748 1417 sibi
1760 1362 1787 1415 iu
1809 1360 2013 1414 siruiiitudiucm

1223 1473 1383 1519 ceterarum
1411 1458 1531 1531 gentium
1557 1453 1727 1525 postularet,
1764 1452 1805 1507 bis
1838 1450 2013 1520 petitionibus

1224 1555 1295 1609 boas
1320 1552 1443 1606 irritatas
1469 1548 1504 1603 ad
1528 1546 1664 1602 dolentem
1687 1544 1848 1614 proplietam
1875 1542 1912 1597 ita
1942 1542 2016 1597 locu·

1224 1651 1267 1698 ius
1285 1651 1350 1697 esi:

382 1754 459 1800 terrra
471 1741 628 1812 pectoribus
641 1738 741 1795 nostris
753 1736 1173 1806 redeamus,utcorrtemplatioui
1261 1754 1271 1787 ι
1293 1735 1363 1789 Audi
1375 1748 1468 1787 rocem
1482 1729 1573 1801 populi
1600 1730 1628 1783 in
1647 1728 1773 1783 omnibus
1794 1743 1855 1797 quaa
1870 1725 2016 1796 loquuntur

381 1833 430 1890 bei
444 1848 581 1897 vacemus,
593 1842 621 1887 ει
638 1831 723 1886 vitam
736 1837 856 1884 nostram
871 1829 898 1883 in
920 1828 1121 1897 nobismetipsis
1133 1827 1173 1882 di·
1227 1842 1237 1876 ι
1260 1824 1319 1879 tibi.
1346 1822 1405 1877 Non
1420 1821 1493 1877 enim
1509 1831 1534 1875 te
1551 1816 1718 1886 abjecerunt,
1731 1818 1778 1872 sed
1791 1832 1844 1882 me,
1859 1833 1893 1871 nc
1905 1831 2016 1885 regnem

378 1922 543 1995 iudicemus,
556 1930 690 1992 quatenus
700 1921 728 1975 iu
739 1920 818 1974 altari
834 1918 894 1974 lrdei
908 1928 998 1990 gratas
1013 1918 1116 1972 hostias
1125 1917 1173 1972 bo
1227 1935 1237 1969 ι
1259 1932 1341 1986 super
1352 1930 1409 1971 eos.
1423 1911 1504 1968 lanta
1517 1912 1607 1966 otunia
1618 1924 1701 1979 opera
1713 1923 1762 1964 saa
1787 1925 1848 1978 qum
1861 1910 1984 1964 lecerunt
2000 1925 2016 1963 a

381 2029 479 2070 norum
492 2021 601 2068 actuum
612 2019 640 2066 et
654 2011 731 2068 bonae
751 2010 898 2065 voluntatis
917 2007 1033 2063 Domino
1052 2006 1174 2063 immole-
1227 2026 1237 2060 ι
1260 2008 1304 2064 die
1314 2023 1367 2077 qua
1377 2006 1457 2062 eduxi
1470 2021 1518 2060 eos
1531 2005 1564 2059 de
1574 2002 1692 2073 AEgypto
1702 2018 1788 2071 usque
1801 2001 1835 2055 ad
1849 2001 1920 2056 diem
1935 2001 2015 2065 lianc,

384 2119 455 2160 urus.
1185 2091 1210 2150 B
1226 2119 1236 2153 ι
1259 2100 1542 2169 sicatdereliqueruut
1553 2112 1606 2162 me,
1622 2104 1650 2150 et
1661 2096 1816 2151 servierunt
1837 2094 1889 2149 diis
1906 2094 2015 2157 alicnis,

680 2210 794 2268 CAPUT
815 2205 881 2266 llll.

382 2325 460 2391 Quod
467 2323 574 2379 Samuel
586 2324 652 2379 duaa
662 2324 801 2394 filioaaaoa
807 2323 911 2393 judiees
923 2322 1019 2377 lsraelt'
1028 2321 1170 2386 coustituit,

416 2395 463 2465 qui
477 2405 663 2459 excesseram
678 2404 836 2465 quapropter
848 2393 977 2461 petierant
991 2408 1085 2463 repam,
1101 2392 1171 2461 ipae-

417 2482 467 2534 que
483 2464 550 2519 Saul
563 2465 695 2534 requirent
707 2465 797 2518 asinas
810 2462 844 2518 atl
853 2462 1005 2534 proplietam
1017 2462 1143 2532 peruenit,
1156 2479 1173 2514 a

357 2561 362 2572 ·
418 2551 469 2605 quo
484 2537 512 2587 iu
525 2550 609 2604 reqem
627 2542 780 2588 auctorest.

1225 2211 1235 2244 ι
1256 2193 1296 2247 sic
1315 2191 1419 2245 iaciant
1442 2190 1524 2244 etiam
1550 2188 1624 2243 tibi:
1651 2200 1724 2241 nuuc
1744 2200 1809 2256 ergo
1831 2186 1893 2240 audi
1916 2201 2013 2240 rocem

1225 2302 1235 2336 ι
1265 2295 1385 2337 eorum:
1413 2289 1600 2345 verumtamen
1614 2284 1767 2332 molestare
1785 2292 1842 2341 eos,
1870 2287 1898 2331 et
1913 2279 2015 2346 praedic

1226 2391 1236 2426 ι
1256 2372 1296 2428 εἰε
1312 2370 1357 2439 jus
1370 2370 1442 2441 rogis
1458 2369 1504 2439 qui
1520 2375 1681 2438 regnaturus
1704 2379 1841 2435 estsuper
1855 2382 1912 2432 eos,
1932 2389 1941 2421 ι
1961 2378 2015 2423 ειε.

1223 2463 1288 2518 Saul
1308 2477 1383 2531 erqo,
1402 2460 1458 2531 qui,
1476 2458 1579 2514 offenso
1600 2458 1665 2522 beo,
1690 2457 1855 2512 constitutus
1878 2468 2017 2527 estsuper

1224 2554 1361 2610 israelitas
1376 2568 1434 2616 rex,
1448 2559 1540 2622 typum
1558 2557 1630 2605 tenet
1645 2548 1735 2619 popuii
1754 2547 1918 2603 ludaeorum.
1948 2548 2016 2603 Nam

419 2644 493 2717 qur.
507 2644 576 2715 inb)
595 2644 729 2699 ‘Factum
741 2652 891 2707 emblem·
901 2657 963 2697 eum
978 2641 1112 2697 senuisset
1125 2637 1174 2693 Sa·
1225 2644 1365 2712 sicutipse
1388 2643 1416 2696 in
1434 2641 1525 2711 regale
1539 2641 1646 2695 culmen
1662 2639 1817 2695 sublevatus
1828 2638 1906 2707 juxta
1920 2655 2017 2694 couse-

385 2756 395 2788 ι
411 2735 667 2805 rnnd,posuitlilios
677 2732 1175 2803 suosjudieeslsrael.Fuitquenomeu
1211 2733 1331 2804 ,aientes
1349 2745 1439 2786 mores
1449 2745 1543 2785 eorum
1556 2729 1602 2798 qni
1616 2728 1754 2798 petierant
1766 2743 1848 2797 super
1861 2744 1890 2783 se
1904 2743 1963 2783 esse
1975 2746 2018 2783 rc·

385 2825 459 2880 alilii
473 2824 531 2893 ejus
545 2824 714 2895 primogeniti
734 2822 804 2890 loel,
818 2833 846 2880 et
859 2839 956 2878 nomeu
970 2821 1082 2877 secundi
1094 2820 1174 2886 Abia,
1225 2839 1286 2895 gem
1304 2831 1332 2877 ct
1352 2820 1585 2876 mansuetudinem
1610 2818 1716 2874 Domini
1741 2819 1917 2887 spernebant,
1934 2819 2018 2874 durus

385 2908 531 2982 ajudicum
554 2913 580 2965 in
605 2911 747 2967 Bersabee.
784 2912 818 2967 Et
832 2928 886 2967 nou
903 2910 1111 2967 ambulaverunt
1128 2908 1175 2963 suti
1226 2929 1259 2969 ac
1270 2913 1373 2984 rigidus
1384 2928 1416 2967 ac
1430 2912 1563 2982 superbus
1576 2909 1689 2966 clleetus
1702 2919 1754 2975 est,
1770 2911 1809 2964 ita
1826 2920 1857 2966 ut
1867 2926 1914 2965 eos
1926 2912 2018 2965 servili

385 3003 484 3059 ailiius
507 3004 535 3057 iu
557 3003 607 3058 riis
630 3001 698 3070 ejas,
720 3004 767 3059 scd
792 3003 994 3059 declinaverunt
1015 3011 1077 3072 post
1092 3000 1177 3055 arari·
1226 3019 1309 3060 orrerc
1322 3004 1407 3075 magis
1421 3012 1567 3074 premeret,
1582 3018 1664 3072 quarn
1676 3001 1794 3056 libertati
1809 3002 1947 3057 donaret:
1978 3003 2018 3058 sic

387 3093 516 3159 ‹tiam›
538 3104 591 3147 ειε.
616 3092 654 3147 be
672 3091 869 3163 boclosepbus
886 3092 923 3146 ita
943 3091 1046 3146 relert:
1068 3088 1178 3159 ‹lqitur
1227 3103 1255 3150 et
1269 3095 1385 3165 populus
1403 3094 1542 3160 iudaicus,
1572 3094 1636 3148 licet
1658 3101 1755 3147 unctus
1781 3093 1808 3147 in
1830 3094 2019 3149 sacerdotibus

383 3184 429 3240 illo
441 3193 561 3255 ternpore
576 3182 647 3238 inter
662 3182 797 3239 israelitas
820 3193 848 3238 et
868 3181 987 3252 reliquos
1010 3180 1177 3235 Chanassaeos
1227 3195 1255 3243 et
1269 3187 1378 3258 regibus
1391 3187 1472 3253 loret,
1488 3195 1577 3242 tamen
1587 3184 1650 3255 quia
1668 3184 1739 3240 lilius
1754 3185 1858 3239 ancillae
1872 3193 1942 3250 erat,
1958 3200 2019 3253 quae

360 3274 515 3346 ‘propbeta
536 3271 645 3327 Samuel
670 3273 707 3327 1¹³
720 3272 852 3338 decredit
878 3279 908 3325 ¹¹¹
932 3269 1054 3340 deimsito
1079 3269 1178 3341 ii⁰bu¹0
1228 3280 1255 3335 in
1273 3279 1430 3335 servitutem
1445 3279 1603 3350 generabat,
1626 3292 1765 3346 nunquam
1789 3276 1940 3330 libertatem
1958 3292 2019 3345 pcr-

385 3363 608 3427 Chssntnaelifflssb
623 3359 777 3431 'imisque
792 3360 1029 3426 ΝΜῙῊΝΜΘ,
1042 3360 1071 3414 Ῑῐι
1084 3374 1177 3414 elffii
1229 3368 1327 3425 lectam
1337 3385 1386 3440 per
1399 3370 1485 3440 ipsam
1502 3368 1656 3423 urrctionem
1673 3367 1804 3437 consequi
1833 3366 1941 3436 potuit:
1961 3381 2020 3420 rua-

385 3454 530 3510 aaronita
544 3452 683 3524 pracepit,
696 3461 725 3507 u
735 3451 851 3507 dirersis
868 3452 973 3507 arunas
998 3452 1033 3507 aa
1059 3452 1176 3508 invicem
1190 3432 1213 3495 C
1228 3460 1301 3515 mire
1311 3460 1374 3530 quta
1396 3459 1470 3514 ittam
1491 3458 1524 3517 ad
1536 3458 1741 3523 evenientem,
1755 3458 1876 3528 quivere
1891 3473 1937 3512 rex
1949 3467 2019 3524 erar,

385 3546 585 3615 operamque.
611 3543 671 3615 ipse
683 3558 748 3599 aero
758 3543 876 3599 aarum
888 3542 917 3597 in
931 3557 1003 3596 anno
1013 3542 1177 3614 arcadicus
1228 3559 1257 3606 u
1270 3558 1428 3605 mansuetas
1447 3551 1481 3604 ad
1502 3564 1550 3605 eos
1573 3560 1695 3614 venerat,
1721 3550 1842 3619 recipere
1862 3549 2018 3615 notuerunt,

387 3636 512 3693 datarus
528 3636 681 3707 Judicabat,
691 3643 719 3691 et
733 3634 818 3691 multo
832 3642 953 3703 tempore
974 3634 1024 3689 sub
1050 3634 1177 3704 aequitate
1227 3656 1277 3711 per
1288 3642 1365 3712 cujus
1380 3641 1592 3698 dominationem
1614 3640 1703 3707 liberi,
1719 3641 1742 3696 si
1767 3641 1888 3706 inaltant,
1899 3640 1956 3697 lieri
1972 3656 2017 3712 po-

387 3726 616 3795 omniaexplerit.
639 3725 740 3780 bcinde
751 3733 889 3779 senectute
900 3732 1036 3795 gravatus,
1059 3733 1178 3796 etaqere
1229 3731 1355 3786 tuissent.

387 3815 518 3872 solemuia
529 3816 703 3887 praepeditus,
727 3814 789 3870 liliis
801 3815 858 3871 suis
873 3815 967 3870 tribuit
985 3816 1176 3888 principatum,
1472 3800 1474 3804 ’
1535 3816 1649 3874 CAPUT
1668 3817 1715 3872 itt.

388 3919 505 3974 quorum
518 3906 610 3960 senior
626 3905 734 3975 quidem
747 3906 888 3961 dicebatur
899 3903 966 3972 lael,
977 3903 1070 3975 junior
1086 3916 1177 3963 autern
1485 3906 1610 3979 Sequitur
1623 3917 1651 3960 at
1667 3925 1758 3979 supra.

387 3992 466 4048 ania.
492 3992 642 4065 Praeposuit
655 4004 746 4050 autem
761 3995 843 4050 adum
856 3996 964 4065 quidem
984 3996 1179 4053 inlletblebem
1264 4001 1330 4058 Saul
1344 4001 1509 4073 ergopetitio
1526 3999 1734 4068 intorpretatur,
1754 3999 1799 4068 qui
1812 3997 1862 4053 luit
1886 3999 1919 4053 de
1933 4000 2019 4069 stirpe

386 4083 510 4150 civitate,
529 4092 559 4139 ut
573 4084 628 4140 illic
643 4086 750 4141 sederet
761 4094 789 4140 ει
799 4084 957 4153 judicarem
973 4078 1057 4142 alium
1071 4103 1137 4142 vero
1149 4088 1177 4143 in
1229 4091 1381 4162 Beniamin,
1404 4099 1432 4144 et
1446 4088 1517 4144 tilius
1527 4086 1573 4143 Cis
1590 4107 1599 4138 ι
1616 4087 1771 4153 liliidbiel,
1795 4087 1842 4142 lilii
1858 4087 1951 4152 Seror,
1971 4088 2020 4143 lilii

388 4173 531 4230 bersabea.
555 4175 609 4231 Sed
623 4186 653 4231 ut
666 4178 729 4233 boui
742 4179 850 4249 quidem
863 4187 890 4234 ει
899 4179 1032 4235 moderati
1046 4179 1176 4246 earnalis,
1227 4179 1392 4247 bechorath,
1404 4179 1451 4234 lilii
1463 4178 1562 4248 Aphia.
1585 4196 1594 4230 r
1621 4176 1656 4231 Et
1680 4178 1739 4231 haec
1760 4178 1872 4232 nomina
1885 4178 1954 4233 bene
1967 4192 2016 4232 ex·

389 4264 469 4346 iteret
483 4265 560 4335 pravi
583 4267 771 4338 producuntur
792 4284 827 4323 ex
850 4268 940 4324 bonis.
978 4267 1080 4324 Namet
1093 4270 1179 4339 patris
1228 4272 1348 4342 primunt
1361 4280 1453 4341 typum
1467 4268 1632 4325 ludaeorum.
1662 4268 1801 4340 benjamin
1814 4268 1921 4339 quidem
1935 4268 2021 4322 inter·

388 4354 431 4412 sni
443 4356 622 4414 studiumnon
636 4360 937 4425 recordantes,etriam
950 4360 1179 4416 conuariamaar·
1227 4370 1350 4435 pretatur
1372 4360 1444 4430 filias
1467 4360 1576 4415 dextra.
1606 4357 1661 4425 Cis,
1678 4359 1760 4411 daras
1774 4357 1815 4414 rel
1829 4359 1940 4411 coutitur
1957 4357 2020 4423 oiri,

388 4441 525 4511 balantes,
549 4452 578 4500 et
590 4447 747 4503 muneribus
758 4448 935 4519 turpibusque
944 4448 1028 4504 lucris
1042 4449 1178 4520 justitiam
1228 4455 1272 4511 vel
1284 4470 1388 4510 romeus
1401 4454 1449 4507 air.
1472 4451 1560 4516 notet,
1574 4447 1737 4504 Paternum
1751 4448 1831 4503 Dens·
1846 4448 1941 4513 Sertis.
1958 4466 2018 4519 tar·

389 4533 613 4602 oomprimebant,
638 4544 666 4590 et
679 4534 780 4604 judicia
799 4552 853 4592 non
878 4552 954 4604 vera,
969 4538 1018 4593 sed
1029 4541 1177 4595 secondum
1229 4546 1304 4604 aulas
1317 4547 1375 4601 sire
1389 4541 1563 4598 turbulentas.
1589 4542 1624 4596 Et
1649 4540 1800 4596 Beohorath
1825 4541 2021 4611 iuterpretatur

389 4622 693 4696 llfflffliillfflsefebiss's
720 4628 754 4682 id
768 4627 901 4699 e{³¹¹¹asel
921 4629 1040 4699 Ρῐθῑῑθθθ
1054 4630 1178 4686 convivii
1228 4637 1498 4711 priutheaitaataas.
1532 4633 1584 4702 Qui
1598 4648 1662 4703 orgo
1679 4632 1730 4692 luit
1748 4634 1945 4704 primogenitus
1960 4633 2018 4701 bei,

390 4715 566 4772 declinantes·
593 4716 712 4774 Primum
726 4721 854 4791 quidem,
879 4735 940 4790 (1¹1ae
961 4730 1040 4776 eraut
1067 4722 1179 4778 inimica
1231 4727 1376 4785 secundum
1388 4726 1415 4780 id
1430 4723 1502 4794 quod
1513 4726 1539 4779 in
1551 4726 1681 4795 propbeta
1692 4724 1821 4793 scriptum
1835 4732 1893 4779 est:
1909 4747 1918 4775 ι
1935 4724 2021 4782 Filius

388 4805 445 4863 beo
457 4810 605 4880 gerebant;
624 4812 742 4867 seeundo
753 4813 835 4867 etiarn
857 4814 928 4898 patri
942 4813 1123 4869 reddebantur
1135 4816 1181 4871 ad-
1230 4818 1427 4891 primogenitus
1438 4831 1514 4871 mens
1525 4815 1607 4870 lsrael
1622 4814 1689 4887 (ier.
1705 4812 1793 4887 xxxi),
1810 4821 1860 4868 ret
1874 4823 1951 4884 pater
1961 4813 2021 4884 ojus

390 4901 474 4968 versi,
488 4901 535 4972 qai
560 4902 644 4958 multo
671 4903 760 4958 studio
778 4917 810 4959 ac
830 4904 998 4973 providentia
1014 4915 1136 4977 gesserat
1151 4914 1181 4961 ut
1231 4908 1320 4973 licus;
1344 4905 1475 4961 itliuslait
1485 4906 1599 4968 dextra,
1609 4906 1672 4975 quia
1685 4920 1754 4975 stcpe
1766 4919 1816 4974 per
1828 4905 1956 4958 auxilinm
1971 4906 2021 4960 bo

389 4992 472 5047 etism
483 4992 560 5062 plebs
572 4994 655 5048 sciret
667 5007 777 5050 servare
787 4992 930 5063 justitiam.
952 4994 1179 5065 Populusitaque,
1231 4998 1298 5056 mini
1315 4995 1483 5053 ooulortatus
1502 4995 1627 5049 hostibus
1640 4994 1697 5049 suis
1710 4993 1858 5065 praevaluit.
1882 4992 1935 5048 Sed
1955 4995 2020 5064 quia

391 5083 457 5140 dum
470 5082 661 5139 contumeliam
673 5084 757 5155 priori
771 5087 969 5142 conversationi
983 5087 1121 5158 prophete
1133 5086 1181 5141 lilii
1231 5103 1339 5159 semper
1355 5088 1477 5157 ingratus
1490 5084 1595 5140 exstitit
1618 5084 1809 5139 beneficiorum
1823 5081 1883 5149 bei,
1898 5092 1926 5136 ct
1937 5083 2021 5139 durus

336 5195 339 5200 ·
391 5173 525 5240 lecerunt,
539 5175 657 5246 graviter
678 5177 729 5231 boc
740 5176 840 5244 ferens,
857 5177 891 5233 ad
903 5187 1008 5249 patrem
1025 5179 1114 5233 denuo
1139 5192 1182 5232 re-
1231 5180 1338 5237 cervice
1355 5178 1382 5232 in
1394 5175 1589 5247 blasphemiam
1602 5174 1701 5242 erupit,
1718 5174 1752 5227 de
1767 5188 1864 5243 magua
1879 5173 2019 5242 parvulus,

391 5265 502 5331 meavit,
525 5265 609 5335 quiin
622 5265 875 5324 Ramathaerritute
897 5267 1127 5332 commorabatur,
1142 5266 1182 5321 ei·
1232 5268 1303 5324 etde
1313 5266 1420 5337 placido
1442 5263 1614 5319 turbulentus
1626 5262 1798 5319 edocmsest.
1831 5262 1908 5329 Quod
1929 5274 2020 5319 antem

392 5371 445 5426 que
462 5356 608 5427 injustitias
634 5357 751 5413 dliorum
776 5375 870 5414 omnes
899 5360 1033 5429 exposuit.
1060 5358 1094 5412 Ει
1118 5358 1181 5427 qnia
1232 5368 1330 5415 anans
1342 5359 1533 5428 estinregem,
1542 5355 1686 5426 iruaqiuern
1698 5354 1931 5425 Cbristiportarit.
1944 5353 2021 5409 Unde

393 5460 455 5499 cnm
483 5458 567 5499 senex
592 5452 676 5512 esset,
698 5456 725 5501 et
743 5456 862 5517 tempore
884 5448 940 5518 jara
953 5446 1084 5514 delectus,
1100 5449 1182 5503 robus
1232 5457 1261 5504 ει
1280 5449 1376 5504 beatus
1393 5446 1486 5510 liarid,
1502 5454 1530 5500 et
1542 5447 1600 5516 ipse
1612 5445 1736 5501 Christus
1748 5455 1927 5516 nuncupatus,
1942 5446 2021 5498 aitad

392 5550 574 5605 praessenon
587 5545 711 5607 poterat:
736 5537 922 5608 supplicabant
935 5554 996 5593 enm
1009 5548 1090 5609 atque
1104 5554 1182 5610 roga·
1232 5555 1295 5596 cum
1310 5540 1398 5610 quise
1422 5538 1538 5594 tinxerat
1566 5538 1631 5593 Saul
1658 5538 1790 5593 occidisse
1807 5556 1814 5592 :
1849 5556 1858 5587 ι
1882 5537 2021 5602 Quomodo

393 5629 469 5694 baut,
483 5638 514 5683 ut
533 5630 649 5700 aliquem
660 5644 754 5684 eorum
769 5646 859 5702 regem
872 5631 992 5703 eligeret,
1015 5632 1062 5701 qui
1079 5640 1107 5686 et
1117 5647 1183 5687 con·

394 5729 436 5774 tra
450 5716 631 5791 principatum
644 5720 858 5792 pentishabcret,
873 5731 901 5777 et
914 5722 1072 5778 Palaestinos
1082 5722 1182 5795 aldige-

395 5818 437 5865 ret
451 5811 498 5881 qui
513 5812 554 5868 eis
565 5817 642 5865 erant
655 5810 753 5879 prioris
763 5810 900 5879 injustitiae
923 5812 1067 5869 debitores.
1085 5833 1094 5865 ι
1123 5811 1181 5868 loel
1200 5858 1202 5864 .

395 5899 589 5971 interpretatur
601 5899 735 5970 incipieus,
749 5902 790 5955 rel
809 5902 860 5971 [uit
874 5903 931 5956 tut.
958 5902 1026 5958 nuta
1045 5904 1181 5974 iuterpre-

397 5999 470 6046 tatur
480 6002 555 6063 polet
566 5992 704 6059 Dorulaus,
720 5992 760 6047 vel
777 5997 851 6064 pitter
864 5997 924 6066 [atil.
953 5996 1036 6054 ilecto
1047 6014 1112 6068 crgo
1134 5999 1180 6069 qui

1235 5647 1289 5688 non
1302 5630 1414 5686 amaad
1435 5630 1546 5701 iujitere
1561 5645 1670 5684 manum
1685 5638 1758 5683 tuam
1770 5628 1797 5682 in
1820 5626 1957 5681 Christum
1970 5627 2022 5678 bo-

1234 5723 1301 5778 mini
1313 5722 1325 5776 ?
1339 5721 1381 5794 (ll
1396 5720 1459 5791 Req.
1476 5720 1508 5790 r.)
1520 5739 1529 5773 ι
1552 5720 1620 5775 Hinc
1629 5728 1656 5775 et
1670 5720 1741 5791 quod
1752 5728 1779 5772 et
1792 5718 1825 5771 ab
1837 5717 1950 5772 humero
1965 5732 2023 5770 sur·

1234 5830 1294 5869 sum
1303 5812 1367 5867 Saul
1377 5812 1593 5883 supereminebat
1603 5811 1741 5876 omnibus,
1756 5811 1888 5881 siquiticut
1898 5814 1960 5879 quia
1976 5828 2020 5864 aa·

1233 5916 1282 5976 put
1294 5913 1416 5958 nostrum
1429 5902 1555 5959 Christus
1571 5917 1677 5958 sursum
1698 5917 1778 5973 super
1790 5917 1840 5956 uos
1858 5911 1910 5966 cst,
1941 5918 2020 5971 quoru

1235 5998 1314 6053 Ριιει
1328 6013 1408 6067 super
1418 6011 1524 6057 aturrem
1540 6004 1711 6066 potestatem,
1729 6004 1756 6051 ct
1767 6011 1874 6050 oumcur
1886 5995 2020 6065 priruipu-
