4709 6767
355 616 405 672 tlt
764 616 940 676 contuntur.
959 617 994 675 tu
1013 611 1135 673 ttuttos
1153 615 1187 671 11
1205 612 1385 671 11Ε11111Ι.’-
1403 613 1435 667 111
1454 612 1519 667 Llll.
1538 610 1580 667 111.
1939 617 1988 672 ll!

355 731 445 787 cultus
466 738 495 786 ct
523 730 617 802 religio
639 729 806 786 tabernaculi
831 747 916 787 annos
937 732 1148 800 quadringentos
1163 733 1187 792 ,t
1201 736 1291 783 autem
1304 727 1347 782 lux
1361 728 1388 782 iu
1402 728 1516 782 11010100
1530 727 1638 797 (Epion.
1654 726 1691 800 r).
1708 746 1718 780 a
1742 726 1826 783 lobus
1838 729 1932 784 cadum
1947 741 1989 788 ost

354 832 383 878 ct
395 822 546 891 octoginta,
563 836 594 877 ac
608 820 649 876 sie
663 821 788 891 templum
799 821 925 877 aedificari
940 823 1049 893 incepit.
1070 825 1146 890 Qtrnd
1198 819 1292 874 civitas
1305 834 1365 889 quae
1378 828 1406 874 et
1418 818 1581 884 Jerusalem,
1594 828 1622 874 et
1635 818 1719 876 Jcbus
1732 821 1840 889 quidem
1854 820 1989 893 interpre-

355 920 446 965 autcnt
459 918 558 978 quarto
572 923 643 963 anno
657 910 729 977 regis
743 909 894 966 Salomonis
911 910 1040 966 aedificari
1058 922 1147 982 empta
1197 916 1271 965 tatur
1289 909 1461 976 conculcato,·
1484 909 1633 965 Jerusalem
1658 919 1749 965 autem
1772 912 1836 965 nicio
1850 914 1933 980 pacit.
1959 912 1990 969 ln

355 1010 398 1057 est
412 1002 510 1055 domus
525 999 641 1063 Domini,
657 1008 744 1068 potest
761 1015 794 1054 eo
817 999 911 1055 relerri
937 1002 1050 1072 mystice
1076 1003 1147 1071 quod
1197 1017 1250 1072 qua
1268 1004 1386 1073 qnandiu
1406 1003 1497 1057 Ornan
1518 1003 1625 1074 gentilis
1648 1005 1787 1071 regnabat,
1811 1002 1893 1059 Jebus
1916 1004 1990 1061 dicta

355 1101 418 1163 post
433 1090 567 1161 repletam
581 1090 808 1159 dispensationem
822 1090 969 1147 Dorrtinicac
984 1093 1148 1148 incarnatio-
1197 1099 1253 1156 est;
1270 1108 1331 1146 cum
1346 1109 1410 1148 uero
1425 1092 1451 1146 in
1466 1108 1498 1147 ca
1514 1092 1597 1147 Dauid
1612 1091 1700 1147 locum
1715 1093 1863 1148 holocausti
1875 1104 1987 1156 emeret,

356 1187 409 1252 nis,
433 1201 506 1255 qum
519 1186 546 1238 in
567 1195 682 1253 quatuor
702 1184 840 1252 Evangelii
867 1183 943 1240 libris
970 1186 1072 1256 scripta
1095 1194 1146 1252 est,
1197 1197 1258 1236 euru
1275 1182 1400 1237 Salomon
1414 1183 1440 1237 iu
1453 1196 1484 1237 ea
1500 1183 1629 1254 ternplum
1643 1183 1757 1238 11010100
1767 1184 1922 1251 aedificaret,
1934 1202 1989 1242 nou

356 1277 441 1331 misso
460 1276 493 1330 de
513 1273 590 1328 coelis
614 1273 715 1341 Spiritu
739 1281 844 1339 satrcto,
870 1273 995 1329 Ecclesiae
1013 1283 1147 1329 structura
1195 1271 1252 1341 jam
1266 1272 1360 1338 Jebus,
1373 1275 1420 1329 sed
1433 1272 1582 1329 Jerusalem
1597 1283 1692 1328 uocata
1707 1283 1758 1340 cst,
1778 1275 1840 1345 quia
1859 1278 1988 1334 nimirum

355 1367 450 1437 ooepit.
481 1366 515 1421 lit
527 1366 598 1435 quod
614 1380 706 1420 arrettse
716 1365 834 1419 securunio
848 1374 936 1437 coepta
950 1375 999 1429 est,
1016 1373 1104 1434 potest
1114 1367 1148 1421 ad
1198 1362 1335 1433 gentilitas
1349 1366 1467 1434 quaudiu
1482 1364 1565 1420 diuini
1586 1364 1674 1420 cultus
1694 1366 1783 1420 nescia
1806 1368 1989 1436 perdurai·at;

355 1460 517 1515 electionem
531 1458 650 1528 gentium
665 1457 781 1524 reterri,
799 1474 859 1527 quae
872 1459 989 1514 00000110
1009 1456 1069 1512 loca
1088 1464 1149 1525 post
1197 1453 1407 1509 conculcabatur
1434 1462 1461 1510 et
1482 1454 1643 1510 illu'dobatur
1664 1455 1699 1510 ab
1723 1456 1868 1512 immundis
1891 1457 1991 1527 spiriti·

354 1548 440 1604 lsrael
450 1546 657 1603 aedificationem
680 1547 707 1601 in
732 1564 762 1603 se
780 1549 821 1602 sui
841 1562 984 1617 suscepere
1007 1548 1146 1602 creatoris.
1198 1544 1258 1610 bus,
1273 1545 1307 1599 ad
1322 1545 1466 1602 simulacra
1481 1554 1565 1607 ruuta,
1580 1554 1660 1616 prout
1679 1547 1838 1613 ducebatur,
1861 1563 1988 1617 sequens.

356 1640 438 1697 Unde
459 1649 488 1696 et
509 1639 644 1695 secundus
667 1640 769 1694 mensis
784 1639 811 1693 in
828 1637 886 1710 lege
899 1653 1044 1694 concessus
1058 1646 1100 1693 est
1114 1638 1147 1692 ad
1198 1634 1264 1690 Ctrm
1279 1650 1343 1690 uero
1357 1630 1428 1689 illam
1444 1634 1528 1706 gratia
1542 1635 1582 1690 sui
1595 1634 1749 1691 Corulitoris
1763 1637 1890 1705 respexit,
1904 1637 1991 1693 courti-

355 1731 511 1787 iacientium
535 1729 640 1785 Pascha
658 1730 711 1793 his,
738 1729 787 1799 qui
808 1749 817 1781 n
833 1730 964 1785 immundi
988 1744 1067 1800 super
1088 1728 1147 1783 ani·
1198 1740 1253 1780 nuo
1267 1725 1342 1795 pacis
1357 1725 1384 1779 in
1398 1740 1427 1780 se
1439 1735 1466 1780 et
1479 1725 1568 1781 locum
1583 1727 1685 1781 inuenit
1698 1737 1725 1782 et
1740 1741 1847 1782 nomen.

356 1838 443 1889 urant,
458 1822 500 1878 rel
511 1822 538 1877 in
549 1822 592 1876 ria
602 1821 695 1891 procul
708 1822 788 1890 positi
803 1821 896 1893 (Num.
912 1821 983 1893 rn),n
999 1822 1033 1876 ad
1049 1823 1148 1876 samen.
1236 1835 1245 1867 a
1264 1815 1365 1872 Domus
1393 1825 1483 1871 autem
1511 1833 1592 1888 quant
1619 1818 1781 1874 aedilleahat.
1793 1836 1840 1876 rex
1861 1819 1990 1878 Salomon

355 1914 422 1968 dum
441 1912 469 1967 in
488 1912 577 1983 primo
596 1925 690 1966 mense
709 1910 813 1966 Pascha
833 1926 978 1967 occurrere
995 1912 1146 1981 nequirent,
1200 1905 1347 1970 «Domino,
1364 1908 1633 1978 hahebnisexaginta
1653 1908 1759 1965 cubitos
1773 1910 1800 1964 iu
1813 1910 1989 1983 longitudine,

356 2005 411 2062 dni
432 2018 482 2059 nos
502 2003 671 2074 apertissime
690 2003 821 2074 designati
839 2018 943 2068 sumus,
957 2004 1002 2073 qui
1017 2002 1147 2057 immundi
1200 2015 1210 2047 c
1227 2006 1254 2052 et
1270 1998 1363 2068 uiginti
1384 1998 1489 2053 cubitos
1503 2000 1529 2053 in
1544 2000 1701 2065 latitudine,
1717 2008 1744 2056 et
1758 2003 1868 2074 triginta
1885 2006 1991 2061 cubitos

355 2109 440 2165 5„qu
451 2101 539 2149 mone
553 2094 651 2147 animae
663 2100 762 2147 nostrae
775 2100 802 2148 et
814 2092 908 2162 procul
924 2093 1010 2148 adhuc
1029 2092 1108 2162 positi
1131 2095 1186 2155 213
1202 2086 1252 2139 (10
1269 2085 1421 2153 altitudine,
1436 2098 1488 2142 etc.
1504 2106 1513 2140 t
1549 2088 1700 2160 Longituclo
1719 2092 1814 2147 domus
1834 2094 1992 2165 longanimi·

354 2185 458 2254 populo
472 2185 530 2248 liei,
552 2199 607 2239 uon
621 2184 757 2254 potuimus
779 2184 896 2254 primum
920 2183 1021 2238 Pascha
1045 2182 1147 2250 lacere,
1199 2182 1281 2229 tatem
1295 2176 1418 2247 designat
1431 2186 1532 2232 sanetae
1546 2178 1681 2245 aeclesia,
1697 2196 1749 2250 qua
1768 2183 1795 2237 in
1810 2184 1905 2238 exsilio
1916 2200 1992 2255 perc-

354 2274 430 2344 quod
445 2273 474 2327 in
492 2288 575 2328 came
587 2281 615 2328 ct
628 2274 758 2344 sanguiue
772 2273 834 2344 agni
855 2271 945 2327 suebat.
976 2271 1148 2327 celebramus
1199 2268 1359 2337 gtinutionis
1376 2270 1452 2340 hujus
1468 2270 1602 2338 patienter
1614 2270 1726 2327 aduersa
1744 2290 1858 2344 qumque
1881 2277 1990 2342 tolerat,

354 2363 448 2418 autem
464 2364 545 2420 bodie
557 2362 661 2418 Pascha
673 2364 832 2428 seeundum,
854 2364 925 2432 qnod
944 2364 971 2418 in
991 2379 1104 2433 corpore
1121 2372 1149 2419 et
1200 2359 1286 2415 donec
1300 2361 1333 2414 ad
1346 2362 1460 2431 patriam
1475 2377 1555 2430 quant
1571 2373 1721 2432 exspectat,
1737 2368 1885 2435 perueniat.
1915 2368 1991 2424 Lati·

353 2457 487 2528 sanguine
502 2455 689 2525 Redemptoris
703 2454 803 2518 nostri,
818 2469 833 2507 a
847 2469 900 2523 quo
914 2455 1018 2522 quaesiti
1032 2463 1058 2510 et
1072 2471 1149 2510 mun·
1199 2450 1264 2504 tudo
1288 2450 1407 2505 insinuat
1426 2453 1594 2519 charitatem,
1619 2469 1672 2522 qua
1693 2456 1803 2511 dilatato
1818 2459 1878 2513 sinu
1892 2460 1992 2517 mentis

354 2546 413 2603 dati
437 2561 542 2610 sumus,
568 2553 659 2600 actum
686 2553 737 2600 est.
766 2544 794 2598 lu
817 2558 872 2614 quo
894 2552 983 2599 autem
1005 2543 1064 2599 loco
1082 2555 1149 2599 tem·
1199 2551 1252 2594 uon
1266 2538 1351 2594 solnm
1366 2540 1468 2595 amicos
1483 2541 1509 2594 in
1524 2540 1596 2607 Deo,
1618 2544 1666 2598 sed
1686 2552 1714 2597 et
1733 2544 1859 2601 inimicos
1881 2547 1991 2620 diligere

353 2637 431 2710 plum
445 2637 480 2692 sit
494 2636 666 2703 aedificatum,
681 2635 851 2690 manifestius
868 2636 894 2690 in
915 2636 983 2691 libro
1007 2635 1148 2707 Paralipo-

353 2743 457 2783 menon
472 2726 633 2792 ostenditur,
649 2727 693 2781 ubi
709 2728 894 2796 scriptumest
909 2744 916 2779 ε
936 2727 989 2781 «Et
1003 2727 1085 2796 coepit
1100 2727 1150 2782 Sa·

354 2818 448 2875 lamon
473 2818 610 2874 aedificare
638 2819 747 2874 domum
767 2818 874 2874 Domini
895 2819 922 2874 in
944 2818 1093 2875 Jerusalem
1121 2821 1147 2876 in

352 2918 450 2965 monte
471 2909 567 2976 lloria,
581 2911 628 2982 qui
650 2912 852 2966 demonstratus
870 2909 960 2967 suerat
978 2912 1060 2968 Dauid
1078 2914 1147 2983 patri

353 3001 416 3071 ejus
430 3002 457 3058 in
477 3003 537 3059 loeo
555 3019 635 3073 quem
649 3012 793 3075 parauerat
814 3003 899 3059 llarid
921 3004 948 3058 in
967 3020 1031 3060 area
1056 3004 1147 3061 Ornan

352 3093 474 3150 tetusaet
489 3094 530 3167 (ll
546 3094 611 3150 Por.
628 3095 703 3169 utha
733 3095 895 3155 AEdillcatur
909 3112 973 3169 crgo
987 3099 1082 3154 domus
1096 3098 1148 3154 llo-

354 3185 424 3241 tttiui
439 3186 467 3240 in
482 3182 642 3251 Jerusalem,
660 3186 713 3240 hnc
730 3192 782 3250 est,
806 3186 834 3239 in
856 3187 953 3240 tiamne
973 3187 1055 3258 pacis,
1084 3188 1147 3258 quia

352 3279 468 3333 dilatata
481 3294 530 3350 per
544 3288 627 3335 totum
638 3281 736 3335 orbem
751 3279 871 3335 Ecclesia
884 3281 910 3334 iu
925 3295 977 3334 una
998 3280 1147 3351 eademque

353 3371 410 3426 sade
421 3379 450 3426 ct
466 3371 1008 3429 ueritatiscatholieaesocietateconsistit.
1029 3372 1148 3443 Namque

1199 2629 1298 2698 gaudet
1314 2637 1424 2699 proptor
1437 2630 1532 2697 Deum,
1550 2631 1636 2687 donee
1650 2634 1739 2688 ueniat
1755 2643 1870 2705 tempus,
1882 2639 1990 2707 quando

1199 2720 1256 2777 sive
1270 2723 1304 2776 ad
1316 2737 1409 2792 pacem
1423 2739 1499 2778 suam
1510 2727 1659 2793 eotrrersis,
1672 2743 1719 2783 seu
1735 2729 1854 2788 inauditus
1864 2734 1991 2789 omnibus

1198 2814 1340 2869 exstinctis
1354 2814 1471 2870 inimicis
1485 2830 1547 2870 cum
1562 2816 1625 2871 solis
1640 2819 1756 2889 gaudeat
1774 2822 1869 2877 amieis
1883 2823 1988 2892 italico.

1198 2905 1318 2962 Altitudo
1331 2922 1405 2976 speur
1420 2907 1559 2963 denuntiat
1580 2908 1675 2967 suturae
1694 2914 1889 2982 retributionis,
1914 2915 1991 2986 eujus

1198 3000 1295 3054 intuitu
1310 2999 1425 3055 libenter
1438 3000 1530 3056 inhma
1544 3018 1667 3073 qumque,
1682 3006 1739 3061 site
1753 3020 1813 3075 qum
1827 3006 1990 3073 demulcent,

1197 3102 1244 3143 seu
1258 3102 1318 3157 quae
1333 3090 1521 3156 adversantur,
1537 3095 1696 3159 coattemuit,
1712 3111 1797 3165 usqua
1815 3096 1890 3164 duur,
1909 3100 1991 3155 utris·

1197 3192 1249 3248 que
1272 3180 1453 3245 transcensis,
1477 3180 1533 3236 sola
1556 3191 1691 3238 mercatur
1710 3203 1719 3236 c
1735 3185 1826 3243 ridere
1844 3188 1914 3243 boun
1938 3190 1991 3245 lio-

1198 3269 1264 3323 tnini
1279 3268 1306 3323 iu
1322 3278 1394 3325 terra
1414 3271 1560 3328 uiuentium
1582 3270 1668 3343 (caat.
1684 3274 1794 3348 nuth»
1822 3277 1873 3334 Ubi
1897 3290 1992 3335 notan·

1199 3361 1263 3416 dum
1278 3363 1349 3432 quod
1365 3363 1472 3434 triginta
1488 3364 1570 3419 cubiti
1589 3364 1748 3433 altittnliuis,
1769 3384 1822 3423 nou
1848 3385 1933 3442 usque
1955 3376 1990 3428 ad

355 3463 384 3518 in
400 3463 520 3518 scissura
533 3464 664 3518 mentium
679 3463 750 3519 Deus
763 3480 817 3519 non
836 3472 892 3529 est;
912 3464 958 3519 sod
981 3463 1087 3520 alnetus
1106 3451 1184 3519 dstC
1202 3460 1301 3508 iccium
1326 3454 1426 3525 ietttpli,
1446 3456 1494 3511 sed
1516 3472 1601 3527 usque
1626 3459 1659 3514 ud
1683 3461 1850 3518 coettatttlutn
1877 3462 1991 3522 inferius

356 3551 385 3605 in
397 3564 463 3620 pano
475 3550 635 3622 locuseiua,
654 3560 682 3609 et
700 3552 831 3608 habitatio
852 3550 910 3620 ejus
929 3552 958 3606 in
977 3551 1042 3608 Sion
1061 3551 1147 3625 (Paul.

356 3643 450 3715 trau).
461 3642 642 3701 »Edideatur
651 3646 677 3699 ia
686 3653 782 3712 monte,
794 3644 918 3701 uidelicet
929 3645 955 3699 in
966 3645 1024 3715 ipso
1036 3646 1149 3701 Domino

355 3733 518 3801 Salvatore,
534 3735 567 3790 (10
580 3750 634 3805 quo
647 3734 731 3791 isaias
746 3736 783 3790 ait
797 3753 803 3789 :
821 3754 830 3787 r
844 3735 877 3790 Et
891 3736 943 3790 erit
955 3736 982 3790 iu
996 3736 1149 3792 nouissimis

356 3825 455 3880 diebus
472 3834 639 3897 preparatus
661 3841 739 3882 mons
758 3826 853 3882 donnus
872 3827 977 3883 llomini
998 3829 1024 3884 in
1046 3830 1148 3885 uertice

357 3915 491 3971 orontium
506 3914 593 3979 (Pani.
608 3918 671 3988 ul.»
701 3917 735 3972 Et
757 3916 814 3987 ipse
835 3916 869 3972 de
890 3932 919 3972 se
946 3918 974 3973 in
1002 3918 1148 3991 Evangelio

355 4008 419 4061 ait:
436 4006 520 4062 «Non
544 4016 640 4078 potest,
665 4007 771 4078 inquit,
795 4008 889 4062 ciuitas
912 4009 1039 4065 abscondi
1066 4024 1147 4080 super

356 4105 476 4152 amntem
501 4098 587 4168 posita
610 4096 717 4169 (llatth.
741 4095 803 4169 u).›
832 4097 890 4167 lpse
910 4109 952 4154 est
973 4100 1045 4154 enim
1069 4115 1147 4155 mons

1200 3545 1397 3616 pertingebant.
1416 3544 1538 3615 Namque
1548 3547 1573 3601 iu
1584 3548 1653 3603 libro
1662 3549 1884 3621 Paralipomenon
1898 3565 1991 3624 aperte

1200 3636 1330 3709 seriptum
1340 3643 1392 3701 est,
1406 3637 1478 3705 quod
1489 3637 1603 3694 altitudo
1613 3648 1721 3695 eentum
1732 3641 1825 3713 uiginti
1837 3644 1989 3699 cubitorum

1199 3741 1259 3784 erat
1274 3726 1317 3800 (ll
1334 3728 1400 3782 Por.
1415 3727 1477 3800 tul:
1495 3729 1593 3801 dequo
1612 3741 1673 3801 post
1692 3733 1749 3787 hace
1767 3732 1864 3789 dicturi
1885 3751 1988 3793 suarius.

1236 3817 1381 3874 «Porticus
1404 3827 1463 3874 crat
1484 3827 1546 3875 ante
1569 3820 1696 3891 templum
1723 3823 1816 3895 uiginti
1837 3824 1988 3882 cubitorum

1201 3909 1408 3981 «longitudinis,
1430 3909 1507 3982 juxta
1532 3925 1686 3965 mensuram
1710 3911 1859 3969 latitudiuis
1879 3915 1988 3987 templi;

1201 4010 1251 4055 «ct
1265 4001 1382 4057 habebat
1399 4002 1492 4057 decem
1512 4002 1617 4058 cubitos
1637 4002 1788 4061 latitudinis
1807 4015 1870 4061 aitte
1892 4006 1989 4063 lacicnt

1200 4095 1350 4165 ‹templi›
1385 4094 1523 4165 Tentplum
1548 4109 1665 4165 namque
1687 4105 1745 4151 crat
1768 4112 1928 4154 conuersum
1952 4100 1987 4154 ad

354 4186 502 4251 mintium,
520 4187 566 4257 qui
580 4186 614 4241 de
629 4196 701 4241 terra
713 4185 821 4255 quidem
835 4201 884 4256 per
897 4188 1029 4258 originem
1042 4204 1146 4244 assum-
1197 4192 1338 4252 orientem,
1355 4187 1424 4243 sicut
1438 4195 1466 4241 ct
1479 4187 1692 4252 tabernaculum,
1708 4188 1877 4259 habebatque
1886 4192 1986 4247 ostiutu

353 4283 408 4347 ptae
421 4276 515 4331 earnis
528 4286 605 4331 ortus
617 4285 669 4342 cst,
684 4275 731 4331 sed
748 4277 868 4331 omnium
888 4280 1083 4347 terrigenarum
1098 4295 1146 4350 pu·
1195 4281 1316 4349 porticus
1330 4280 1482 4336 oboriente
1496 4295 1591 4337 caruca
1602 4283 1700 4337 ostium
1714 4283 1815 4355 templi,
1829 4284 1905 4354 juxta
1915 4290 1987 4358 quod

354 4368 471 4422 tentiam
490 4382 523 4423 ae
541 4369 714 4424 sanctitatem
732 4369 876 4440 singularis
895 4370 1011 4426 culmine
1029 4370 1146 4443 diguita-
1196 4373 1342 4429 historicus
1367 4373 1519 4429 ludaeorum
1542 4374 1674 4445 Josephus
1699 4376 1867 4447 apertissimo
1889 4379 1984 4445 docet,

354 4457 391 4511 t'm
405 4459 584 4514 transcendit.
608 4458 637 4514 ln
650 4475 704 4530 quo
718 4460 845 4515 nimirum
864 4470 956 4518 monte
974 4462 1070 4518 civitas
1089 4464 1146 4520 siro
1195 4464 1232 4519 ita
1246 4472 1277 4519 ut
1289 4465 1329 4520 sol
1343 4464 1535 4534 aequinoctialis
1549 4465 1639 4521 oriens
1654 4465 1763 4521 directis
1778 4466 1913 4521 radiorum
1925 4481 1987 4522 stro

352 4549 454 4605 (100100
467 4550 574 4606 Domini
589 4560 742 4607 constructa
755 4561 806 4618 est,
822 4554 884 4623 quia
898 4554 921 4609 si
934 4571 986 4610 non
1000 4556 1027 4611 io
1043 4557 1090 4613 illo
1105 4572 1145 4611 ra-
1196 4571 1255 4611 rum
1269 4556 1359 4622 lincis,
1375 4573 1422 4628 per
1436 4558 1545 4612 usuaria
1560 4559 1682 4627 porticus
1702 4559 1826 4614 uidelicet
1845 4570 1872 4615 ct
1895 4558 1986 4631 templi
2074 4562 2089 4578 ²

352 4640 444 4695 dicem
459 4641 535 4713 hgat,
550 4658 613 4713 spes
624 4650 651 4699 et
663 4642 729 4700 tides
743 4653 835 4700 nostra
855 4647 926 4701 nulla
947 4656 998 4704 est.
1028 4649 1078 4716 Qui
1098 4665 1144 4704 rc·
1194 4656 1222 4704 ct
1249 4649 1370 4715 oraculi,
1396 4665 1487 4705 arcam
1513 4652 1668 4706 testamenti
1692 4652 1855 4723 pertundere
1884 4664 1986 4726 posset.

352 4738 399 4785 cte
412 4746 492 4786 mons
502 4732 597 4796 iloria,
611 4733 637 4788 id
650 4745 700 4800 est,
716 4736 833 4801 visionis,
856 4748 969 4793 uocatur
983 4758 989 4792 :
1005 4739 1069 4809 quia
1088 4739 1143 4795 cle-
1193 4741 1261 4809 Quia
1274 4758 1338 4797 vero
1352 4742 1479 4814 ternplum
1493 4751 1612 4799 sanctam
1624 4744 1771 4801 Ecclesiam
1781 4747 1914 4817 designat,
1928 4763 1988 4819 por·

353 4830 415 4876 ctos
426 4837 502 4888 suos,
517 4838 586 4893 quos
599 4824 633 4878 ad
646 4833 774 4881 aeternam
789 4842 844 4883 suar
864 4828 993 4886 claritatis
1011 4832 1141 4888 visionem
1155 4799 1181 4857 D
1196 4833 1265 4888 ticos
1283 4849 1342 4903 quar
1359 4844 1419 4888 erat
1437 4843 1501 4889 ante
1516 4834 1642 4905 ternplum
1655 4845 1681 4891 et
1698 4837 1806 4908 propior
1819 4838 1905 4895 luccm
1922 4839 1988 4897 solia

352 4923 508 4980 mnsemt,
524 4915 551 4969 in
566 4917 617 4971 hac
636 4918 743 4974 iuterim
764 4921 819 4976 rita
835 4920 988 4978 laborantes
1007 4925 1098 4980 viclere
1117 4933 1145 4981 et
1195 4927 1318 4996 accipere
1331 4925 1444 4991 solebat,
1461 4928 1524 4998 quid
1538 4930 1656 4998 apertius
1668 4946 1748 4999 quarn
1764 4930 1835 4987 illam
1847 4933 1906 5003 ejus
1924 4950 1987 5005 par·

354 5004 484 5074 adinrare
497 5008 631 5078 dignatur.
653 5009 727 5076 «Qui
741 5011 941 5068 demonstratus
955 5013 1043 5069 luerat
1059 5015 1143 5071 Dauid
1196 5027 1259 5083 tem,
1275 5034 1337 5088 quae
1351 5020 1497 5074 Donniuicm
1509 5021 1701 5078 incarnationis
1727 5033 1846 5094 tempora
1870 5041 1986 5095 praeces-

353 5096 530 5165 manduca
556 5096 686 5154 Ostensus
700 5115 816 5170 uanaque
829 5111 889 5157 crat
908 5103 999 5168 Dauid,
1025 5102 1095 5159 sicut
1118 5114 1146 5161 et
1193 5108 1239 5172 sit,
1264 5109 1352 5178 typice
1374 5108 1536 5163 denuntiat?
1560 5110 1588 5164 ln
1609 5127 1662 5180 qua
1687 5120 1751 5167 sunt
1772 5114 1935 5182 patriarebae
1957 5126 1986 5173 et

354 5185 463 5239 muris
475 5186 613 5255 prophetis
626 5197 755 5246 uenturus
774 5192 800 5245 in
815 5209 896 5248 carne
911 5193 1048 5249 Dominus.
1073 5194 1145 5252 Bene
1194 5197 1343 5266 prophetae,
1358 5198 1403 5267 qui
1416 5197 1547 5251 orientem
1558 5198 1622 5253 huie
1633 5200 1733 5255 rutundo
1752 5201 1860 5257 ‹solem
1872 5203 1986 5274 justitiae

353 5271 427 5327 idem
442 5273 547 5330 loeutus
559 5276 586 5330 in
601 5292 664 5332 area
686 5289 745 5335 erat
764 5280 854 5336 Oruan
877 5281 992 5339 Jebusaei
1007 5302 1014 5338 t
1030 5285 1092 5354 quia
1115 5294 1143 5340 et
1196 5287 1273 5359 (ilat.
1290 5289 1327 5360 rr)
1342 5310 1351 5341 a
1367 5289 1447 5360 primi
1461 5299 1648 5358 susceperunt,
1667 5300 1694 5346 ct
1711 5294 1832 5348 nascenti
1853 5296 1880 5349 in
1901 5312 1985 5353 carne

353 5361 478 5418 Ecclesia
503 5379 572 5420 orem
599 5368 667 5423 solet
694 5371 824 5427 vocabolo
851 5374 985 5445 designari
1008 5393 1015 5429 :
1037 5376 1142 5431 dicente
1195 5380 1309 5436 Douritro
1323 5382 1517 5447 testinnonium,
1528 5382 1586 5438 sire
1595 5384 1674 5440 uitcn
1685 5384 1721 5450 lo,
1734 5385 1789 5440 siue
1801 5388 1983 5455 praedicando,

352 5450 459 5508 Joanne
476 5453 511 5510 de
530 5454 643 5513 homno
660 5476 666 5510 :
685 5458 792 5531 «Curius,
810 5464 987 5518 terrtilabrum
1011 5467 1037 5519 iu
1061 5482 1141 5521 mauu

353 5557 414 5610 etta,
428 5553 457 5599 et
469 5546 657 5615 permundabit
672 5565 762 5605 aream
776 5568 850 5607 suain
867 5553 972 5627 (llotth.
987 5555 1038 5628 tu).
1055 5577 1063 5608 t
1089 5558 1140 5614 Or-

353 5649 421 5701 nan,
440 5636 487 5705 qui
507 5639 697 5709 iuterpretatur
710 5642 890 5709 illuminatum
909 5653 937 5700 et
955 5657 1014 5701 erat
1033 5649 1141 5704 natione

350 5724 493 5785 tebosnus
509 5748 516 5785 :
530 5733 638 5789 natione
656 5736 765 5805 quidem
786 5739 900 5808 gentiles
923 5742 1069 5811 significan
1094 5761 1142 5799 nn-

352 5821 427 5875 ntine
440 5832 532 5878 autem
549 5828 656 5881 eosdem
672 5828 844 5888 illustrandos
858 5848 873 5887 a
888 5832 1001 5889 Donrino
1019 5847 1099 5907 atque
1114 5839 1140 5891 in

351 5910 422 5967 filios
437 5913 565 5972 Ecclesia
576 5922 780 5977 commutandos
789 5926 907 5980 ostendit
918 5944 924 5979 :
936 5927 1034 5995 quibus
1045 5929 1141 5985 merito

349 6004 417 6064 dicit
437 6007 600 6077 Apostolus:
618 6011 742 6069 «inistis
766 6014 908 6085 aliquando
927 6018 1052 6087 teuchum,
1070 6036 1140 6077 nune

1194 5475 1251 5531 sire
1276 5476 1359 5530 etiam
1388 5476 1536 5539 moriendo,
1563 5476 1755 5546 praebuerunt?
1784 5478 1888 5534 Ostium
1920 5497 1984 5553 ergo

1194 5569 1284 5638 templi
1300 5569 1430 5624 Dominus
1441 5578 1493 5635 est,
1508 5570 1571 5639 quia
1586 5583 1665 5625 nemo
1678 5572 1750 5626 teuit
1763 5574 1797 5628 ad
1811 5572 1916 5629 Patrem
1929 5572 1981 5628 nisi

1193 5675 1242 5730 pcr
1268 5660 1355 5729 ipsum
1379 5658 1469 5731 (loon.
1496 5657 1562 5731 xiv),
1588 5669 1615 5714 ct
1637 5661 1704 5715 sicut
1725 5662 1788 5717 alibi
1803 5664 1887 5718 dicit:
1905 5662 1982 5732 «Ego

1193 5768 1252 5808 sarm
1276 5753 1385 5816 ostium,
1412 5767 1460 5821 per
1482 5767 1525 5807 nte
1549 5752 1571 5807 si
1595 5752 1656 5823 quis
1680 5752 1814 5809 introierit
1836 5752 1981 5808 sulcabitur

1193 5841 1283 5912 (lona.
1303 5842 1368 5916 r).›
1397 5843 1502 5900 Ostium
1524 5844 1661 5912 porticus,
1686 5858 1775 5897 sermo
1797 5841 1980 5912 propheticus,

1193 5932 1239 6001 qui
1253 5933 1330 6002 quasi
1352 5943 1426 5988 recto
1446 5932 1514 5988 ealle
1533 5934 1714 6003 ingredientes
1731 5933 1762 5985 ad
1774 5934 1872 5987 ostium
1888 5932 1980 6001 templi

1192 6023 1366 6091 perducebat,
1380 6023 1443 6093 quia
1457 6024 1570 6092 gratiam
1588 6022 1678 6091 templi
1691 6022 1800 6093 botuuini
1820 6023 1981 6091 saluatoris,
